3728 5940
72 167 128 229 aaa
810 168 989 232 tristata.
1667 191 1721 250 345

70 295 164 368 sopite
186 291 354 355 discrimina,
378 292 529 362 provocetis
545 292 725 360 adversarios,
742 301 870 364 patronos
887 313 910 389 Α
928 298 1022 367 placet,
1047 299 1157 359 dillicile
1180 304 1382 378 adimplebitur,
1407 313 1555 382 praesertim
1578 329 1641 371 cnm
1668 332 1721 373 non

72 383 224 440 ostenditis.
240 380 346 450 Ubique
365 381 438 452 nputt
453 395 500 436 vos
524 381 695 449 pretatione
721 382 869 455 voluntes3
927 390 960 444 sit
996 391 1073 463 copia
1102 409 1278 460 personarum
1310 413 1371 467 000
1406 414 1466 455 0000
1494 403 1609 459 solebat.
1633 405 1721 477 Siqut.

73 480 163 528 totum
178 484 227 542 pro
248 468 374 538 irnperio,
392 467 457 523 nibil
471 484 504 524 ex
520 469 614 526 timore
629 471 687 526 Dei.
703 470 754 541 Qui
770 472 804 527 de
819 487 870 528 vo·
927 479 990 534 dem
1009 488 1105 550 praeter
1124 482 1187 537 illos
1202 484 1248 555 qui
1272 483 1339 550 bini,
1363 494 1408 541 aut
1432 491 1500 544 terni
1526 491 1576 563 [at.
1601 494 1672 567 trini]
1688 494 1722 549 ad

73 560 117 615 bis
144 558 310 615 conrident
334 556 447 621 inimici,
470 573 524 612 noa
545 569 747 629 conqueruntur
771 559 870 617 amicit
925 567 1033 623 divema
1048 570 1176 624 destinati
1192 580 1253 625 suat
1268 573 1345 638 loca;
1374 576 1473 634 triaex
1496 579 1536 634 eis
1565 596 1636 636 nova
1659 599 1720 639 mo.

72 649 220 718 Quomodo
234 645 387 703 devestistis
402 645 545 710 bominem.
558 662 612 703 non
628 647 688 703 dico
702 647 804 717 judicio
817 663 871 704 nott
924 656 1051 723 hasteria,
1068 673 1100 712 ex
1114 673 1168 727 000
1182 674 1197 712 a
1210 660 1290 714 vobis
1312 662 1497 731 discessimus,
1525 667 1631 739 integre
1646 670 1721 725 ordi·

72 739 239 803 convictum,
256 735 306 792 sed
319 749 367 790 nec
383 736 467 791 uerbo
480 737 667 792 conventum?
682 735 804 805 Quantos
819 739 870 794 hoc
923 751 985 798 nata
1000 754 1062 800 sunt
1075 746 1151 815 (484)
1168 765 1174 811 ;
1190 755 1217 803 04
1239 748 1327 805 adbuc
1347 762 1447 807 restant
1463 753 1514 809 alia
1541 757 1660 824 proxime
1674 771 1719 812 or·

71 828 186 885 verbum
210 823 424 880 scandalizabit?
448 832 513 895 quot
528 840 575 880 ora
589 825 623 878 ad
639 825 869 890 subsannandum,
925 831 1054 888 dicanda.
1070 832 1202 889 Curemus
1213 845 1303 891 tamen
1314 837 1505 910 undecumque
1516 858 1637 909 evocare,
1652 861 1721 916 qnos

71 923 143 988 quot
156 914 239 971 corda
249 913 282 968 ad
297 913 512 968 succensendum
527 913 667 969 movebit?
681 915 757 970 liano
772 913 871 984 putatis
923 922 1000 976 vobis
1015 921 1148 976 mittamus
1160 942 1167 989 ς
1179 924 1321 994 cupientes
1332 942 1380 995 per
1394 929 1484 984 omnia
1498 933 1595 988 vestris
1609 933 1720 989 obedire

71 1004 190 1078 periisse
202 1001 332 1072 justitiam
342 1001 376 1056 de
387 1008 442 1056 toto
457 1003 533 1065 orbe,
549 1001 619 1056 sicut
627 1002 661 1056 de
670 1014 761 1058 vestro
775 1003 869 1071 corde,
924 1008 1058 1062 mandatis
1073 1011 1160 1080 (488).

71 1105 105 1152 04
118 1095 202 1150 homo
221 1094 260 1147 sic
279 1091 399 1146 ablatum
414 1092 511 1162 perdat
525 1091 797 1147 archidiaconatum?
816 1091 870 1148 Sed

72 1197 125 1239 vos
139 1180 253 1237 forsitan
267 1179 330 1251 plus
343 1178 439 1233 amatis
463 1179 584 1243 reddere,
601 1188 628 1234 et
648 1179 772 1249 perdere,
789 1196 870 1250 quam

1101 1142 1264 1200 aetsrott
1284 1145 1430 1202 ccxxxv
1444 1147 1531 1217 (tasi.

73 1270 193 1346 ‘mnam
212 1271 246 1325 de
260 1266 391 1325 beneficio
407 1267 534 1323 petinere·
554 1268 652 1332 (0000),
668 1283 771 1340 qum
789 1268 871 1323 ΗΘΜ,
923 1263 960 1303 tto
971 1261 1723 1332 eusrtcmnnoccursionesvtaaarraassnts(tec).

72 1359 165 1416 iacere
178 1358 248 1413 hauc
262 1371 318 1411 rem
333 1375 340 1410 ε
354 1369 436 1426 quam
459 1355 504 1426 004
518 1355 661 1423 audierint,
678 1371 772 1411 omues
787 1357 869 1411 mira-

73 1448 186 1511 buntur,
204 1459 283 1500 nemo
298 1443 426 1500 laudabit.
440 1442 505 1500 llaec
527 1443 606 1499 vobis
619 1442 772 1500 mordacius
786 1445 869 1500 auda-

72 1535 188 1607 ciusque
206 1548 287 1605 quarn
309 1531 415 1589 velletis
438 1532 540 1600 audire,
560 1531 681 1603 scripsi:
700 1534 748 1588 sed
763 1549 817 1588 aon
832 1533 866 1588 ad

72 1621 361 1694 insipientiumque,
377 1620 399 1676 ai
408 1621 513 1677 velletis
522 1621 673 1692 corrigere.

202 1735 284 1795 118
305 1734 470 1792 uetstoua
491 1736 650 1793 ccxxxttt
664 1737 752 1809 (484).

215 1841 252 1881 ao
271 1839 420 1880 conatnmt
435 1838 532 1879 arcent
546 1839 730 1884 nouauottutt.

76 1916 276 1974 deserentium
290 1914 369 1971 Sedis
394 1913 552 1984 apostatica
574 1912 665 1970 eidem
683 1915 871 1970 commendat.

926 1339 1075 1404 Hortatur,
1091 1342 1123 1393 ut
1143 1356 1249 1396 raetaar
1263 1345 1359 1398 etatis
1374 1360 1443 1408 sue.
1459 1351 1487 1401 et
1508 1348 1609 1404 martis
1625 1352 1720 1405 immi-

961 1410 1065 1476 neatis,
1090 1409 1231 1481 divinique
1248 1412 1366 1481 Judicii,
1382 1418 1541 1489 resipiscat,
1559 1435 1610 1475 aec
1624 1423 1719 1491 pratris

963 1478 1145 1536 adulatorum
1160 1483 1285 1538 emisitiis
1299 1488 1409 1555 pareat.

963 1591 1025 1646 Viro
1042 1591 1137 1647 illustri
1152 1594 1321 1663 liusrttcttto,
1337 1597 1420 1653 irater
1436 1601 1614 1658 Barcanous.

892 1714 915 1790 B
967 1683 992 1733 4.
1010 1678 1129 1735 Salutem
1145 1681 1202 1747 tibi,
1219 1683 1259 1739 vir
1279 1684 1468 1754 illustrissime,
1484 1689 1536 1745 etsi
1550 1705 1605 1746 000
1620 1693 1721 1761 scribo,

929 1776 994 1836 opto
1024 1776 1120 1825 tamen.
1143 1768 1245 1840 Optare
1266 1774 1328 1842 quis
1356 1776 1504 1845 prohibet?
1527 1777 1644 1835 dilectui
1672 1797 1723 1836 nec

926 1854 1001 1928 leges
1016 1856 1161 1925 imperant,
1178 1874 1227 1914 acc
1242 1859 1567 1931 principesdomiaantut.
1579 1867 1659 1922 Liber
1673 1878 1724 1937 est,

926 1955 953 2000 et
968 1944 1083 2001 maritae
1097 1946 1121 2001 si
1135 1947 1231 2016 spiritu
1248 1948 1357 2005 ducitur
1373 1969 1380 2006 :
1397 1952 1460 2020 quia
1477 1954 1523 2008 abt
1538 1954 1650 2024 spiritus
1665 1956 1722 2012 Do·

112 2030 221 2103 Scripta
234 2037 325 2088 vestra
346 2036 374 2085 et
395 2025 574 2084 004040ῑί0000
588 2035 645 2082 tem
659 2028 772 2085 devotus
786 2031 873 2087 susci·
926 2032 1002 2100 mitti,
1019 2033 1060 2089 ibi
1084 2034 1195 2091 libertas
1211 2036 1252 2105 (44
1267 2039 1329 2094 dor.
1348 2054 1393 2104 ιιι,
1420 2041 1475 2111 44).
1499 2041 1565 2098 Inde
1589 2049 1633 2099 est
1657 2059 1723 2100 saue

73 2118 135 2194 pio,
150 2134 232 2192 quam
256 2116 378 2174 modicus
400 2133 459 2172 sum
483 2117 516 2169 ad
543 2115 600 2172 illa.
622 2117 743 2173 bludicus
758 2116 873 2176 dixerim
926 2137 1010 2176 ausus
1028 2122 1079 2177 iste
1099 2139 1175 2179 meus
1200 2124 1233 2179 de
1259 2127 1393 2195 prasenti,
1410 2144 1465 2198 000
1480 2130 1515 2184 ad
1530 2137 1603 2185 tuam
1618 2133 1724 2202 blegni-

75 2206 219 2281 dignitate
243 2206 291 2261 sed
314 2221 370 2262 non
393 2205 549 2262 devotione.
576 2204 759 2272 Querimoniae
791 2207 873 2282 Regis
927 2209 1046 2264 tudinem
1058 2226 1192 2278 praesumo
1208 2214 1338 2281 scribere,
1354 2224 1480 2288 tanquam
1495 2217 1594 2289 aliquis
1607 2234 1722 2290 magnus

75 2303 179 2353 nostrae
191 2302 255 2349 sunt
268 2295 355 2367 (483),
372 2301 399 2350 04
415 2293 528 2348 maxime
554 2291 610 2359 4440,
627 2309 706 2364 quam
730 2294 874 2366 dignanter
926 2295 1022 2362 fateor,
1038 2315 1089 2354 nec
1108 2300 1203 2366 jussus
1223 2317 1240 2354 a
1259 2310 1293 2365 te.
1308 2319 1357 2358 nec
1377 2315 1487 2376 rogatus
1510 2322 1561 2362 nec
1583 2307 1720 2364 inuitatus.

75 2382 231 2456 exprimitis
241 2383 274 2438 de
288 2382 424 2438 invasione
436 2381 784 2452 imperiiliepisdedecns,
795 2385 871 2458 regni
927 2383 980 2439 Sed
995 2385 1061 2456 quid
1076 2385 1100 2440 si
1115 2387 1234 2442 charitas
1245 2389 1346 2457 jubet‘l
1360 2388 1438 2445 Alius
1453 2391 1529 2448 aliter
1543 2392 1667 2450 fortassis
1677 2411 1722 2452 ac-

74 2471 284 2529 diminutionem
305 2486 444 2542 nunquam
459 2469 532 2527 volui
549 2484 555 2521 ε
570 2471 695 2528 volentes
713 2472 770 2530 odit
784 2475 873 2530 anima
926 2472 1007 2542 cipiat
1024 2491 1030 2525 :
1046 2489 1097 2546 ego
1112 2475 1200 2530 uirum
1219 2476 1349 2544 nobilem,
1364 2479 1477 2548 quadiu
1490 2497 1535 2536 me
1550 2489 1602 2548 est,
1619 2483 1645 2537 ia
1656 2500 1723 2540 vera

73 2577 147 2617 mea.
162 2559 241 2632 Legit
256 2559 358 2631 quippe
377 2573 382 2609 τ
402 2559 498 2616 Omnis
513 2560 610 2617 anima
625 2560 808 2632 potestatibus
823 2578 872 2618 su·
925 2560 1055 2616 charitate
1073 2562 1182 2618 decrevi
1203 2564 1246 2618 his
1266 2564 1364 2621 litteris
1379 2583 1436 2621 suae
1451 2568 1536 2638 ipsius
1550 2584 1722 2628 commonere

73 2649 253 2708 blimioribus
268 2647 379 2703 subdita
397 2650 436 2703 sit
451 2667 461 2703 .·
475 2655 511 2716 et,
530 2649 585 2716 Qui
596 2651 734 2720 potestati
749 2651 871 2716 resistit,
925 2649 1028 2714 salutis,
1044 2651 1161 2706 excitare
1176 2667 1193 2706 a
1207 2668 1313 2719 0οι000,
1339 2670 1467 2710 revocare
1482 2657 1516 2712 ad
1541 2674 1599 2724 cor,
1628 2674 1723 2728 provo·

73 2737 125 2794 aet
138 2725 310 2793 ordiattiaai
323 2736 430 2792 resistit
445 2737 536 2806 (dora.
548 2751 612 2799 ttttt,
630 2739 655 2806 4,
672 2735 713 2808 4).
729 2735 817 2804 Quatu
832 2745 871 2792 ta·
924 2750 986 2792 care
1000 2738 1033 2791 ad
1052 2739 1178 2810 gratiam.
1194 2737 1260 2808 Quis
1280 2741 1330 2798 scit
1348 2742 1373 2798 si
1400 2751 1574 2801 convertatur
1589 2755 1616 2800 et
1642 2746 1723 2819 igno·

72 2839 138 2880 men
161 2823 322 2878 sententiam
345 2823 426 2895 cupio
442 2838 501 2889 vos,
527 2830 553 2878 et
577 2823 742 2878 omnimodis
770 2838 869 2881 moneo
925 2831 984 2879 scat
998 2825 1080 2897 Deus,
1098 2834 1125 2882 et
1138 2828 1272 2902 relinquat
1285 2838 1347 2900 post
1365 2846 1393 2886 se
1408 2831 1651 2889 benedictionem?
1666 2834 1723 2892 lmo

71 2911 218 2978 custodire,
235 2911 264 2967 in
287 2910 600 2967 exbibendarevereatia
617 2922 869 2984 summaeetapos·
928 2911 1013 2970 119
1036 2915 1132 2983 nescit,
1161 2933 1229 2988 quas
1258 2926 1284 2973 ct
1309 2928 1424 2990 quantas
1450 2920 1505 2987 jam
1527 2920 1634 2978 divitias
1667 2939 1723 2979 suae

73 3001 163 3059 tolicsc
176 3001 250 3066 Sedi,
264 3009 290 3057 et
303 3001 375 3057 beati
390 3000 462 3058 Petri
477 3000 583 3058 Vinaria
599 3000 684 3071 (484),
700 3001 769 3058 sicut
780 3002 869 3074 ipsam
885 3000 907 3080 c
922 3002 1053 3058 bonitatis
1072 3015 1099 3059 et
1122 3005 1332 3077 longanimitatis
1356 3008 1543 3063 thesaurizavit
1563 3026 1723 3079 supereum

70 3089 154 3148 vobis
166 3089 250 3146 vultis
265 3089 298 3145 ab
318 3089 447 3146 universo
463 3089 561 3146 servari
577 3089 701 3160 imperio.
718 3091 785 3146 Sunt
805 3107 868 3162 quae

71 3194 128 3237 non
152 3179 248 3252 putari
262 3178 403 3235 scribenda
418 3196 425 3234 :
443 3193 562 3250 praesens
582 3193 615 3233 ea
630 3176 752 3235 fortassis
771 3194 872 3253 oppor-

72 3269 167 3325 tunius
180 3266 341 3323 intimarem.

245 3352 414 3411 uttstobh
432 3353 594 3410 CLXXXIV
613 3355 700 3427 (466).

214 3458 251 3501 aa
269 3458 398 3501 notamus
415 3457 506 3499 stetu
526 3458 729 3501 muocaurtutt.

74 3537 137 3595 ileu
150 3550 230 3610 posse
243 3536 322 3592 mitti
334 3550 404 3606 quos
418 3535 555 3603 Poetisea
566 3535 690 3605 petierat
705 3535 868 3591 monachos.

110 3626 231 3681 Fratrem
258 3623 395 3678 andream
423 3622 498 3693 (486)
524 3621 613 3676 laetum
650 3621 869 3694 incolumemque

73 3715 246 3788 suscepimus
259 3711 309 3785 [al.
334 3710 500 3783 recipimus1,
517 3719 544 3766 et
567 3709 628 3765 laetn
644 3711 817 3767 muntiantem
834 3712 869 3768 de

71 3811 164 3861 vestra
177 3799 361 3858 incolumitate
381 3806 409 3855 et
428 3799 525 3870 gloria,
540 3797 575 3853 de
594 3813 659 3869 pace
683 3807 710 3855 et
733 3800 869 3870 prosperi·

71 3900 126 3948 tate
144 3889 285 3956 Ecclesiae,
308 3889 342 3944 de
364 3888 446 3944 curiae
464 3896 537 3943 statu
559 3885 672 3942 llorente
700 3896 726 3943 et
747 3886 863 3955 valente,

69 3989 212 4055 postremo
227 3979 261 4035 de
275 3978 361 4052 gratia
375 3986 402 4033 et
416 3976 613 4042 benevolentia,
629 3992 690 4048 quae
702 3976 781 4033 uobis
796 3979 867 4049 apud

69 4085 121 4130 vos
135 4075 300 4140 perseverat.
315 4068 387 4124 Bene
410 4081 458 4121 sua
473 4064 660 4122 misericordia
674 4067 748 4122 Deus
769 4065 868 4137 digna·

67 4167 115 4216 tus
133 4165 175 4214 est
192 4155 281 4213 lacere
309 4155 469 4219 nobiscum;
497 4153 574 4209 lactis
603 4169 699 4210 sumus
729 4154 863 4212 letantes.

927 3091 1083 3148 misericors
1098 3097 1124 3150 et
1142 3093 1283 3149 miserator
1302 3093 1459 3150 Dominus?
1472 3095 1594 3167 Denique
1608 3098 1723 3154 misere-

926 3187 979 3249 tur,
998 3180 1093 3251 parcit,
1115 3189 1263 3254 exspectat,
1285 3182 1494 3255 dissimulatque
1515 3200 1602 3257 usquc
1622 3187 1720 3253 adhuc,

926 3267 1014 3325 lactus
1028 3269 1098 3325 sicut
1112 3271 1193 3326 homo
1219 3286 1272 3326 nott
1299 3271 1422 3341 audiens,
1442 3282 1470 3330 ct
1494 3288 1547 3329 noa
1570 3275 1674 3330 habens
1695 3274 1721 3330 iu

925 3370 972 3414 ore
1001 3372 1050 3414 suo
1079 3358 1293 3435 redargutiones,
1335 3360 1446 3417 tardans
1484 3361 1575 3429 terite,
1615 3372 1722 3433 paratus

926 3444 1078 3517 ignoscere.
1098 3448 1151 3504 Sed
1168 3456 1205 3513 tu,
1222 3447 1340 3514 domine,
1363 3452 1529 3521 000000004
1544 3451 1583 3506 40
1598 3451 1719 3525 inquam,

924 3534 1025 3590 ohone
1047 3535 1098 3600 vir,
1123 3552 1263 3608 quousque
1286 3536 1462 3593 dissimulas?
1485 3555 1627 3612 quousque
1653 3555 1721 3596 con·

925 3622 1044 3675 temnis?
1063 3622 1165 3679 Durum
1181 3623 1229 3678 tibi
1255 3637 1297 3679 est
1311 3634 1405 3681 contra
1419 3626 1559 3681 stimulum
1578 3628 1720 3684 calcitrare

924 3712 994 3779 (404.
1011 3727 1052 3773 ιιι,
1074 3712 1113 3782 6).
1139 3712 1180 3766 hrt
1205 3712 1312 3786 ignoras
1334 3713 1398 3783 quia
1428 3714 1581 3786 benignitas
1609 3716 1659 3772 uei
1686 3717 1722 3771 ad

923 3799 1106 3868 poenitentiam
1127 3809 1153 3854 te
1167 3800 1298 3855 adducit?
1312 3799 1438 3868 Quandiu
1460 3810 1550 3858 autem
1574 3812 1602 3858 tu
1618 3821 1720 3861 secun-

923 3888 987 3942 dum
1008 3887 1137 3943 duritiam
1151 3897 1222 3944 tuam
1246 3898 1273 3944 ct
1289 3905 1339 3944 cor
1361 3889 1542 3961 impoenitens,
1558 3893 1721 3951 thesaurizes

924 3975 973 4030 tibi
989 3978 1057 4032 iram
1071 3976 1099 4031 in
1115 3977 1158 4031 die
1175 3977 1241 4031 irai
1258 3977 1346 4046 (Rara.
1363 3993 1393 4043 ιι,
1410 3980 1436 4047 4,
1448 3978 1489 4048 ὅ.)

959 4068 986 4120 4.
1000 4065 1044 4120 An
1061 4080 1115 4120 nun
1138 4066 1285 4121 meandum
1309 4065 1436 4120 duritiam
1459 4067 1579 4138 quidem,
1600 4070 1649 4124 sed
1671 4086 1720 4127 se·

924 4154 1041 4210 cundum
1056 4155 1244 4211 verecundiam
1257 4156 1271 4210 4
1285 4154 1357 4224 Quid
1381 4154 1464 4210 relert
1477 4157 1629 4212 secundum
1655 4157 1721 4230 qnid

69 4247 174 4304 Verum
201 4244 274 4319 quod
298 4243 375 4303 vobis
393 4245 426 4300 de
447 4242 587 4300 mittendis
610 4242 646 4298 ad
671 4258 721 4299 vos
740 4242 869 4299 iratribus
926 4243 1042 4315 percas?
1056 4241 1079 4299 0
1093 4244 1253 4301 verecundia
1266 4258 1361 4315 expers
1382 4243 1505 4314 rationis,
1521 4242 1631 4302 inimica
1644 4246 1719 4303 salu·

108 4417 175 4486 (484
202 4412 307 4484 Scripta
321 4426 391 4468 auno
405 4410 504 4467 Christi
522 4412 601 4470 4439.

108 4487 175 4558 (483
200 4484 307 4541 Scilicet
320 4483 481 4557 querebatur
500 4482 641 4545 conradus
659 4485 731 4555 quod
747 4483 866 4540 Bernar-

69 4558 124 4613 dus
140 4557 265 4614 Lothario
279 4555 389 4610 lavisset
402 4563 495 4609 contra
509 4553 609 4625 ipsum.

105 4628 184 4700 (484)
199 4627 245 4683 Sic
257 4625 373 4683 vicarias
388 4625 459 4681 Petri
481 4625 579 4680 dicitur
603 4641 725 4682 summus
746 4626 866 4708 pontifex

67 4698 97 4755 in
111 4700 229 4768 epistola
243 4698 326 4752 modo
336 4699 399 4752 346.
414 4695 538 4751 vicarius
552 4696 622 4750 Petri
636 4704 663 4752 et
678 4698 753 4752 Pault
767 4697 795 4751 in
809 4698 866 4767 epi-

67 4771 143 4826 stola
162 4772 226 4827 443.
242 4767 342 4823 Coaler
365 4767 506 4839 epistotam
529 4766 662 4837 Gorgonis
680 4767 724 4824 hic
737 4768 764 4822 itt
793 4779 866 4823 tomo

64 4850 157 4908 sexto,
176 4847 204 4896 ct
218 4848 298 4897 notas
317 4840 367 4894 bac
381 4839 415 4894 de
432 4854 460 4893 re
476 4848 581 4893 nostras
596 4837 623 4892 in
639 4838 735 4893 Saecutt
751 4838 864 4895 secundi

64 4921 146 4984 parte
159 4912 256 4982 prima,
272 4927 336 4984 pag.
352 4912 414 4965 364.
428 4909 580 4965 bernardus
595 4919 685 4964 tamen
700 4909 798 4981 Papam
813 4925 865 4965 vo-

62 4992 110 5041 cat
125 4983 261 5038 vicarium
275 4980 373 5037 Christi
398 4981 425 5035 in
440 4981 555 5052 epistola
577 4981 621 5048 44,
639 4995 664 5033 a.
691 4982 735 5046 34,
751 4979 779 5034 40
803 4981 864 5049 004-

62 5055 137 5112 stola
151 5056 215 5120 464,
235 5070 264 5108 0.
283 5052 309 5122 4,
329 5057 355 5106 04
370 5051 397 5105 40
408 5049 461 5107 fine
476 5051 533 5107 libri
548 5050 636 5123 quarti
652 5052 691 5107 De
705 5050 865 5106 considera·

60 5126 150 5182 tione.
165 5122 265 5180 Conler
291 5125 389 5178 tibrum
404 5127 553 5179 secuudum
570 5124 608 5175 De
632 5120 863 5188 consideratione,

60 5212 93 5254 ιι.
112 5198 159 5250 ts.
178 5196 243 5251 lesu
258 5193 358 5250 Christi
382 5194 535 5249 vicariusa
557 5193 657 5249 Jacobo
680 5191 815 5248 cardinale
835 5193 864 5248 in

61 5266 181 5343 epistola
196 5268 259 5331 446,
275 5265 309 5320 06
329 5265 491 5322 Ludovicnm
502 5263 720 5320 lunioretninter
733 5263 865 5320 chesnia-

61 5337 384 5479 mittnbppggiitputis'annu
398 5406 499 5464 Christi
514 5406 594 5459 4440.
616 5476 621 5488 ⁸
840 5478 845 5488 Ι

113 5483 167 5542 tto
192 5482 236 5538 aa
253 5478 379 5536 audreas
401 5478 481 5535 irater
495 5475 634 5542 liemardt,
649 5479 801 5535 monachus
817 5476 863 5535 Ct-

923 4410 1086 4478 eminiensis,
1104 4427 1138 4467 ex
1152 4410 1221 4467 libro
1236 4410 1323 4481 primo
1341 4409 1375 4466 de
1385 4410 1467 4481 huius
1482 4411 1551 4478 Vita,
1568 4428 1596 4468 n.
1613 4415 1671 4470 404
1685 4430 1720 4469 an

920 4483 1005 4548 idem,
1021 4483 1055 4537 de
1069 4497 1123 4564 quo
1138 4483 1163 4536 in
1179 4481 1293 4552 epistola
1311 4482 1386 4537 4464
1402 4490 1448 4538 004
1467 4482 1590 4539 Andreas
1604 4484 1637 4539 de
1653 4485 1717 4539 4604-

923 4555 1059 4617 demento,
1077 4570 1103 4606 ιιι
1118 4553 1229 4625 epistola
1245 4553 1320 4608 4464

957 4626 1033 4691 (484)
1049 4623 1178 4679 Videlicet
1192 4622 1348 4679 benedictio
1365 4622 1414 4678 Dei
1430 4624 1456 4676 in
1473 4624 1583 4680 ‹tioecesi
1603 4625 1716 4698 Lugdu·

921 4696 1009 4761 aeusi,
1032 4696 1065 4751 de
1088 4710 1144 4765 000
1171 4710 1253 4765 supra
1281 4694 1395 4775 epistola
1420 4696 1499 4765 443;
1529 4695 1665 4762 Dnneuse,
1691 4705 1718 4752 et

922 4766 1173 4822 Claro-lterisceuse
1188 4766 1214 4820 itt
1230 4766 1334 4837 Belgio.

957 4837 1029 4907 (486)
1044 4836 1158 4892 Volebat
1172 4837 1306 4909 siquidem
1321 4835 1441 4892 Pontiler
1454 4833 1647 4891 Cistercienses
1660 4836 1717 4892 lto·

920 4924 970 4963 mae
986 4908 1118 4964 collocare
1140 4908 1167 4961 in
1182 4907 1294 4964 ecclesia
1321 4905 1562 4962 Sancti-Anastasii
1578 4905 1611 4960 ad
1625 4909 1716 4979 40000

919 4979 1022 5035 Salvias
1038 4996 1044 5035 :
1059 4980 1104 5050 004
1115 4979 1248 5034 coloniam
1262 4979 1376 5033 alteram
1391 4977 1474 5032 altero
1486 4977 1622 5034 Bernardo
1632 4979 1713 5044 duce,

919 5051 965 5120 004
979 5058 1073 5123 postea
1088 5051 1225 5119 Eugenius
1245 5050 1290 5111 444,
1307 5052 1340 5103 04
1356 5048 1511 5103 sartensem
1525 5049 1650 5105 abbatem
1673 5050 1715 5104 di-

919 5131 1020 5176 rectam
1044 5129 1195 5188 occupavit,
1220 5122 1292 5175 etad
1316 5117 1533 5189 Aquas-Salvias
1558 5121 1646 5191 posuit
1660 5137 1716 5176 ana

919 5207 954 5247 no
969 5194 1048 5258 4440,
1059 5209 1092 5248 ex
1108 5192 1178 5247 libro
1195 5191 1270 5246 tertio
1287 5190 1363 5255 Vitae,
1376 5192 1459 5245 043.
1476 5192 1543 5248 Vide
1559 5192 1602 5248 hic
1615 5192 1716 5263 episto·

918 5264 958 5318 las
974 5265 1024 5317 stt
1041 5274 1065 5319 et
1082 5266 1144 5318 stu.

953 5334 1017 5403 (489
1049 5333 1153 5403 Scripta
1167 5347 1236 5386 anno
1251 5331 1349 5386 Christi
1365 5335 1444 5387 4438.

951 5407 1013 5473 (teo
1037 5403 1131 5460 Galliae
1155 5401 1257 5461 scilicet
1270 5404 1453 5460 Narbonensis
1470 5424 1476 5460 :
1492 5405 1544 5462 aha
1559 5422 1655 5478 nempe
1670 5412 1713 5463 est

917 5475 1099 5549 iuliispaaia.
