3728 5940
55 218 101 291 ,te
698 220 1082 285 remandaremus.
1682 198 1718 286 so

64 344 285 416 qoadngeeime,
299 354 328 403 et
339 347 520 420 subsequens,
534 364 596 406 curn
610 347 698 422 capite
711 358 788 407 sexto
799 348 861 407 libri
875 349 946 407 tertii
960 350 994 405 de
1013 350 1075 407 Vita
1089 349 1218 408 bernardi
1237 358 1348 408 auctore
1372 348 1515 416 Gauirido,
1538 365 1600 423 que
1623 340 1715 407 omnis

63 449 96 489 ea
110 432 172 489 aliis
186 435 373 492 monumentis
385 436 518 494 illustrare
528 439 616 509 juvet.

97 523 200 579 LXIX.
217 524 359 591 Heorieus,
373 541 455 597 quem
470 526 509 581 air
523 536 632 585 sauctus
649 548 661 582 r
681 529 843 585 monachum
859 536 1019 600 apostatam,
1034 546 1047 578 a
1063 536 1160 598 etpost
1175 543 1235 584 eum
1250 526 1398 585 (laufridus
1412 527 1541 600 appellat,
1566 551 1579 579 ι
1596 528 1715 600 psendo-

61 611 174 667 eremita
190 632 205 665 s
222 624 333 669 tumtur
347 612 460 670 indetis
479 615 672 688 episcoporum
695 617 968 686 cenomannensium,
993 623 1068 672 torno
1092 616 1170 671 tertio
1194 615 1396 686 Analectoruru,
1425 616 1472 671 ubi
1493 616 1554 686 ejus
1576 632 1667 673 mores
1689 625 1717 673 et

61 701 182 772 perversi
195 710 273 756 actus
285 710 412 758 accurate
427 705 629 763 describuntur.
643 704 703 773 Quo
716 722 748 761 ex
765 706 824 762 loco
839 712 916 762 ortus
930 705 973 775 sit,
989 720 1042 761 non
1058 704 1123 761 satis
1137 704 1257 761 iudicent
1272 706 1330 760 haec
1345 704 1447 760 verba:
1467 726 1478 755 r
1494 706 1546 760 Per
1565 704 1636 760 idem
1660 705 1716 761 iere

60 796 205 860 ternpus·
221 805 320 860 nernps
334 791 385 846 snb
403 791 557 849 Hildeberto
576 796 715 866 episeopo,
733 816 745 845 r
765 797 791 851 iu
807 793 986 865 adjacentium
1002 792 1103 849 linibus
1127 794 1268 865 regionum
1293 793 1410 850 surrexit
1432 793 1539 865 quidam
1563 795 1714 867 hypocrite,

58 893 139 949 quern
158 877 271 950 propria
284 880 364 950 ectio,
379 895 469 936 mores
482 883 615 953 perversi,
629 884 719 956 dogne
735 882 897 940 detestabile
915 882 1104 952 scorpionibus
1121 890 1148 937 et
1170 882 1374 953 parricidalibus
1398 880 1507 955 dignum
1531 888 1715 954 protestantur

59 966 214 1037 suppliciis.
232 987 243 1016 r
260 967 287 1022 le
301 969 352 1023 eub
366 968 496 1025 ementito
513 991 525 1021 a
542 971 689 1028 sanctitatis
703 982 728 1027 et
742 971 861 1026 scientiae
877 993 889 1020 a
905 969 1013 1026 nomine
1028 970 1117 1041 turpia
1131 969 1232 1043 llagitia
1252 985 1391 1035 exercens,
1417 969 1537 1025 omniurn
1561 971 1713 1026 mortalium

61 1077 71 1104 ι
87 1070 233 1121 excessus,
247 1061 354 1112 ceteris
368 1057 531 1130 incognitae,
549 1080 561 1108 s
577 1076 610 1115 ex
626 1060 684 1116 solo
698 1068 808 1131 espeetn
824 1075 854 1114 se
868 1073 1035 1131 cognoscere
1046 1059 1198 1126 jactitabat.
1214 1059 1287 1114 blissi
1306 1059 1338 1114 ad
1363 1059 1553 1115 Cenomennos
1576 1059 1630 1115 dno
1654 1059 1714 1128 ejus

59 1142 206 1214 discipuli,
224 1144 294 1200 «die
307 1143 412 1200 cineris
423 1146 554 1202 suburbia
568 1148 708 1204 civitatis·
726 1148 884 1219 attigerunt.
900 1146 1065 1204 «Gerebant
1079 1163 1111 1203 ex
1128 1147 1170 1203 sui
1190 1147 1309 1204 doctoris
1332 1147 1528 1205 consuetudine
1549 1148 1660 1204 baculos
1681 1162 1714 1205 uc

60 1231 192 1288 vexilium
206 1233 306 1301 crucis,
325 1234 416 1291 colore
430 1244 458 1290 et
473 1236 598 1292 exteriori
613 1237 822 1293 conuersatione
836 1236 958 1292 babitnm
971 1237 1169 1307 pretends-ntes
1184 1236 1383 1308 poenilentium.
1402 1255 1414 1288 a
1437 1236 1492 1294 Hac
1515 1237 1604 1306 specie
1628 1235 1714 1291 delusi

58 1319 238 1387 Cenomanni,
252 1336 326 1377 eos·
345 1328 472 1395 moenam
493 1324 605 1396 angelos
618 1335 805 1394 susoeperunt.
822 1345 835 1377 a
860 1325 973 1381 Rosdern
991 1325 1068 1381 etiarn
1087 1346 1099 1376 ι
1117 1325 1238 1380 blande»
1255 1327 1358 1395 excepit
1373 1325 1544 1380 Hildebertus
1557 1325 1714 1397 epiecopus,

60 1409 101 1480 qui
120 1426 134 1461 r
154 1409 307 1465 Romanum
322 1412 373 1466 iter
389 1430 401 1460 ι
418 1412 713 1485 aggressurae„tinter
726 1420 823 1469 castere
836 1413 893 1489 suis
906 1413 1026 1484 injunxit
1040 1411 1246 1482 archidiaconis,
1263 1422 1291 1468 ut
1306 1412 1344 1467 illi
1360 1414 1585 1483 pseudoeremitae
1596 1413 1713 1469 Heorico

60 1496 205 1568 pacificum
216 1497 369 1570 ingressum
382 1509 409 1555 et
424 1499 557 1556 licentiam
581 1501 777 1558 sermocinandi
801 1504 834 1555 ad
858 1503 984 1574 pupulum
1010 1502 1213 1572 permitterent:
1234 1522 1244 1550 ι
1270 1504 1348 1571 eujus
1373 1501 1411 1558 rei
1433 1501 1601 1572 postmodnm
1626 1502 1712 1571 ipsum

62 1585 169 1643 abunde
182 1586 320 1657 paenituit.
335 1588 377 1643 Ex
392 1588 436 1643 bis
449 1587 516 1644 lorte
528 1589 590 1661 quis
603 1589 710 1656 inierat,
726 1590 872 1646 Henricum
887 1587 972 1644 luisse
986 1596 1075 1645 ortum
1088 1605 1120 1643 ex
1136 1588 1257 1660 proxima
1272 1588 1453 1645 cenomannis
1467 1588 1591 1661 regione,
1613 1587 1712 1661 umbus

62 1673 176 1743 primum
191 1691 249 1731 suae
264 1692 396 1744 pertersoe
409 1677 540 1733 doctrines
555 1678 628 1735 viros
642 1677 804 1752 propinavit.
818 1677 847 1733 Si
861 1679 933 1733 enim
945 1679 1001 1747 jam
1016 1678 1122 1732 aliunde
1138 1685 1218 1733 notus
1230 1677 1335 1745 luisset,
1352 1692 1414 1732 cunr
1429 1676 1456 1731 in
1480 1692 1556 1731 suam
1579 1675 1712 1731 civitatem

63 1777 111 1816 noo
126 1769 184 1817 mm
201 1762 283 1819 lecile
297 1765 449 1821 admisisset
463 1765 636 1824 Hildebertus
649 1769 762 1824 antistes
776 1768 872 1823 doctus
885 1776 912 1823 st
927 1767 1060 1823 oculatus.
1076 1767 1177 1822 Vemm
1191 1779 1223 1821 er
1238 1764 1387 1838 longinque
1410 1765 1521 1837 regione
1540 1764 1612 1821 istuc
1631 1779 1711 1821 aeec-

63 1849 122 1908 dere
138 1851 238 1923 potnit,
253 1861 280 1908 et
293 1850 407 1910 sortasse
421 1870 454 1909 ex
471 1854 555 1922 ltalia,
572 1866 601 1912 ut
616 1865 709 1928 postea
723 1855 820 1911 dicturi
834 1871 937 1912 eunus.

94 1939 184 1996 LXX.
199 1939 315 1997 Heorico
330 1941 466 1999 civitatem
482 1942 649 2016 ingresso,a
672 1945 773 2018 vulgus
797 1942 877 2000 solito
904 1958 980 2000 more
1007 1941 1142 2015 applausit
1164 1942 1285 2000 novitati.
1313 1963 1325 1992 ι
1351 1941 1421 2010 Quin
1447 1941 1526 1996 etiam
1551 1959 1565 1993 s
1590 1940 1714 2012 plerique

64 2029 224 2086 clericorum
238 2030 325 2086 eidem
351 2031 479 2088 alimenta
492 2031 690 2102 ministrabant,
706 2032 876 2105 tribunalque
903 2032 1107 2105 praeparabant,
1136 2031 1208 2088 unde
1233 2032 1407 2088 concionator
1436 2030 1484 2087 ille
1514 2029 1607 2085 turbes
1643 2030 1712 2086 ello·

65 2130 199 2189 queram,
215 2137 231 2171 a
245 2119 292 2191 qni
308 2140 320 2171 ι
336 2119 433 2175 mirum
447 2121 482 2176 ad
497 2121 606 2176 modurn
621 2121 752 2177 fecundus
765 2130 832 2182 erat,
849 2140 861 2170 a
879 2121 917 2176 Eo
931 2122 1039 2188 audito,
1058 2140 1070 2171 r
1088 2120 1165 2191 plebs
1180 2120 1207 2175 in
1222 2120 1338 2176 clericos
1350 2134 1429 2175 versa
1444 2126 1486 2175 eet
1502 2119 1530 2173 iu
1553 2117 1680 2189 furorem,
1698 2138 1711 2170 ι

65 2206 228 2262 eoshabene
245 2228 257 2257 ι
272 2207 685 2280 sientetbnicoeetpublicnnes
699 2228 705 2264 :
721 2211 789 2266 adeo
804 2219 832 2265 ut
848 2228 862 2260 r
876 2208 983 2264 lemulis
1007 2224 1100 2264 eorum
1132 2207 1281 2264 minaretur
1305 2207 1451 2277 cruciatus,
1481 2224 1533 2263 nec
1553 2208 1594 2264 eie
1612 2206 1714 2281 aliquid

65 2296 195 2361 tendere,
213 2295 306 2350 veleb
321 2297 589 2354 eisemerevellent.
606 2317 619 2349 s
636 2299 695 2354 lmu
710 2318 724 2352 r
741 2314 794 2355 uon
809 2306 911 2354 tantum
924 2313 1017 2354 eornm
1033 2299 1106 2354 ades
1119 2298 1254 2363 obruere,
1270 2306 1298 2352 et
1316 2299 1383 2354 bona
1406 2296 1555 2366 dissipare,
1579 2297 1625 2352 sed
1650 2295 1713 2354 illos

11 2414 14 2423 ·
64 2381 190 2455 lapidare,
208 2392 256 2440 aut
269 2383 382 2456 ailigere
397 2385 519 2457 patibulo
531 2386 724 2456 decreverant,
740 2386 792 2443 nisi
807 2386 938 2458 princeps
958 2394 984 2442 et
998 2386 1142 2459 optimates
1157 2385 1280 2441 nefandis
1295 2385 1406 2441 ensibus
1420 2384 1592 2441 restitissent.
1610 2404 1622 2435 s

95 2471 197 2528 LXXI.
219 2472 277 2530 Hoc
291 2473 378 2529 serius
392 2474 457 2531 licet
470 2483 609 2544 comperto
622 2516 629 2542 ,
644 2476 731 2532 clerus
746 2475 976 2532 cenomannensis
991 2475 1122 2537 Heoriro,
1139 2477 1254 2547 ejusque
1278 2474 1359 2528 sociis
1389 2472 1608 2544 pradicationem
1640 2470 1714 2529 edito

64 2557 151 2615 libello
170 2560 318 2617 interdixit.
338 2560 428 2631 Quare
448 2562 598 2628 Heoricus,
620 2563 766 2619 Hildeberti
791 2563 879 2618 reditu
907 2562 1058 2627 intellecto,
1085 2583 1097 2613 r
1122 2561 1234 2618 secessit
1259 2563 1285 2616 in
1308 2569 1426 2617 castrum
1452 2560 1543 2617 Sancti
1565 2560 1712 2631 carileli,s

63 2663 232 2721 nequaquam
256 2649 290 2705 ab
317 2650 442 2721 inooeptis
451 2651 603 2718 desistens,
624 2652 672 2708 sed
687 2651 719 2706 ad
736 2654 827 2721 pejora
842 2667 1023 2723 prorumpens
1037 2650 1064 2705 in
1079 2650 1148 2706 dies.
1165 2650 1272 2706 interim
1287 2666 1348 2707 cum
1363 2649 1542 2721 Hildebertus,
1552 2651 1717 2709 exliomane
1813 2652 1818 2671 ⁶

64 2734 157 2793 itinere
172 2753 308 2808 reversus,
323 2741 422 2810 populo
434 2739 648 2796 benedictionem
663 2740 794 2810 impertiri
809 2741 903 2809 vellet,
920 2739 1030 2813 indigne
1048 2740 1155 2795 babitus
1170 2749 1212 2796 est
1234 2756 1250 2794 a
1271 2740 1387 2810 populo,
1409 2739 1531 2795 baeretici
1545 2739 1717 2795 sermonibus

64 2834 198 2898 corrupto.
215 2826 283 2882 Turn
297 2826 343 2882 ille
356 2829 526 2884 seductorem
540 2828 614 2897 adiit,
629 2827 790 2896 sciscitatus,
809 2851 822 2877 ι
837 2828 918 2899 eujus
933 2828 1035 2884 ordinis
1049 2828 1208 2901 fungeretur
1220 2827 1320 2885 allicio.
1339 2849 1350 2879 a
1373 2828 1422 2884 Hic
1435 2843 1501 2883 vero
1520 2843 1549 2883 se
1569 2827 1714 2885 diaconum

63 2928 117 2969 esse
128 2915 288 2985 respondit:
304 2915 350 2988 qui
365 2932 398 2972 ex
412 2917 460 2971 ille
475 2917 615 2989 provincie
628 2917 768 2973 discedere
780 2917 883 2987 jussus,
905 2936 918 2969 r
943 2917 1010 2973 clem
1026 2916 1144 2990 aufugit,
1167 2926 1281 2973 ceteras
1305 2917 1444 2987 regiones,
1470 2916 1522 2971 nisi
1544 2916 1618 2973 ocior
1642 2926 1716 2972 esset

65 3001 148 3072 lama,
164 3002 247 3059 simili
261 3005 343 3061 modo
357 3008 577 3076 perturbaturus,
593 3025 607 3058 a
623 3013 651 3060 et
665 3005 787 3078 viperino
801 3005 867 3061 llatu
881 3021 930 3062 sno
946 3005 1103 3062 iniecturus.
1121 3006 1259 3061 Hactenus
1273 3021 1306 3060 ex
1321 3005 1396 3061 detis
1415 3005 1572 3061 Hildeberti.

96 3091 210 3149 LXXll.
225 3092 296 3149 luter
310 3094 369 3150 baso
382 3094 436 3150 duo
451 3094 570 3159 Heorici,
585 3093 720 3165 discipuli,
740 3095 889 3166 Cyprianus
902 3101 931 3150 et
946 3095 1053 3161 Petrus,
1084 3094 1118 3149 ab
1138 3097 1198 3164 ejus
1217 3095 1360 3167 prestigiis
1375 3094 1559 3167 resipuerunt,
1574 3102 1605 3151 ut
1630 3092 1712 3148 fidem

65 3178 122 3237 lacit
137 3182 280 3253 encyclica
294 3182 443 3238 Hildeberti
458 3182 573 3253 epistola
587 3183 787 3257 septuagesima
804 3197 918 3253 octava,
935 3184 961 3238 in
976 3200 1029 3255 que
1043 3182 1079 3238 ite
1094 3196 1188 3239 eorum
1202 3184 1331 3258 magister
1346 3182 1518 3255 depingitur:
1546 3204 1558 3234 ι
1579 3182 1698 3239 Henricu

65 3267 171 3339 iserat,
187 3285 302 3342 magnus
324 3270 424 3327 diaboli
439 3271 560 3343 laqueus,
577 3279 604 3326 et
627 3272 741 3328 celebris
768 3272 888 3346 armiger
915 3271 1085 3328 Antichristi.
1101 3272 1171 3328 Huic
1198 3282 1225 3328 et
1252 3272 1343 3327 babitu
1371 3271 1542 3346 religionem,
1573 3282 1600 3326 et
1626 3269 1716 3328 verbis

65 3357 236 3415 litteraturam
252 3358 403 3431 simulanti,
424 3359 516 3416 tandiu
530 3360 680 3432 prescripti
703 3361 800 3418 iratres
828 3361 1012 3424 adhaeserunt,
1041 3361 1127 3417 donec
1155 3361 1196 3417 eis
1224 3369 1251 3416 et
1278 3361 1415 3433 turpitudo
1444 3361 1470 3415 in
1494 3360 1558 3427 vila,
1585 3370 1613 3416 et
1639 3372 1717 3416 error

66 3445 178 3505 innotuit
192 3447 222 3502 in
236 3449 367 3505 doctriua.
385 3447 437 3504 Ubi
452 3449 523 3505 enim
537 3457 722 3522 cognorerunt
735 3449 793 3506 vies
806 3449 867 3518 ejus
880 3449 936 3504 vias
952 3462 1082 3504 essenon
1101 3457 1197 3514 rectas,
1214 3448 1290 3520 prius
1304 3448 1336 3503 ad
1352 3465 1381 3504 ee
1396 3447 1497 3504 reuersi
1512 3455 1595 3519 sunt;
1617 3446 1716 3503 debinc

65 3536 158 3593 adnue
173 3537 350 3608 transierunt,
364 3538 443 3608 cujus
456 3537 597 3594 diaecesim
611 3538 651 3594 sic
664 3536 804 3604 iniecerat,
828 3545 857 3594 ut
871 3538 989 3594 renitens
1015 3537 1040 3593 ei
1067 3538 1154 3594 clerus
1183 3537 1225 3595 vix
1254 3538 1324 3594 inter
1348 3537 1465 3611 parietes
1492 3538 1613 3594 eccleeiae
1640 3551 1715 3591 stram

66 3630 177 3681 tueretur
190 3625 351 3682 libertatern.
365 3643 381 3679 ›
397 3627 436 3681 lta
449 3626 621 3684 Hildebertus
635 3628 724 3682 serina
745 3626 868 3699 agnovit,
892 3635 1020 3697 quantum
1043 3627 1155 3698 periculi
1178 3628 1318 3685 immineat
1339 3643 1373 3684 ex
1395 3629 1501 3683 incauta
1521 3624 1715 3701 approbatione

65 3728 198 3771 notorum
214 3715 358 3771 doctorum
371 3716 417 3788 qui
431 3715 483 3771 snb
496 3714 586 3782 speeie
600 3714 707 3786 pietatis
722 3717 826 3771 animos
839 3716 991 3771 auditorum
1010 3723 1196 3790 corrumpunt.

95 3803 276 3861 titatium
291 3805 436 3877 bispstet,
451 3803 595 3861 Henricum
611 3804 686 3860 illum
701 3804 784 3877 longe
801 3804 874 3875 prius
892 3804 1084 3860 cenomannos
1108 3806 1251 3874 iniecisse,
1275 3819 1357 3876 qnam
1382 3805 1415 3858 ad
1435 3812 1526 3877 partes
1548 3804 1714 3867 Tolosanas.

65 3893 131 3949 ande
141 3909 206 3948 ennt
221 3893 326 3965 expulit
338 3893 503 3961 bernardus,
518 3894 641 3950 subiret:
657 3891 758 3964 quippe
770 3908 833 3947 oum
848 3892 997 3948 Romanum
1013 3893 1074 3955 iter,
1090 3893 1161 3962 quod
1177 3892 1349 3949 Hildebertus
1367 3892 1456 3948 adbuc
1483 3892 1716 3948 cenomannensis

64 3981 207 4055 episcopus
220 3996 365 4054 aggressus
379 3991 431 4052 est,
446 3997 502 4052 quo
515 3989 637 4052 ternpore
655 3980 764 4036 inlunis
786 3980 832 4035 ille
847 3980 1029 4053 prestigiator
1042 3980 1145 4035 simnia
1168 3995 1217 4035 ena
1243 3979 1384 4036 seminarit
1408 3979 1480 4049 apud
1509 3981 1716 4047 cenomannos,

64 4069 206 4141 mntigerit
219 4078 282 4126 ente
295 4085 395 4125 annum
411 4073 498 4138 llcb,
514 4085 568 4143 quo
583 4085 654 4126 anuo
668 4069 842 4125 Hildebertus
860 4070 886 4125 io
901 4068 1072 4141 metropolim
1087 4069 1249 4125 Turenicam
1265 4066 1397 4139 migravit.
1414 4067 1450 4122 At
1472 4081 1537 4122 vero
1564 4067 1718 4125 bernardus

64 4158 169 4216 nonnisi
183 4175 256 4216 anno
270 4160 340 4215 lli'l
355 4158 390 4214 ed
404 4160 551 4215 Tolosanas
564 4167 654 4230 partes
673 4157 811 4227 proiectus
826 4166 877 4213 est.
892 4158 924 4213 Et
938 4168 1012 4214 certe
1027 4157 1056 4213 in
1070 4157 1185 4231 epistole
1200 4156 1384 4214 ducentesima
1398 4155 1604 4229 quadragesima
1615 4156 1714 4228 prima,

64 4264 138 4319 qnam
155 4248 185 4303 in
200 4247 324 4321 perubns
334 4246 476 4303 Tolosanis
490 4246 654 4303 constitutus
669 4246 776 4316 scripsit
790 4248 822 4300 ad
836 4246 1027 4303 Hildelonsnm
1052 4247 1191 4313 comitem,
1217 4246 1243 4303 id
1272 4245 1337 4300 satis
1363 4244 1449 4300 innuit
1471 4244 1513 4300 vir
1540 4254 1647 4301 sauctus
1672 4244 1716 4300 bis

63 4339 168 4394 serbis:
187 4335 332 4408 «laquea,
346 4336 369 4392 ei
384 4336 488 4407 placet,
502 4336 640 4408 quornodu
654 4335 687 4391 de
701 4336 823 4391 Leusana
836 4335 941 4392 civitate
956 4335 1064 4405 exierit,
1079 4337 1216 4408 quomodo
1240 4336 1275 4391 de
1298 4335 1496 4401 Cenomannis,
1520 4334 1657 4406 quomodo
1681 4334 1715 4392 de

63 4426 178 4493 Pictavi,
193 4424 330 4499 quomodo
342 4426 376 4481 de
389 4425 543 4496 burdegali.
559 4444 572 4476 a
588 4425 651 4482 Haec
664 4425 764 4496 quippe
777 4424 960 4481 videturesse
975 4425 1062 4480 series
1077 4425 1182 4481 itineris
1205 4424 1279 4479 illius
1307 4432 1447 4495 apostatae,
1473 4424 1518 4496 qui
1541 4439 1557 4479 a
1581 4425 1713 4491 Lausum,

63 4506 197 4572 driades
225 4513 407 4571 cenomannis
426 4513 594 4586 praedicandi
617 4513 760 4570 exordium
784 4513 911 4584 sumpsit.
936 4515 970 4569 Et
984 4513 1097 4570 fortasse
1121 4514 1270 4570 Laumnam
1297 4520 1410 4571 venerat
1437 4528 1470 4567 ea
1498 4511 1587 4577 ltalia,
1616 4527 1648 4567 ex
1662 4530 1714 4583 qua

64 4604 195 4674 ejusmodi
211 4602 332 4659 iaeeesin
355 4609 446 4675 partes
477 4601 635 4659 Gallicanae
665 4600 905 4674 transmigrarunt,
930 4603 1051 4673 reliquiae
1075 4603 1302 4666 bleuicbaeornm,
1328 4601 1366 4657 uti
1393 4609 1420 4656 et
1445 4600 1482 4655 illi
1508 4599 1716 4657 Cameracenses

65 4694 180 4751 heretici
194 4708 231 4750 ea
249 4692 324 4748 ltalia
341 4691 454 4758 advecti,
468 4691 515 4767 qui
534 4706 605 4749 anuo
621 4693 690 4747 lese
709 4691 828 4748 damuati
852 4700 915 4748 suut
939 4693 964 4747 io
981 4692 1084 4763 sptnorlo
1099 4691 1283 4758 Atrebateusi,
1300 4704 1355 4762 quo
1377 4691 1456 4746 etiam
1478 4696 1599 4763 ternpore
1617 4686 1718 4743 similes

64 4782 196 4851 eiusuaodi
213 4788 303 4853 pestes
325 4780 398 4852 apud
412 4776 576 4841 Aufinus
599 4779 657 4853 igni
676 4779 822 4851 perierunt.
860 4781 893 4837 lit
915 4780 1024 4853 quidem
1049 4781 1225 4837 Henricianos
1244 4780 1362 4853 appellat
1384 4778 1546 4835 lllaoicbaeos
1571 4775 1717 4833 Exordium

66 4869 242 4928 cisterciense
255 4869 283 4924 in
296 4868 367 4926 libro
390 4869 505 4938 septimo
520 4871 554 4925 de
568 4869 625 4926 Vita
639 4869 727 4925 suomi
741 4869 880 4940 Bemardi,
900 4885 960 4940 cap.
984 4873 1033 4936 17,
1050 4870 1096 4925 ubi
1112 4871 1217 4942 legatus
1235 4883 1330 4942 pape,
1355 4867 1452 4940 aliique
1475 4865 1611 4938 episcopi,
1637 4885 1649 4916 t
1665 4880 1717 4937 pro

64 4958 228 5016 mulctanda
245 4958 342 5014 heresi
365 4957 617 5026 Manichaeorum·
643 4959 677 5013 ad
702 4966 791 5028 partes
813 4959 962 5014 Tolosanas
985 4974 1047 5014 cunr
1070 4959 1129 5014 uiro
1153 4965 1246 5014 sancto
1268 4957 1416 5014 accessisse
1439 4963 1632 5011 memorentur.
1655 4955 1716 5010 lam

65 5063 128 5106 aero
143 5063 201 5120 qno
221 5058 301 5120 pecto
323 5047 456 5118 ejusmodi
478 5047 626 5113 hereticis,
647 5061 795 5119 eorumque
819 5048 997 5121 sequacibus,
1022 5047 1226 5102 liauicbaeorurn
1251 5062 1348 5103 nomen
1372 5053 1398 5100 et
1421 5058 1528 5100 errores
1549 5052 1719 5116 competent,

64 5136 263 5194 illustrissimos
276 5137 422 5193 lleldornn
437 5135 624 5209 episcopusin
639 5136 739 5193 eximio
754 5151 838 5207 opere
851 5152 918 5203 suo,
934 5136 1007 5209 quod
1035 5137 1068 5193 de
1086 5136 1275 5194 Veriatouibus
1296 5135 1485 5191 baereticorum
1510 5132 1626 5206 scripsit,
1641 5133 1719 5190 lucu·

68 5225 151 5283 lenter
164 5227 287 5283 ostendit
301 5225 368 5283 libro
384 5224 537 5283 undecimo.

100 5316 226 5374 lxxiv.
242 5314 329 5371 lidern
342 5314 496 5371 Heoricieni
512 5314 631 5372 baeretiei
645 5314 674 5369 in
689 5314 856 5371 Petrocorioe
876 5313 966 5381 eilusi,
991 5314 1087 5370 Pontio
1110 5314 1178 5369 duee
1197 5322 1222 5367 et
1236 5310 1421 5383 antesignano,
1437 5311 1474 5369 nti
1490 5313 1568 5368 docet
1584 5294 1737 5366 Heriberti'

72 5405 222 5478 epistolain
237 5413 309 5462 mmo
323 5404 403 5466 tertio
416 5412 570 5466 nostrorum
583 5403 788 5463 llnaleotorurn:
806 5404 852 5459 ubi
862 5404 1010 5475 peculiaria
1034 5402 1226 5459 Pontianornm
1250 5400 1357 5456 illorum
1379 5411 1530 5458 cominente
1555 5399 1720 5457 referuntur.

72 5492 133 5552 lude
147 5505 206 5562 eet,
220 5494 294 5568 qnod
307 5494 459 5552 bernardus
472 5494 508 5550 ad
522 5492 692 5550 Petrocorlos
707 5507 756 5549 eeu
772 5493 959 5566 Petregorieoe
971 5492 1086 5565 populos
1100 5507 1130 5549 ee
1145 5490 1268 5562 eontulit,
1286 5498 1315 5546 ut
1328 5498 1403 5562 patet
1416 5507 1453 5548 ex
1469 5490 1546 5548 tertia
1565 5496 1642 5563 parte
1660 5486 1723 5547 libri
