3728 5940
774 213 817 271 AD
836 213 864 272 S.
883 210 1053 276 staulam
1071 215 1247 278 EPISTOLAS

187 223 239 284 687
1779 226 1836 291 683

188 359 265 424 parte
279 343 387 416 capituli
410 340 476 397 facie
499 339 533 395 ad
561 337 658 394 laniem
685 336 800 406 plurima
829 336 982 394 intorsisset
998 356 1022 433 g
1036 342 1101 397 mel.
1124 342 1183 398 Non
1207 359 1295 400 aerem
1323 344 1456 403 incassum
1484 349 1619 416 verberas,
1643 367 1699 407 nou
1727 354 1831 410 inutilis

187 438 268 493 verba
294 427 522 505 praecipitationis,
552 426 677 498 respondi
707 425 845 484 breviter:
869 425 898 483 Si
920 427 982 499 quis
1037 436 1144 485 tractas.
1160 432 1222 488 Nou
1235 432 1321 507 digito
1335 435 1463 507 loqueris,
1479 452 1534 493 non
1553 439 1622 509 pede
1636 442 1734 512 strepis
1749 461 1755 499 :
1773 458 1833 500 om-

187 525 244 583 vult
258 519 436 579 contentiosus
451 533 520 584 csse,
538 515 680 572 nostelem
693 513 982 570 consuetudinemuou
1035 518 1080 572 nia
1103 534 1163 574 eum
1187 522 1393 579 mausuetudine
1412 527 1562 597 componis.
1579 527 1608 581 lu
1631 530 1736 599 peculio
1757 531 1832 586 enirn

186 613 325 678 habemus,
338 623 389 664 nec
403 604 522 663 Ecclesia
536 604 596 661 Dei.
609 605 642 659 Ει
656 603 694 659 sic
709 601 782 658 erasi
796 617 896 657 manus
910 604 980 674 ejus.
1037 612 1082 660 tuo
1096 603 1175 678 lupus
1188 609 1299 664 accubat
1320 626 1380 666 cum
1401 626 1482 685 agno,
1499 613 1600 684 pardus
1614 630 1676 671 cum
1697 617 1788 685 baedo,
1805 628 1833 674 et

186 700 343 773 Indignatus
362 694 481 769 graviter
498 692 634 767 (quoniam
648 699 675 747 et
697 706 740 747 me
754 689 896 758 novitium,
910 700 982 748 etse
1036 707 1103 761 puer
1128 695 1254 762 parvulus
1277 694 1359 751 minat
1379 713 1436 754 eos.
1462 699 1558 755 Oleum
1585 699 1700 758 effusum
1718 706 1833 763 verbnm

186 787 360 844 inveteratum
373 784 401 837 in
421 781 520 838 Ordine
539 778 713 850 praedicabat)
736 777 769 832 de
791 777 908 833 claustro
932 794 981 832 ex-

186 877 287 946 silivit,
303 883 329 929 ot
348 886 477 945 egressus
492 875 597 940 portam
620 863 790 932 monasterii,
805 867 918 922 recessit
932 881 980 921 so-

187 972 230 1027 lus
243 970 359 1043 :quippe
369 983 451 1039 quom
461 981 517 1021 uon
527 978 602 1018 amor
613 960 779 1035 propagandi
790 959 909 1027 Ordinis,
920 961 981 1030 sed,

189 1058 329 1128 sicutipse
346 1055 514 1125 impudenter
536 1051 625 1106 abbati
640 1049 782 1105 confessus
795 1055 846 1112 est,
869 1047 903 1102 ad
917 1062 982 1103 cou-

188 1145 385 1218 templationem
401 1142 443 1198 sui
457 1142 544 1196 Roma
566 1147 758 1210 pertraxerant.
783 1135 879 1192 Videat
897 1136 981 1205 Deus,

189 1247 215 1292 et
227 1235 331 1306 judicet
351 1250 358 1286 ι
376 1229 512 1303 quoniam,
538 1236 669 1299 quantum
691 1224 718 1278 in
741 1225 800 1293 ipso
823 1222 883 1290 luit,
901 1223 982 1279 latere

189 1325 252 1381 iecit
278 1321 408 1378 Ordinem
437 1326 566 1387 nostrum,
594 1329 686 1370 coram
710 1313 816 1379 abbate,
843 1319 869 1366 et
892 1326 982 1368 coram

188 1413 273 1470 servis
287 1413 358 1482 ejus.

410 1488 579 1548 EPISTOLA
598 1485 764 1543 CDLXXIX.
820 1524 827 1537 .

311 1597 432 1640 uuooms
450 1593 571 1636 uersam
590 1591 626 1631 uu
645 1591 669 1633 s.
689 1588 871 1633 aususausus.

305 1676 337 1731 lu
350 1689 404 1745 quo
420 1672 479 1732 eius
490 1665 586 1724 lorrdes
600 1667 662 1736 fuse
674 1665 865 1736 prosequitur.

224 1762 381 1824 Reverendo
393 1767 419 1815 et
429 1761 456 1814 in
471 1756 576 1812 Christo
590 1753 732 1810 benedicto
746 1752 814 1824 patri
829 1753 983 1806 Bannaauo

190 1854 282 1912 abbati
297 1845 493 1914 Clarae-Vallis,
517 1841 671 1899 clarissimae
685 1841 811 1910 lampadi,
829 1840 908 1895 lluoo
923 1840 983 1894 bla-

189 1957 303 2007 munus,
328 1937 463 2009 quondam
482 1930 671 2006 nugigerulus,
687 1944 759 1983 nuuc
773 1928 861 1984 criseis
884 1926 982 1983 Christi

188 2030 303 2101 baiulus,
322 2024 431 2082 introire
454 2021 481 2076 in
492 2016 671 2076 sanctuarium
687 2031 771 2072 sacrm
786 2015 941 2085 Scripturas,
957 2021 983 2070 et

188 2119 341 2191 fragmenta
363 2112 436 2167 illius
459 2124 493 2164 nc
512 2113 623 2179 pereant
641 2103 777 2176 colligere,
795 2110 822 2158 et
844 2119 860 2157 a
884 2102 982 2175 lrigido

188 2207 279 2278 lapide
293 2201 445 2260 interiorem
462 2203 599 2253 excutere.

226 2300 252 2349 l.
282 2292 377 2347 Oleum
398 2287 515 2343 eliusum
539 2297 638 2338 nomen
661 2289 745 2345 tuum,
770 2278 894 2352 fragrans
910 2295 983 2337 more

188 2381 367 2442 contritorum
394 2382 552 2431 aromatum.
581 2372 664 2426 Fama
695 2367 816 2423 nominis
843 2367 982 2423 clarissimi

188 2473 229 2530 tui
242 2472 322 2542 louge
336 2467 440 2536 lateque
454 2461 563 2527 diflusa,
588 2472 674 2530 usque
689 2458 721 2512 ad
736 2456 804 2512 lines
823 2465 900 2512 lerrae
914 2473 980 2529 per-

190 2560 304 2631 transiit,
320 2554 534 2622 suavissimoque
558 2563 608 2604 suo
633 2547 717 2604 odore
734 2561 809 2601 mare
830 2555 857 2600 et
877 2545 982 2600 aridam

186 2647 326 2715 recrearit,
350 2643 536 2715 plurimosque
560 2638 593 2692 ad
620 2637 708 2692 locum
724 2639 797 2690 unde
812 2633 897 2704 spirat
914 2650 980 2704 per-

1036 787 1121 834 tuum.
1141 781 1197 836 Lex
1217 783 1365 839 clementiae
1379 784 1406 839 in
1427 787 1511 842 verbo
1531 795 1577 843 tuo
1599 798 1652 846 cst.
1668 791 1736 847 Dum
1760 810 1831 865 prm-

1037 866 1112 923 dicas
1140 869 1363 941 misericordiam,
1382 874 1451 946 lapis
1473 875 1680 949 indulgentiam,
1702 881 1833 938 desolatis

1037 955 1175 1028 solatium,
1204 958 1353 1030 desperatis
1377 979 1452 1033 spem
1482 975 1508 1020 et
1531 966 1688 1034 consilium,
1712 969 1832 1025 aliundis

1037 1043 1136 1100 oleum.
1151 1046 1221 1101 Dum
1240 1050 1378 1122 agonistas
1396 1051 1425 1105 in
1444 1052 1568 1121 palaestra
1583 1054 1631 1109 Dei
1652 1056 1831 1128 desudantes,

1037 1131 1173 1204 nimioque
1194 1136 1278 1191 labori
1301 1138 1520 1211 succumbentes,
1535 1141 1644 1213 eloquio
1666 1145 1766 1201 mellito
1786 1163 1829 1200 ru-

1036 1234 1120 1285 creas,
1146 1221 1220 1278 fonte
1247 1224 1333 1280 lacteo
1362 1236 1449 1296 potas,
1479 1243 1603 1285 sermone
1636 1231 1707 1287 dulci
1736 1236 1831 1305 ungis,

1036 1306 1127 1363 oleum
1143 1309 1242 1367 lundis.
1260 1313 1379 1370 Verbum
1394 1324 1469 1371 tuum
1484 1316 1650 1373 stillicidium
1665 1328 1715 1384 est,
1732 1320 1758 1373 in
1775 1338 1832 1393 quo

1037 1394 1143 1453 laetatur
1176 1400 1339 1470 germinans.
1364 1403 1481 1460 Torraus
1513 1405 1650 1461 inebrians
1684 1416 1735 1474 est,
1765 1426 1832 1481 ger-

1037 1485 1110 1539 mina
1122 1486 1310 1557 multiplicans.
1325 1490 1394 1544 llum
1410 1491 1532 1546 examine
1547 1492 1716 1551 discretionis
1731 1497 1832 1552 boues-

1039 1576 1094 1627 tum
1112 1574 1148 1629 ab
1171 1574 1324 1646 inhoneste,
1344 1578 1409 1633 utile
1424 1579 1458 1634 ab
1480 1579 1566 1635 inutili
1585 1599 1726 1657 segregas,
1743 1584 1833 1642 oleum

1038 1659 1069 1714 in
1083 1662 1208 1718 torculari
1222 1664 1256 1718 ab
1270 1680 1378 1722 amurca
1392 1667 1506 1739 eliquas,
1523 1669 1625 1739 paleam
1640 1671 1669 1724 in
1681 1673 1833 1730 ventilabro

1038 1763 1052 1801 a
1067 1764 1151 1823 grano
1166 1766 1289 1821 separas.
1307 1753 1378 1810 Dum
1398 1755 1565 1825 spiritualem
1580 1774 1689 1814 sensum
1705 1762 1732 1816 in
1746 1761 1833 1818 littera

1038 1838 1177 1906 scrutaris,
1193 1840 1280 1897 oleum
1303 1841 1377 1911 prelo
1393 1843 1533 1899 rationisa
1550 1847 1637 1914 tbeea,
1653 1864 1706 1920 qua
1721 1849 1831 1917 latebat,

1038 1925 1122 1983 elicis.
1139 1927 1234 1983 Oleum
1257 1945 1326 2000 aqua
1344 1930 1456 1986 mixtum
1477 1935 1684 2004 supereminet:
1704 1946 1732 1993 et
1750 1938 1831 2010 spiri-

1039 2015 1119 2070 tualis
1141 2032 1246 2083 seusus,
1262 2034 1342 2089 quem
1365 2018 1490 2090 inquiris,
1508 2022 1618 2078 litterali
1639 2030 1830 2095 supereminet.

1037 2102 1134 2160 Oleum
1159 2106 1220 2162 vino
1245 2106 1355 2164 mixtum
1383 2109 1551 2181 superiorem
1575 2112 1641 2184 petit
1669 2114 1774 2182 locum;
1804 2125 1832 2173 et

1037 2192 1237 2263 misericordia,
1265 2213 1346 2269 quam
1375 2198 1522 2268 pradicas,
1552 2206 1728 2273 superexaltat
1757 2207 1830 2274 judi·

1036 2281 1117 2348 cium,
1134 2292 1187 2342 etc.

1073 2375 1098 2426 3.
1115 2373 1184 2427 Dum
1200 2373 1262 2444 lego
1285 2375 1384 2447 scripta
1399 2384 1451 2447 tua,
1468 2376 1526 2449 ipsa
1550 2393 1617 2436 voce
1640 2396 1687 2434 sua
1707 2381 1772 2437 mibi
1784 2384 1830 2439 lo·

1036 2468 1164 2530 quuntur,
1186 2461 1245 2531 ipsa
1268 2461 1396 2519 salutaria
1419 2465 1519 2521 monitu
1540 2475 1759 2537 prosequuntur:
1781 2473 1832 2527 sed

1035 2563 1088 2603 non
1113 2549 1180 2605 mihi
1195 2550 1388 2619 obsecundant,
1403 2565 1458 2607 nou
1473 2569 1515 2607 me
1529 2554 1636 2610 satiant.
1654 2555 1715 2627 lpse
1730 2556 1832 2628 loqua-

1036 2637 1083 2705 ris,
1098 2638 1156 2709 ipse
1175 2640 1268 2695 osculo
1282 2639 1339 2695 oris
1352 2639 1390 2696 tui
1404 2655 1448 2695 me
1462 2641 1603 2698 osculeris.
1621 2645 1746 2701 Revelato
1762 2647 1833 2705 secie

187 2736 277 2800 traxit,
302 2732 364 2804 quia
389 2728 463 2784 tracti
488 2741 535 2797 per
562 2724 683 2792 odorem,
713 2737 747 2778 ex
778 2722 837 2792 ipso
863 2732 982 2778 aromate
1034 2733 1060 2780 tc
1074 2727 1135 2783 volo
1150 2727 1252 2794 videre,
1267 2742 1320 2784 nou
1335 2743 1383 2800 per
1397 2729 1537 2799 speculum
1556 2728 1583 2784 iu
1597 2733 1750 2805 aenigmate.
1769 2736 1831 2807 lpse

185 2828 362 2899 gustaverunt
390 2814 557 2872 salutiferum
585 2827 729 2882 saporem;
753 2807 841 2867 319
862 2819 889 2866 et
912 2825 979 2882 quos
1034 2829 1077 2868 me
1100 2815 1241 2884 osculeris,
1258 2831 1312 2871 nou
1331 2830 1380 2872 ore
1403 2825 1458 2882 tuo,
1479 2817 1623 2888 jungendo
1641 2819 1711 2874 labia
1739 2820 1827 2890 labiis,

184 2928 266 2986 sapor
279 2909 383 2982 stygius
407 2904 546 2967 iniecerat,
562 2901 617 2956 imo
638 2902 706 2956 letor
725 2898 887 2954 Acherontis
901 2898 977 2954 dele·
997 2900 1097 2979 cquis
1112 2903 1238 2976 indignus
1252 2920 1322 2971 sum,
1338 2905 1385 2960 scd
1402 2905 1510 2970 osculo;
1528 2920 1583 2961 uon
1604 2906 1697 2963 osculo
1711 2909 1828 2980 scripto-

184 3007 268 3065 cerat,
298 3004 323 3052 et
355 2991 583 3055 denominaverat,
619 2997 697 3060 gustu
726 2997 852 3043 nectareo
889 2985 977 3044 relor·
1034 3008 1093 3048 rum
1110 3000 1227 3060 tuomm,
1244 3008 1298 3048 non
1322 2992 1527 3064 predicantium
1549 2992 1582 3048 de
1597 3003 1622 3050 te
1640 2996 1742 3051 bonum
1758 3016 1765 3052 :
1782 3000 1829 3055 sed

184 3088 247 3145 mati
275 3093 346 3141 sunt.
380 3082 476 3138 Oleum
514 3076 630 3133 ellusum
662 3076 718 3134 vita
752 3086 806 3131 ιιι.
849 3074 910 3130 Vita
934 3081 977 3132 tua

182 3175 330 3235 clarissima
357 3171 461 3238 lampas
498 3176 549 3232 est,
581 3181 643 3236 quae
676 3163 791 3221 lucendo
828 3162 912 3229 ardet,
951 3171 977 3218 et

181 3262 302 3319 ardendo
327 3263 408 3315 lucet.
438 3255 523 3311 Ardet
551 3253 612 3317 sibi,
642 3254 713 3309 lueet
735 3251 823 3307 altori.
848 3250 909 3307 Vita
929 3259 977 3306 tua

181 3353 285 3422 lampas
316 3355 367 3416 est,
397 3361 457 3416 quae
477 3359 534 3400 nou
560 3349 665 3397 tantum
687 3340 794 3410 vicinat,
818 3339 868 3395 sed
896 3341 976 3395 etiam

183 3440 316 3495 illuminat
352 3440 464 3489 remota.
507 3430 682 3486 conversatio
714 3429 786 3484 enim
813 3437 858 3483 tua
883 3441 978 3500 sparso

182 3529 284 3585 lumina
293 3523 415 3585 rutilans,
430 3535 485 3577 non
498 3520 600 3575 inclusa
614 3538 620 3586 ;
634 3519 682 3573 sed
697 3519 825 3583 exclusa,
842 3532 896 3573 nou
910 3531 977 3572 oon-

182 3616 251 3684 lusa,
269 3614 318 3671 sed
342 3612 465 3668 modeste
493 3607 590 3674 ellusa,
609 3605 732 3676 exernplo
756 3604 828 3660 bono
852 3605 977 3660 tenebras

182 3704 325 3768 illuminat,
349 3690 437 3757 lucem
458 3697 599 3761 ministrat,
623 3700 728 3749 montes
751 3691 883 3763 humiliat,
908 3693 976 3746 irra-

182 3794 248 3860 diat,
275 3791 360 3848 ualles
383 3788 476 3858 implet
493 3795 520 3842 ot
543 3785 669 3841 illustrat.
691 3782 733 3837 Tu
751 3798 781 3837 cs
802 3781 880 3836 etiam
895 3781 977 3839 carbo

181 3883 288 3949 ardeus,
303 3879 350 3952 qui
371 3879 502 3935 carbones
516 3873 662 3930 exstinctos
686 3870 811 3927 accendis
832 3871 866 3927 de
890 3870 977 3926 ricino

153 3972 259 4028 bonae
276 3963 491 4026 conversationis
519 3974 572 4019 tuae
595 3960 759 4018 sufflatorio.
792 3960 876 4015 Totus
904 3958 976 4012 enim

180 4060 241 4118 titae
264 4067 316 4114 tuse
344 4069 440 4113 cursus
462 4050 587 4122 exemplo
616 4050 684 4105 bene
710 4046 818 4106 vivendi
845 4045 977 4117 plurimos

181 4147 317 4213 informat,
345 4141 478 4200 deformia
501 4139 638 4208 reformat,
667 4138 832 4208 exintegrata
852 4134 974 4191 redinte-

180 4243 250 4309 grat,
270 4237 423 4288 oxerustata
436 4227 594 4294 consolidat,
609 4233 636 4281 et
655 4239 710 4280 non
732 4224 761 4278 iu
784 4221 908 4289 tenebris,
924 4222 972 4278 sed

1031 3082 1124 3138 osculo
1138 3080 1192 3137 oris
1207 3081 1255 3151 tui,
1272 3080 1298 3137 id
1314 3091 1355 3138 est
1373 3081 1476 3137 mellito
1490 3081 1599 3153 eloquio
1620 3086 1781 3154 procedente
1794 3103 1829 3145 ex

1031 3183 1080 3225 ore
1095 3176 1141 3225 tuo
1153 3169 1286 3239 jucundo.
1302 3169 1448 3240 Loquendo
1462 3171 1535 3224 enim
1549 3180 1574 3226 et
1589 3172 1755 3229 exhortando
1771 3181 1828 3230 tra·

1034 3258 1080 3311 bes
1094 3270 1138 3310 mc
1157 3263 1219 3326 post
1242 3264 1268 3311 te
1284 3274 1291 3309 ε
1308 3256 1407 3321 trahes,
1423 3255 1543 3328 iuquam,
1563 3272 1617 3312 non
1642 3258 1764 3328 invitum,
1780 3263 1828 3318 sed

1032 3349 1222 3413 spontaneum.
1239 3344 1433 3412 Spoutaucum,
1448 3343 1511 3415 quia
1529 3347 1578 3399 etsi
1603 3345 1712 3403 difficile
1736 3348 1771 3403 sit
1789 3351 1829 3406 ire

1032 3439 1091 3502 post
1107 3441 1150 3500 te;
1167 3433 1191 3486 si
1204 3434 1340 3489 Caucasus
1355 3440 1382 3488 et
1395 3432 1547 3488 Parnassus
1560 3434 1698 3505 Alpesque
1713 3437 1768 3492 sint
1783 3437 1827 3493 in·

1033 3529 1075 3575 ter
1096 3537 1141 3577 me
1163 3529 1190 3577 et
1214 3529 1248 3588 te,
1265 3527 1352 3577 tamen
1376 3521 1443 3576 odor
1459 3522 1522 3577 boui
1545 3522 1626 3577 trabit
1649 3540 1692 3580 me
1710 3533 1773 3595 post
1788 3533 1826 3584 te.

1032 3609 1146 3666 Tractus
1161 3626 1267 3667 curram
1290 3611 1317 3665 iu
1337 3610 1420 3666 odore
1442 3620 1642 3684 unguentorum
1661 3621 1780 3683 tuorum,
1797 3623 1827 3671 ut

1035 3713 1084 3769 per
1093 3699 1207 3755 odorem
1221 3678 1375 3770 perieniam
1386 3699 1419 3753 ad
1430 3714 1565 3771 saporem.
1577 3701 1738 3758 lutroducca
1752 3701 1827 3758 enim

1031 3802 1077 3842 me
1092 3789 1120 3843 iu
1143 3786 1252 3843 cellaria
1266 3796 1320 3858 tua,
1335 3787 1382 3843 ubi
1396 3795 1458 3842 sunt
1473 3786 1572 3844 diuersi
1593 3789 1701 3862 generis
1715 3790 1825 3859 fercula,

1031 3880 1058 3930 ct
1071 3874 1185 3932 dirersis
1199 3874 1343 3947 speciebus
1366 3875 1474 3931 condita
1500 3877 1596 3948 pocula
1611 3894 1618 3933 :
1635 3877 1734 3949 quibus
1752 3878 1826 3954 sagi·

1033 3971 1120 4030 natus,
1135 3964 1237 4036 quibus
1251 3963 1397 4030 debriatus,
1412 3963 1569 4020 introducar
1592 3965 1620 4020 in
1634 3965 1728 4022 aeterui
1742 3965 1827 4041 Regis

1031 4053 1195 4118 cubiculum,
1211 4052 1255 4107 ubi
1270 4052 1405 4124 gaudeam
1418 4052 1445 4107 iu
1461 4053 1665 4124 sempiternum.
1682 4055 1755 4126 Dixi,
1767 4071 1826 4113 cur-

1030 4156 1086 4195 ram
1102 4150 1163 4212 post
1176 4148 1213 4208 te,
1228 4140 1276 4196 sed
1291 4156 1346 4196 nou
1359 4141 1393 4195 ad
1409 4150 1451 4198 tc:
1470 4142 1534 4213 quia
1549 4143 1668 4198 noudum
1679 4142 1824 4200 deliberavi

1031 4228 1103 4298 apud
1117 4244 1171 4295 me,
1185 4227 1338 4300 angelicum
1352 4227 1472 4283 habitum
1486 4227 1661 4286 candidorum
1676 4230 1825 4286 Naauraeo-

180 4324 208 4378 iu
235 4329 380 4393 conspectu
407 4319 482 4387 solis,
512 4316 626 4373 odorem
649 4312 791 4369 suavitatis
805 4311 884 4377 dans,
907 4285 1010 4369 aro-[l
1032 4332 1092 4371 rum
1115 4331 1165 4387 pso
1189 4316 1241 4372 apo
1261 4315 1353 4371 habim
1375 4323 1491 4371 murare,
1505 4317 1610 4372 Bonum
1630 4326 1672 4373 ,st
1692 4317 1759 4372 mihi
1785 4318 1824 4373 ,ie

179 4419 354 4555 &wicum
375 4495 494 4552 ellusum
515 4493 629 4550 verbum
653 4495 738 4544 tuum.
761 4487 901 4544 Talentum
926 4488 974 4544 tibi

178 4590 322 4653 creditum,
348 4586 489 4650 talentum,
515 4583 635 4653 inquam,
660 4578 788 4650 loquendi
810 4585 837 4633 et
863 4592 974 4649 persua-

178 4677 269 4744 dendi,
286 4692 339 4732 uon
363 4672 489 4739 includis,
515 4669 563 4724 sed
589 4683 713 4724 mensura
734 4667 869 4723 excludis.
885 4666 974 4723 Verba

179 4779 225 4826 tua
234 4768 295 4840 igue
309 4761 448 4820 charitatis
461 4765 636 4832 saporantur,
651 4765 679 4812 et
694 4765 799 4813 nectare
815 4763 973 4812 mansuetu·

177 4855 248 4912 dinis
266 4852 454 4909 dulcorantur.
470 4848 573 4919 Lingua
601 4854 646 4901 tua
669 4846 790 4902 calamus
814 4853 856 4900 est
878 4844 974 4901 scribae

175 4950 302 5007 uelociter
323 4944 475 5003 scribentis.
492 4943 594 5016 lingna
607 4950 662 5012 tua,
684 4942 777 5015 lingua
799 4937 910 4997 uenefici
925 4956 973 4995 sa·

175 5040 280 5113 pioutor
308 5035 480 5092 incantantis.
508 5031 612 5104 Lingua
636 5046 716 5101 nova,
742 5046 820 5096 nova,
851 5027 970 5100 inquam,

175 5131 266 5204 lingua
283 5127 413 5200 loqueris,
432 5124 497 5180 dum
514 5123 642 5194 myst-ria
668 5137 748 5178 saera
766 5121 885 5186 insonas,
904 5118 972 5173 dum

174 5218 267 5277 laudes
281 5216 434 5275 Conditoris
450 5228 586 5286 personas.
612 5212 670 5267 sub
685 5211 777 5283 lingua
805 5220 850 5264 tua
864 5222 932 5264 nora
946 5216 972 5265 et

173 5320 274 5376 sotera,
290 5322 392 5379 corpus
415 5312 440 5360 et
465 5302 570 5358 umbra.
586 5299 644 5355 Sub
666 5299 757 5371 lingua
777 5305 822 5354 ιιι
841 5300 930 5371 gratia
944 5305 971 5352 et

173 5395 229 5464 lox,
244 5410 300 5452 non
312 5393 381 5467 legis
396 5389 546 5448 examinata
560 5386 623 5441 lma.
651 5385 815 5459 sublingua
830 5392 875 5442 ιιι
888 5385 931 5441 ιιι
946 5394 973 5442 et

183 5485 247 5560 mel,
262 5497 319 5541 uon
330 5482 420 5546 dolus,
434 5492 489 5535 nou
503 5475 549 5533 iel.
563 5475 666 5546 Lingua
685 5474 765 5533 larus
777 5483 819 5531 cst
840 5473 971 5533 distillam

1028 4419 1099 4475 esse,
1111 4412 1162 4461 etc.
1178 4404 1245 4473 Oua>
1257 4403 1381 4475 superius
1394 4403 1460 4472 dixi,
1470 4414 1545 4476 pater
1555 4407 1721 4474 venerande,
1736 4407 1771 4461 ad
1785 4419 1822 4477 te,

1027 4502 1054 4549 et
1072 4495 1106 4550 de
1127 4503 1163 4561 te,
1178 4502 1204 4549 et
1226 4499 1337 4564 propter
1358 4503 1392 4560 te,
1406 4493 1461 4549 dixi
1482 4492 1654 4564 specialiter:
1677 4496 1734 4564 iam
1749 4494 1824 4552 cals-

1028 4598 1101 4638 mum
1126 4584 1196 4647 laxo,
1211 4589 1239 4637 et
1262 4582 1329 4637 alios
1350 4590 1438 4639 tecum
1463 4582 1497 4636 ad
1520 4581 1685 4639 audiendum
1706 4597 1738 4636 ea
1762 4599 1824 4653 quae

1028 4671 1119 4727 dicam
1133 4669 1217 4726 invito
1235 4687 1242 4728 :
1262 4670 1291 4724 in
1306 4669 1407 4742 quibus
1421 4678 1509 4726 errata
1524 4686 1582 4728 msa
1596 4669 1778 4743 reprebendo,
1796 4680 1823 4728 et

1025 4757 1162 4815 miseriam
1185 4757 1277 4814 mandi
1297 4757 1419 4829 deploro,
1436 4773 1600 4831 precumque
1619 4767 1727 4816 tuarum
1746 4760 1820 4818 lesa-

1027 4864 1090 4905 men
1104 4848 1223 4921 appello,
1240 4858 1292 4905 etc.

1194 4935 1285 4996 880
1303 4938 1471 4995 urlsronn
1490 4938 1648 4996 LDLXXX.

1064 5043 1186 5087 asusumr
1205 5043 1327 5085 uuooms
1350 5043 1471 5084 uersam
1490 5043 1537 5083 nu.
1558 5043 1583 5084 s.
1603 5043 1783 5087 aunsaaumr.

1080 5120 1113 5177 Se
1126 5135 1243 5191 suosque
1256 5119 1289 5175 od
1303 5119 1480 5174 occasotiooe
1492 5133 1616 5190 purpure
1631 5122 1764 5174 conatur.

1061 5208 1213 5265 Bsarsauuo
1228 5205 1413 5263 Clara-Vallis
1434 5205 1524 5261 abbati
1546 5205 1730 5275 serenissimo,
1746 5215 1773 5262 et
1792 5205 1819 5261 in

1025 5296 1132 5354 Christo
1154 5296 1306 5363 benedicto,
1332 5297 1413 5354 lluco
1431 5295 1591 5364 bleramus,
1612 5296 1748 5367 quondum
1768 5296 1819 5352 do·

1026 5385 1155 5443 mesticus
1174 5385 1337 5451 Aristotelis,
1352 5399 1424 5441 nuuc
1437 5400 1536 5442 seruas
1549 5383 1658 5453 Christi,
1673 5386 1821 5445 ascendere

1024 5474 1059 5532 da
1070 5474 1178 5534 Jericbo
1192 5473 1220 5530 in
1232 5472 1391 5532 Jerusalem.
