3728 5940
155 176 190 235 qq
628 159 657 216 S.
675 152 845 218 satutant
864 151 999 213 tataris
1016 153 1333 217 deRAE·VAbbENSlS
1755 156 1807 221 100

154 297 235 368 Quod
249 304 340 352 ιιιιιι
354 304 489 350 summum
503 285 598 344 iecisse
611 281 768 341 Pontificem
781 294 950 353 nequiquam
967 293 990 373 st
1007 279 1122 354 clamor,
1146 289 1172 338 ct
1195 282 1352 351 uehemens,
1377 279 1424 352 qni
1449 295 1564 354 corpora
1594 281 1631 338 de
1657 282 1806 354 sepulcris,

154 385 324 450 crediderim,
347 382 399 437 nisi
424 387 471 436 aut
492 377 702 432 circumuentum
727 369 881 436 mendacio,
904 377 952 425 aut
1006 371 1110 427 animas
1142 371 1176 425 ab
1213 370 1308 426 inieris
1340 370 1476 428 excitavit
1516 370 1627 427 i'erram
1664 373 1808 447 coelosqne

156 473 357 548 importunitate
371 468 481 525 vidum.
505 463 622 535 Quando
636 460 732 518 etenim
758 457 838 513 aliter
859 458 953 526 bujus·
1006 460 1071 517 tuba
1085 460 1130 515 illa
1144 459 1302 515 convocavit
1318 459 1347 514 in
1367 475 1462 528 unum,
1486 459 1587 532 quippe
1607 476 1670 532 quoe
1688 460 1717 518 i„
1736 472 1808 520 ,em

156 563 260 622 semodi
275 561 351 617 vobis
377 556 511 614 licentiam
536 552 692 624 indulgeret
717 546 867 603 seminandi
879 546 954 603 aide-
1005 560 1032 606 et
1046 565 1106 623 qum
1121 549 1147 603 in
1162 550 1237 605 coelis
1249 557 1320 614 sunt,
1335 547 1490 620 pacificans.
1515 550 1545 604 ln
1568 564 1679 607 omnem
1704 561 1807 609 gersam

154 652 216 710 licat
230 649 363 716 scandala,
379 647 525 703 schismata
540 638 687 697 suscitandi
703 678 710 704 ,
725 636 829 691 amicos
851 634 952 691 contri-
1007 639 1093 694 exivit
1110 653 1193 693 sonus
1215 637 1270 706 illc,
1295 646 1322 692 et
1349 646 1464 693 vestram
1489 653 1544 694 non
1568 638 1653 696 valuit
1677 657 1808 714 rumpere

155 741 254 810 standi,
276 738 389 794 fratrum
404 729 583 792 conturbandi
602 742 706 799 pacem,
731 741 757 781 ar
770 721 953 780 confundendi
1005 727 1182 784 surditatem?
1202 728 1260 783 Vox
1280 742 1378 798 nempe
1402 729 1445 783 illa
1465 728 1492 783 iu
1507 727 1618 795 ιιιιιιιι
1637 745 1692 788 anx
1715 731 1763 788 itta
1780 734 1808 790 in

152 829 292 894 unitatem,
308 823 500 897 propriumque
514 819 626 890 insuper
643 812 831 873 contemnendi
844 810 951 883 episco-
1003 815 1216 888 magnificentia.
1246 816 1279 870 Et
1305 815 1371 887 qnid
1395 816 1511 871 clamati
1544 818 1690 891 Exsurget
1720 823 1807 890 Delas,

154 918 282 991 pnm‘lEt
290 916 405 985 baecqua
414 909 582 975 necessitate,
593 918 746 962 nemseuou
756 902 840 958 babeo
849 900 950 968 dicere,
1005 911 1033 961 ct
1059 903 1231 976 dissipentur
1257 904 1370 960 inimici
1397 905 1458 975 ejus
1482 905 1572 976 (Paul.
1602 920 1674 977 xvrr,
1704 908 1748 981 2):
1779 918 1806 968 ιι

154 1023 215 1065 cum
246 1005 284 1060 rei
323 1001 411 1058 exitus
442 998 508 1055 satis
539 995 648 1052 indicet.
682 990 820 1048 Proiectus
852 1004 951 1059 nempe
1004 991 1118 1048 iterum:
1143 990 1408 1064 aspernabaris
1429 993 1609 1052 virtctctrtc
1635 1000 1665 1054 et
1691 997 1809 1072 diepam

123 1142 125 1149 .
153 1095 318 1169 plangimus,
333 1089 484 1164 proiectum
499 1101 554 1142 uon
573 1083 721 1142 cernimus.
1005 1097 1050 1139 eos
1065 1085 1206 1153 protemor
1224 1095 1302 1136 meus
1321 1079 1532 1152 Domincffsct.
1552 1096 1632 1155 tvrrr,
1658 1084 1715 1157 tu).
1736 1086 1807 1143 san.

191 1188 225 1240 ιιι
252 1183 300 1240 ilis
314 1196 380 1254 ergo
405 1178 503 1234 talibus
517 1184 545 1232 et
566 1187 617 1231 tam
641 1171 770 1246 grauibus
793 1168 873 1223 malis
888 1166 952 1224 dare
1004 1169 1067 1242 gnis
1091 1168 1190 1225 Christi
1218 1177 1270 1238 est,
1309 1167 1392 1224 irater
1428 1168 1527 1237 Adam,
1559 1171 1674 1245 sanguis
1705 1176 1806 1234 (211,qu

154 1289 305 1336 assensum,
321 1270 450 1326 exbibere
473 1264 647 1335 obsequium,
669 1259 827 1331 impendere
841 1256 949 1327 adjuto·
1003 1268 1044 1315 ιιι
1065 1257 1113 1330 qui
1126 1272 1178 1330 pro
1192 1256 1244 1328 pits
1259 1257 1432 1331 congregati,
1443 1259 1574 1317 ,qvem
1585 1261 1687 1334 impio,
1702 1263 1807 1338 disper·

154 1363 235 1430 rium,
251 1358 352 1418 tumibi
366 1351 690 1415 obedientiamnominas‚
707 1346 867 1403 modestiam
884 1361 951 1400 nun·
1003 1359 1084 1402 sores
1115 1345 1193 1417 quasi
1228 1346 1292 1402 tuba
1323 1348 1424 1402 ιιιιιιι
1449 1361 1545 1405 vocem
1573 1364 1661 1406 auam.
1692 1350 1807 1411 Minatur

155 1466 248 1522 cupas,
291 1446 413 1520 appellas
453 1439 713 1499 mansuetudinem?
741 1437 793 1502 Tu,
828 1434 949 1505 inquam,
1005 1441 1092 1490 autem
1117 1449 1146 1489 se
1166 1433 1337 1506 dispersores
1356 1433 1526 1508 dispergere,
1544 1436 1591 1509 qui
1612 1453 1662 1510 ppo
1676 1439 1806 1513 digpmj,

155 1537 261 1595 conaris
275 1535 391 1608 pessima
411 1530 476 1587 ritis
496 1529 629 1584 virtutum
645 1523 754 1599 palliare
780 1519 952 1579 nominibus?
1006 1521 1165 1596 colligendis
1188 1522 1291 1579 eilusus
1314 1531 1365 1582 est.
1393 1524 1426 1580 Et
1449 1524 1472 1580 si
1494 1525 1555 1596 ejus
1580 1541 1679 1586 rocem
1699 1538 1730 1586 tu
1751 1545 1805 1588 uon

154 1629 195 1682 Au
207 1637 232 1681 te
246 1631 324 1696 putas
339 1624 389 1677 boc
399 1619 457 1674 sine
467 1616 565 1687 injuria
579 1616 670 1671 lacere
684 1609 793 1669 Domini
811 1609 951 1672 virtutum,
967 1606 990 1685 Β
1006 1613 1092 1679 audis,
1107 1611 1182 1668 audit
1196 1627 1255 1669 eam
1273 1612 1308 1668 de
1326 1614 1405 1683 cujus
1420 1613 1503 1669 latere
1516 1615 1644 1674 mansur.
1660 1615 1805 1688 Quomodo

152 1714 225 1786 quod
251 1710 396 1771 uirtutibus
420 1702 649 1776 lacisinjuriamt
674 1698 852 1757 Vanissimum
881 1713 953 1769 prae·
1006 1716 1123 1772 namque
1146 1700 1286 1772 proprium
1304 1717 1359 1758 non
1380 1700 1464 1771 audit,
1482 1702 1528 1774 qui
1554 1703 1621 1760 Abel
1642 1707 1805 1779 sanguinem

153 1800 348 1872 sumptionem,
375 1794 556 1866 turpissimam
580 1790 723 1856 levibtem,
739 1785 953 1843 crudelissimam
1006 1788 1157 1846 audiebat?
1172 1790 1253 1859 (Gan.
1267 1805 1309 1857 ιι,
1330 1792 1386 1862 to.)

154 1889 362 1953 dissensionem,
378 1880 547 1946 obedientiae,
562 1878 713 1945 modestia,
735 1874 954 1932 mansuetudinis
1044 1881 1088 1934 ts.
1106 1876 1160 1934 Sed
1173 1877 1238 1949 quid
1250 1878 1284 1933 ad
1299 1878 1481 1951 me,inquist
1494 1879 1543 1938 ille
1561 1882 1660 1940 rideris
1672 1885 1718 1943 ιιι
1736 1885 1804 1943 mppr

154 1977 309 2035 noniinibus
322 1974 408 2041 velas,
423 1979 451 2028 et
467 1970 560 2027 velatis
573 1965 700 2023 sordibus
718 1981 795 2022 sacra
808 1964 853 2020 illa
871 1979 953 2021 voca·
1007 1967 1191 2024 contradicere
1205 1966 1247 2023 ias
1265 1982 1320 2024 non
1338 1977 1404 2024 erat.
1420 1968 1482 2025 Non
1495 1977 1539 2026 ast
1550 1969 1700 2044 discipulus
1721 1990 1806 2048 super

153 2063 363 2122 bulamaculas.
382 2061 522 2132 Hancego
540 2070 679 2127 nunquam
693 2052 805 2110 aemuler
821 2052 955 2110 obedieu-
1009 2055 1176 2127 magistrum.
1206 2057 1361 2129 Doeendns,
1393 2072 1448 2114 nou
1476 2057 1615 2128 docturus,
1639 2062 1699 2132 eins
1727 2064 1804 2121 lateri

154 2140 233 2211 tiam:
258 2154 337 2209 ulem
364 2147 432 2205 milri
453 2161 591 2218 nunquam
614 2143 695 2200 libeat
717 2141 887 2208 modestiam,
911 2140 955 2199 rel
1007 2145 1192 2203 adhaerebam.
1207 2144 1289 2218 Sequi
1305 2146 1398 2218 debui,
1418 2163 1474 2204 uon
1498 2149 1595 2220 praeire
1608 2161 1804 2224 praeceptorem

155 2245 245 2318 potius
258 2239 421 2308 molestiam,
436 2234 552 2292 imitari:
568 2229 762 2303 hujuscemodi
776 2229 954 2286 mansuetudo
1007 2234 1122 2292 auditor.
1138 2233 1162 2291 0
1185 2235 1297 2292 istorum
1311 2244 1463 2310 temporum
1475 2237 1561 2297 Paule
1573 2241 1699 2315 simplex,
1723 2244 1748 2300 si
1762 2253 1804 2301 rs-

154 2348 264 2404 sempcr
281 2330 363 2406 longe
384 2328 430 2382 liat
454 2342 469 2381 a
488 2341 541 2380 me.
562 2321 634 2378 Talis
648 2319 783 2393 siquidem
798 2319 954 2375 obedientia
1009 2340 1069 2381 men
1084 2333 1111 2382 et
1124 2325 1169 2381 ille
1182 2327 1291 2381 alterum
1305 2341 1335 2382 se
1350 2326 1398 2383 tibi
1418 2327 1586 2387 exhibuisset
1600 2331 1759 2405 Antomum,
1774 2342 1805 2393 ut

154 2420 228 2479 omni
242 2425 284 2477 est
297 2424 455 2484 contemptu
469 2411 602 2467 deterior:
620 2410 682 2465 talis
700 2422 807 2480 quoque
821 2407 952 2463 modestia
1008 2414 1137 2488 quidquid
1169 2413 1214 2470 rol
1238 2413 1333 2471 leviter
1347 2414 1381 2470 de
1400 2414 1478 2472 labiis
1491 2417 1552 2486 eius
1565 2420 1735 2488 procederet,
1753 2438 1803 2480 ne·

153 2512 224 2567 ultra
238 2519 347 2562 omnem
367 2501 479 2558 modum
503 2498 671 2556 extenditur.
695 2496 773 2553 Ultra
798 2495 895 2566 dicam,
919 2510 954 2551 au
1007 2520 1084 2561 cesse
1099 2518 1153 2560 non
1165 2503 1277 2560 haberes
1289 2502 1433 2570 discutere,
1449 2505 1497 2561 sed
1512 2506 1750 2567 sinecunctationa
1767 2515 1802 2569 ιι

153 2597 239 2658 eitra?
253 2594 308 2650 Sed
321 2592 411 2649 verius
434 2589 548 2646 forsitan
572 2594 600 2643 et
623 2595 737 2659 utroque
757 2583 956 2657 competentius
1007 2591 1098 2648 omnia
1112 2589 1179 2645 nibil
1205 2589 1332 2647 lraesitaus
1351 2591 1498 2649 obedires?
1522 2594 1545 2652 0
1565 2596 1724 2653 monachum
1736 2599 1804 2655 obe

153 2685 278 2750 dixerim,
293 2688 378 2738 extra.
399 2678 492 2751 Qualis
510 2678 627 2748 denique
646 2678 743 2733 illaest
761 2674 953 2747 mansuetudo,
1008 2680 1215 2750 dientissimum,
1240 2679 1286 2737 cui
1304 2697 1337 2735 ex
1353 2680 1517 2753 quibnlisbet
1529 2683 1666 2742 seniorum
1682 2688 1804 2747 verbulis

152 2791 214 2849 (11¹ae
236 2774 295 2846 il⁸⁸⁰
321 2771 402 2828 emm
425 2767 518 2824 mim
543 2765 665 2823 ΟΜΝΗ]
689 2779 770 2820 “ures
792 2763 954 2834 witisi?
1008 2768 1803 2850 neutrumquidemiotapraeterroletlNonattcnditquala

152 2866 222 2924 Volo
244 2871 335 2919 temen
350 2875 408 2915 eam
423 2857 511 2930 ipsam
527 2862 557 2911 ιι
574 2863 601 2910 et
622 2853 687 2910 mibi
708 2853 791 2909 modo
813 2852 952 2909 exhibeas.
1006 2856 1042 2912 sit
1059 2857 1131 2928 qnod
1144 2855 1371 2928 praecipitur,hoo
1383 2859 1594 2918 solocoutentus
1606 2863 1802 2938 quiapraecipt.

152 2956 220 3014 cum
236 2969 289 3008 ram
309 2949 412 3021 patiens
425 2947 473 3011 sis,
494 2947 525 3000 nt
543 2961 558 2999 a
584 2943 708 3016 quolibet
726 2941 808 3032 etaim
826 2955 881 3013 quo
899 2956 954 2997 uon
966 2916 989 2996 c
1003 2952 1057 3011 tur,
1074 2947 1125 3002 boc
1138 2945 1196 3002 solo
1209 2952 1352 3003 mutentus
1370 2947 1685 3026 quiaproecipitur('18).
1700 2953 1801 3013 Etbaeo

148 3042 222 3112 b'cct,
238 3039 356 3113 pertrabi
369 3051 423 3093 nou
441 3034 601 3101 contendas,
617 3032 696 3089 liceat
710 3039 737 3087 et
751 3047 804 3100 me,
824 3030 948 3101 obsecro,
1002 3040 1045 3088 est
1059 3033 1214 3090 obedientia
1227 3035 1286 3092 sine
1299 3050 1385 3094 mora.
1401 3035 1430 3092 Si
1443 3037 1482 3094 ιιι
1495 3047 1631 3111 opportet,
1646 3041 1707 3098 sine
1720 3058 1800 3101 nausa

149 3132 235 3205 paulo
258 3144 329 3186 nunc
342 3124 522 3182 confidentius
536 3137 620 3195 agere
633 3129 731 3178 tecum
744 3118 871 3191 Alioquin
880 3119 949 3174 male
1001 3120 1104 3197 legitur
1118 3124 1145 3179 in
1159 3119 1294 3180 Ecclesia:
1308 3125 1410 3182 Omnia
1420 3127 1546 3197 probate,
1561 3129 1633 3201 quod
1642 3129 1746 3188 bonam
1756 3136 1801 3192 est

152 3221 266 3278 multum
288 3218 376 3272 merui
401 3214 436 3270 de
458 3221 496 3280 te,
519 3211 543 3266 si
567 3211 652 3285 (quod
663 3208 767 3266 nemini
790 3207 874 3280 soles)
896 3206 947 3262 soii
1003 3214 1096 3270 terrete
1110 3213 1246 3284 (Thessa,
1262 3211 1319 3282 ιι).
1333 3212 1362 3270 Si
1375 3213 1412 3269 ita
1421 3222 1538 3285 oportet,
1548 3217 1753 3290 deleamusJam
1767 3222 1801 3280 de

153 3309 218 3366 mihi
231 3305 430 3379 in(filiuandum
446 3299 594 3374 ilumeris·
1001 3299 1488 3375 libroiiraugalii,Estoteprudenter
1499 3306 1800 3382 mestrerpentes,suf.

189 3401 233 3455 ιι.
257 3394 342 3468 lgitur
364 3401 437 3449 tuam
460 3391 592 3448 convenio
613 3385 816 3445 conscientiam.
844 3382 947 3442 Valens
1001 3390 1108 3446 finiente
1122 3389 1220 3461 quippe
1234 3391 1308 3461 quod
1322 3392 1455 3464 sequitur,
1471 3397 1499 3449 et
1511 3394 1656 3466 simplices
1668 3397 1801 3455 smutco.

152 3505 187 3546 an
207 3488 308 3545 invitus
332 3483 469 3556 protectus
486 3481 535 3537 esi
551 3477 605 3537 sed
625 3477 649 3533 si
668 3492 702 3533 er
722 3475 860 3533 voluntate
889 3475 945 3545 iam
1002 3478 1106 3535 tumbae
1119 3477 1230 3550 (llattb.
1246 3493 1276 3544 x,
1293 3479 1348 3550 to).
1360 3481 1416 3538 Nec
1431 3481 1491 3540 dico
1506 3497 1523 3540 a
1538 3483 1654 3541 subditis
1673 3487 1800 3544 mandat,

152 3595 207 3636 non
237 3594 271 3633 ex
299 3573 463 3632 obedientia.
484 3571 514 3626 Si
539 3577 631 3625 autem
654 3567 764 3634 invitus,
793 3574 947 3637 suspectum
1002 3569 1208 3641 praepositorum
1223 3584 1282 3626 esse
1295 3569 1477 3641 dijudicanda,
1493 3571 1538 3628 ubi
1552 3572 1588 3628 nil
1601 3573 1691 3644 juberi
1705 3577 1800 3648 deprc

151 3669 250 3725 rideris
271 3666 396 3723 babuisse
410 3663 565 3734 imperinm,
584 3660 626 3717 oui
647 3656 760 3729 obsequi
777 3655 945 3728 gravabaris.
1001 3656 1127 3714 benditur
1144 3657 1243 3714 divinis
1256 3657 1419 3715 contrarium
1443 3661 1590 3719 institutis:
1606 3665 1654 3720 sed
1669 3679 1799 3722 necessa·

151 3759 204 3816 Ubi
221 3771 286 3815 aero
305 3751 436 3825 suspicio,
456 3752 494 3806 ibi
510 3748 644 3806 discussio
663 3745 824 3804 neccssaria.
846 3744 947 3802 Verum
1001 3747 1067 3804 riam
1081 3761 1174 3802 assero
1199 3754 1227 3803 et
1248 3747 1426 3819 prudentiam,
1442 3765 1495 3822 qua
1516 3753 1671 3809 advertatur
1691 3754 1799 3828 siquid

143 3856 181 3905 tu
192 3855 221 3905 ιι
235 3855 288 3904 tua
303 3842 438 3917 patientia
451 3838 581 3897 daresrel
593 3853 704 3910 caperes
718 3836 944 3909 experimentum
999 3836 1170 3902 adversaturt
1186 3845 1213 3893 et
1230 3835 1381 3893 libertatem
1397 3852 1451 3910 qua
1472 3848 1500 3895 et
1513 3837 1631 3913 ingenue
1643 3850 1799 3898 contemna-

151 3938 217 3997 nibil
230 3934 386 4000 discutiens,
400 3931 467 3988 trabi
481 3940 614 4002 tepassus
627 3942 667 3995 es,
683 3927 835 3984 consulum
848 3935 947 3999 praetcr
1000 3936 1055 3986 tur.
1070 3926 1205 3985 Gaurum
1219 3926 1281 3994 iste,
1297 3927 1367 3984 Nihil
1384 3926 1480 4000 iuquit,
1496 3928 1584 3987 babeo
1604 3927 1775 4003 interrogare
1794 3950 1801 3991 :

149 4029 312 4092 ιοιιιιιιιιιιι
325 4031 408 4092 tuarn,
428 4024 477 4080 aed
490 4023 623 4078 mcontra
636 4017 838 4076 muscientiam.
857 4017 880 4076 0
898 4032 947 4088 pa·
1000 4015 1098 4075 viderit
1126 4015 1170 4072 ille
1198 4015 1262 4087 qaid
1287 4016 1407 4087 jusserit.
1434 4018 1492 4088 Dio,
1523 4033 1625 4093 queso,
1647 4018 1670 4075 si
1692 4020 1757 4079 ιιι)
1770 4021 1799 4078 i„

150 4114 326 4176 tieutisomni
336 4113 419 4186 digna
436 4106 616 4182 impatientia!
634 4107 829 4178 Nauportum,
850 4104 945 4171 lateor,
999 4121 1097 4162 manos
1110 4104 1214 4178 gladio,
1229 4120 1308 4163 suum
1322 4115 1349 4165 te
1360 4109 1459 4165 armari
1470 4109 1596 4180 insumet
1617 4109 1645 4166 in
1657 4109 1797 4185 iugulum,

151 4220 206 4263 non
220 4204 300 4260 irasci
313 4201 376 4257 huie
389 4194 643 4255 eoamntiosissimre
661 4192 809 4265 patientiae.
831 4191 947 4249 tudes
963 4231 987 4312 υ
1001 4193 1183 4268 aequiansscs
1204 4200 1250 4251 aut
1263 4193 1286 4250 ai
1296 4211 1325 4253 se
1336 4202 1382 4256 tuo
1394 4198 1525 4259 voluisset
1538 4198 1657 4272 impulsu
1667 4201 1695 4257 in
1705 4199 1799 4272 ignem

150 4293 359 4363 dispergentem,
388 4294 415 4341 et
445 4281 616 4355 sequebaris:
646 4279 774 4339 scandda
804 4279 947 4338 dictantem
1002 4282 1799 4362 aelinaquemproecrpitemdari,obtemperasssslttnnna

151 4378 291 4444 audiebas,
311 4384 338 4432 et
359 4370 564 4445 obsequebaris.
583 4368 653 4426 Vera
671 4368 800 4441 patientia
822 4376 873 4438 est,
893 4370 949 4443 pati
1001 4372 1081 4431 etiam
1095 4377 1130 4428 ab
1148 4373 1190 4430 bis
1204 4389 1258 4432 non
1273 4376 1417 4448 probibere
1435 4393 1500 4436 curn
1519 4377 1621 4451 possis,
1645 4380 1674 4434 tn
1693 4381 1798 4438 crimen

150 4471 192 4530 rel
210 4481 293 4542 agere
312 4472 406 4522 contra
422 4460 496 4536 quod
509 4460 608 4518 libeat:
631 4458 681 4515 scd
695 4473 749 4516 uon
763 4461 949 4533 praeterquod
1001 4464 1049 4522 tibi
1065 4469 1204 4536 reputatur
1213 4464 1371 4523 bomicbtiit
1380 4467 1442 4538 riga
1457 4482 1535 4540 ergo,
1549 4467 1611 4526 ride
1626 4468 1737 4527 notorie
1746 4471 1798 4527 ,ab

139 4561 240 4619 tinen.
256 4554 313 4613 22
327 4555 423 4611 ttirum
436 4566 503 4609 varo
512 4552 585 4624 quod
599 4549 739 4608 bominem
751 4550 880 4609 audiebas
894 4549 949 4608 tur
1001 4563 1130 4627 praetcxtu
1143 4553 1303 4611 obedientia
1316 4556 1345 4613 in
1359 4556 1498 4631 quidpiam
1525 4558 1551 4616 ei
1577 4558 1688 4633 gravius
1710 4559 1799 4617 inser·

150 4651 204 4710 tire
221 4651 417 4714 susurrantem,
433 4643 519 4698 Deum
535 4656 591 4697 uon
608 4639 737 4696 audiebas
750 4648 845 4713 aperte
859 4641 947 4698 recla-
1000 4643 1092 4700 vieris.
1119 4644 1180 4700 Non
1208 4647 1318 4718 ignoras
1338 4647 1485 4721 certequis
1510 4648 1609 4707 dixerit
1621 4650 1697 4720 (nam
1729 4649 1797 4708 mibi

150 4748 278 4809 mantem,
298 4735 344 4794 tali
358 4731 435 4808 quasi
449 4730 558 4787 coelitua
572 4729 672 4787 amisso
690 4732 812 4786 tonitru:
838 4730 880 4786 Voe
900 4732 948 4787 itti
998 4731 1063 4789 binc
1076 4731 1192 4790 fortasse
1205 4749 1260 4791 nou
1273 4734 1412 4807 crederes)
1425 4737 1553 4807 expedire
1562 4737 1685 4796 mndata
1695 4735 1799 4792 sacten.

150 4817 948 4908 ρινᾳιιιιιιιαιιιιαιιιιυιιιιιιιιιαιιι.ιιιιι,ι.)Νοιιιιι.
998 4822 1070 4880 ιιιιι
1088 4822 1210 4896 demergi
1228 4823 1321 4898 potius
1345 4824 1374 4880 in
1397 4823 1563 4897 protundum
1576 4825 1657 4883 maris
1678 4822 1795 4898 (liottb.

150 4932 206 4977 tum
230 4926 319 4975 antem
337 4912 478 4984 Dominus,
493 4909 543 4967 sed
556 4919 584 4965 et
596 4912 709 4983 sanguis
721 4911 810 4983 ipsius
828 4911 946 4967 clamore
998 4929 1081 4984 ιιιιι,
1101 4916 1140 4984 6).
1156 4912 1211 4970 Gur
1228 4914 1282 4971 boe
1295 4912 1374 4986 dixit,
1392 4914 1444 4969 nisi
1462 4915 1528 4987 quia
1541 4913 1693 4988 siguificare
1711 4915 1797 4975 voluit

149 5006 335 5073 nihilominus,
355 5003 518 5067 vehementi,
534 4999 625 5056 surdis
643 4998 716 5070 licet,
735 4999 893 5057 terribiliter
906 5003 945 5063 ir-
998 5005 1052 5060 tam
1066 5002 1160 5076 gravia
1172 5002 1234 5059 itlos
1247 5002 1276 5059 iu
1285 5013 1424 5074 posterum
1432 5019 1543 5062 manere
1556 5011 1698 5076 tormenta,
1713 5014 1744 5061 ut
1756 5005 1796 5062 eis

149 5096 282 5174 rugiebat.
299 5095 405 5151 Clamor
423 5095 493 5166 ejus,
516 5091 576 5163 ejus
593 5089 703 5148 allusio.
720 5089 832 5148 Eliusus
846 5094 946 5167 quippe
998 5101 1153 5164 comparata
1167 5105 1240 5149 mors
1253 5093 1419 5165 temporalis,
1434 5109 1486 5153 nac
1496 5093 1613 5167 poenrlis
1627 5110 1688 5153 02⁸0
1702 5094 1796 5150 videa.

148 5202 199 5261 pro
213 5184 342 5258 dispersis
356 5183 421 5240 litiis
434 5183 484 5240 liei
499 5190 528 5239 ut
541 5197 590 5239 eor
607 5187 787 5258 congregaret
808 5182 835 5238 in
850 5199 944 5254 unum,
998 5187 1053 5252 tur,
1065 5182 1114 5239 sed
1136 5182 1301 5240 commodat
1315 5181 1386 5250 Quid
1400 5198 1468 5258 ergo
1485 5201 1546 5243 eum
1560 5184 1684 5244 seandala
1708 5183 1797 5242 lacem

145 5277 220 5353 juste
232 5273 366 5333 tremebat
379 5273 406 5330 in
422 5272 602 5346 dispersores.
616 5271 680 5332 Odit
695 5271 827 5333 nimbum
839 5273 945 5350 disper·
995 5271 1111 5344 inrisui
1122 5272 1297 5346 Jurbuemm
1306 5275 1449 5350 amatodo
1461 5275 1549 5344 illum.
1559 5275 1733 5350 obsequendo
1743 5274 1795 5332 illi.

137 5372 237 5437 ..om
260 5363 308 5452 qui
331 5375 387 5423 nou
414 5363 491 5422 notit
511 5364 564 5424 niti
586 5361 726 5441 willam·
749 5363 865 5446 uagnut
885 5366 946 5443 eius
996 5367 1094 5429 Nonne
1108 5364 1472 5446 utilina,jugtgppaemig„m
1481 5365 1613 5429 verimi,
1622 5365 1795 5436 genuum,

183 5458 242 5539 (ιι)
261 5454 430 5518 blica-deest
444 5454 540 5519 boc...
554 5471 642 5533 prce.
