3728 5940
157 204 211 265 ns
594 177 609 229 ·'
621 197 649 258 s.
672 195 840 260 castrant
859 196 996 259 rostris
1013 195 1332 260 maturianensis
1755 197 1814 258 πε

159 339 239 388 tores.
263 328 436 387 Excurrimns
449 341 535 397 nsque
549 326 614 390 huc,
638 324 745 397 plenius
762 333 787 380 te
805 333 885 396 atque
901 339 951 380 ex·
970 339 993 417 Α
1009 325 1198 392 consideratio,
1217 338 1274 396 qua
1287 324 1356 380 lorte
1374 322 1519 390 inveneris,
1539 321 1686 395 quomodo,
1710 323 1734 379 si
1750 322 1814 380 lieri

159 419 281 490 pressius
290 414 491 472 admonendum
510 413 822 484 putantcshorumquae
840 412 952 470 circata
1008 413 1105 486 possit,
1121 421 1263 471 convertas
1286 427 1344 479 eos,
1359 427 1394 467 ne
1409 410 1461 485 ipsi
1489 410 1645 467 subvertant
1672 419 1708 467 te.
1739 410 1812 482 Quid

160 515 224 563 aunt
236 506 264 560 in
279 505 329 560 bac
343 509 431 574 parte.
1009 501 1156 558 diffidimus
1170 517 1251 574 posse
1274 502 1371 560 reverti
1399 500 1427 557 iu
1450 515 1526 568 ores,
1541 516 1559 556 e
1575 499 1674 574 quibus
1701 500 1769 557 verti
1783 501 1812 555 in

195 597 222 648 5.
245 594 304 648 lam
320 593 352 647 ad
368 591 493 647 ordinem
515 605 697 648 recurramus.
714 590 800 659 Quale
814 599 867 658 est,
883 592 953 665 quod
1009 592 1088 661 lupos
1100 591 1273 661 potnerunt?
1289 590 1347 657 llic,
1364 589 1418 656 bie,
1435 605 1489 644 non
1500 603 1582 661 parco
1601 586 1661 656 tibi,
1677 597 1706 644 nt
1719 599 1814 660 pareat

160 685 195 736 da
224 681 318 752 spoliis
347 679 524 735 ecclesiarum
554 685 680 734 emuntur
705 678 745 750 [cl
772 679 886 752 emuntl,
908 679 956 752 qni
1009 679 1094 735 Deus.
1112 679 1249 735 Pastorem
1264 686 1290 734 tc
1314 677 1490 749 populobuic
1509 687 1583 734 certe
1602 685 1649 732 aut
1666 691 1746 750 nega,
1764 688 1814 733 aut

159 770 254 825 dicunt
274 769 334 836 tibi,
356 769 443 840 Euge,
460 769 556 840 eugc‘l
571 770 724 838 Paupernm
739 768 792 826 rita
811 769 839 822 in
858 768 956 841 plateis
1010 767 1119 823 exhibe.
1141 768 1201 823 Non
1216 767 1329 840 negabis
1345 782 1352 823 :
1368 781 1404 821 ne
1417 767 1497 834 cujus
1507 765 1599 822 mem
1614 772 1700 833 tenes,
1717 773 1745 822 te
1760 774 1813 822 ne·

159 859 273 916 divitum
291 857 447 913 seminatur.
466 857 614 927 Argentum
629 857 709 913 micat
726 857 754 911 in
768 857 824 914 luto
841 876 848 911 ι
864 873 957 914 accur-
1012 857 1216 929 gethaeredem.
1246 855 1343 913 Petrus
1362 855 1407 911 iric
1430 864 1480 922 est,
1501 855 1548 928 qui
1562 854 1812 927 nesciturproces-

161 948 228 1001 ritur
242 945 371 1016 undique,
388 946 457 1001 tollit
472 944 537 999 illud
549 959 603 1000 non
621 944 776 1017 pauperior,
787 945 836 1000 sed
851 944 955 1013 iortior,
1011 945 1080 1000 aisse
1093 944 1240 1016 aliqnando
1253 945 1295 1001 rel
1310 943 1425 1015 gemmis
1440 953 1561 1011 ornatus,
1572 945 1615 1000 rel
1630 942 1739 1010 sericis,
1756 960 1812 1000 uon

162 1041 208 1090 aut
221 1034 269 1109 qui
284 1034 353 1089 torte
367 1034 641 1105 caiuspreeucurrit.
653 1035 676 1087 A
689 1042 717 1089 te
731 1043 819 1090 tamen
836 1050 895 1091 mos
908 1035 958 1090 istc
1010 1039 1098 1088 tectus
1112 1047 1188 1099 auro,
1204 1048 1257 1089 nou
1271 1041 1366 1089 rectus
1380 1047 1450 1105 equo
1478 1033 1540 1088 albo
1562 1032 1631 1104 (tt),
1652 1047 1702 1087 uec
1724 1033 1813 1104 stipa-

161 1125 203 1181 rel
220 1125 310 1196 potius
326 1137 400 1178 mors
414 1123 465 1178 ista
479 1136 532 1177 non
547 1123 644 1193 coepit3
654 1122 680 1176 in
690 1131 716 1178 te
729 1123 830 1178 utinam
840 1123 955 1182 desinat.
1011 1127 1057 1176 tus
1072 1118 1166 1188 milite,
1178 1136 1229 1177 nec
1241 1119 1531 1192 circumstrepentibus
1550 1128 1642 1191 septus
1669 1120 1812 1177 ministris.

162 1210 217 1268 Sed
233 1210 334 1283 reliqua
348 1224 554 1283 prosequamur.
568 1210 643 1265 luter
657 1211 715 1267 baec
729 1217 756 1266 tu
778 1221 871 1282 pastor
893 1229 957 1284 pro·
1012 1208 1121 1280 Absque
1136 1208 1180 1263 bis
1194 1216 1285 1264 tarum
1298 1209 1413 1266 credidit
1426 1208 1493 1264 satia
1509 1223 1590 1279 posse
1604 1208 1713 1281 impleri
1736 1210 1813 1266 salu-

162 1298 236 1356 cedia
259 1300 414 1364 deauratus,
441 1306 495 1353 tarn
522 1299 605 1355 multa
618 1299 800 1355 circumdatus
822 1301 958 1359 varietate.
1013 1296 1297 1355 taremandatumisi
1309 1315 1389 1356 umor
1399 1298 1812 1370 merilaweovvtmmilwn·

163 1387 235 1446 Ores
254 1388 319 1460 quid
341 1386 473 1456 capiunt‘l
488 1386 516 1442 Si
531 1387 660 1443 auderem
677 1388 780 1455 dicere;
805 1390 957 1448 daemonum
1013 1399 1074 1440 ¹¹1·
1097 1386 1152 1455 iil.
1180 1385 1208 1439 ln
1227 1385 1448 1452 nbsuceessisri
1460 1401 1515 1441 ⁰⁰¹¹
1540 1387 1638 1454 Ρὲῑΐθ,
1660 1383 1746 1442 ⁴88
1765 1389 1813 1441 wi

162 1477 260 1550 magis,
272 1490 354 1548 quam
370 1476 460 1530 orium
483 1489 585 1545 pascua
596 1477 664 1532 baec.
679 1475 786 1533 Scilicet
805 1477 844 1534 sic
857 1477 960 1535 iactita-
1015 1475 1201 1532 Constantino.
1219 1474 1340 1532 Consule
1355 1475 1494 1533 toleranda
1517 1491 1567 1548 pro
1600 1483 1734 1550 tempore,
1758 1492 1813 1532 non

164 1567 210 1622 bat
225 1567 328 1632 Petrus,
347 1564 386 1620 sic
396 1563 496 1620 Paulus
506 1563 636 1620 ludebat?
651 1565 732 1621 llides
748 1581 856 1623 omnem
872 1568 963 1626 eccle-
1015 1563 1167 1622 offerenda
1181 1579 1231 1639 pro
1240 1564 1343 1623 debito.
1363 1564 1405 1623 Ad
1419 1583 1451 1623 ea
1472 1571 1502 1623 te
1516 1565 1606 1637 potina
1622 1566 1714 1634 incito,
1740 1584 1814 1639 quo-

164 1653 302 1713 siastlcum
326 1652 415 1709 uelum
429 1652 535 1709 serrare
557 1653 619 1710 sola
637 1669 685 1725 pro
706 1655 837 1727 dignitate
851 1659 959 1714 tuenda.
976 1619 1076 1710 Brum
1090 1663 1119 1711 te
1132 1654 1188 1712 scio
1202 1653 1363 1711 debitorem.
1383 1657 1441 1712 Etsi
1465 1664 1630 1729 purpuratus
1662 1656 1734 1728 (ta),
1764 1657 1814 1712 etsi

165 1744 266 1800 Pauori
281 1749 368 1799 totum
385 1743 474 1807 datur,
490 1741 624 1798 sanctitati
648 1743 726 1809 unit,
742 1753 787 1799 ant
810 1760 915 1817 parum.
932 1747 960 1803 Si
1014 1744 1307 1812 deauratuaiucrdens,
1336 1759 1390 1800 non
1414 1753 1456 1800 est
1483 1753 1572 1802 tamen
1601 1745 1676 1815 quod
1699 1729 1828 1802 horreas'

164 1848 247 1888 caum
261 1831 414 1903 requirente
423 1830 506 1902 paulo
516 1831 678 1887 submissius
688 1848 781 1905 agere,
793 1848 826 1891 ac
835 1835 961 1893 socialius
1015 1847 1128 1903 operam
1143 1847 1272 1889 cnmmre
1286 1833 1456 1905 pastoralem,
1484 1832 1601 1890 Pastoris
1628 1832 1713 1890 haeres
1732 1851 1739 1888 :
1755 1848 1813 1889 uon

164 1929 191 1976 te
228 1921 327 1975 babere
352 1918 511 1988 tentareris;
535 1919 629 1975 Absit?
647 1921 782 1993 inquiunt,
806 1938 861 1979 non
884 1925 961 1982 decet
1015 1924 1057 1977 cst
1070 1921 1669 1996 quoderabeacasEvangelium.0uanquam
1684 1923 1707 1977 si
1720 1922 1815 1980 volem

164 2009 234 2082 (ld),
249 2007 364 2079 tempori
384 2023 438 2063 nou
452 2008 587 2082 congruit,
608 2011 741 2079 majestati
751 2026 806 2067 non
824 2014 958 2079 convenit,
1001 2009 1195 2083 -erangeliaes,
1210 2010 1436 2084 interApostoloa
1450 2010 1558 2085 quidem
1573 2011 1656 2067 etiam
1675 2009 1760 2085 gloria
1775 2017 1816 2066 est

165 2110 244 2171 qnam
263 2111 344 2169 geras
358 2112 500 2169 personam
516 2097 655 2154 attendito.
671 2099 711 2155 Ile
722 2100 817 2170 placito
833 2102 881 2157 [tei
896 2102 959 2158 ulti·
1016 2098 1072 2154 tibi.
1101 2100 1293 2171 Evangelizare
1316 2114 1427 2172 pascere
1455 2108 1504 2157 est.
1533 2098 1585 2156 Fac
1598 2115 1667 2171 opus
1694 2115 1816 2172 evauge-

167 2201 210 2242 ma
223 2184 325 2242 mendo
348 2191 404 2255 est3
425 2201 475 2257 pro
488 2183 597 2258 jactura
622 2187 715 2243 salutis
738 2189 811 2244 nulla
824 2191 959 2248 cunctatio
1015 2187 1093 2257 listae,
1112 2197 1139 2244 et
1153 2189 1270 2259 pastoris
1285 2205 1355 2260 opus
1368 2190 1495 2262 implesti.

167 2276 218 2331 nisi
242 2275 314 2347 quod
333 2274 449 2330 sublime
481 2282 532 2345 est,
555 2275 606 2332 boc
625 2276 741 2334 saluure
764 2277 912 2348 ducamus;
934 2292 961 2337 et
1049 2278 1076 2332 t.
1093 2277 1243 2346 Dracones,
1260 2278 1361 2351 inquis,
1377 2294 1421 2335 me
1435 2292 1530 2334 mones
1553 2292 1677 2348 pascere,
1698 2286 1725 2334 et
1740 2293 1817 2334 scor·

167 2362 239 2436 quod
256 2363 371 2436 gloriam
392 2362 508 2435 redolet,
527 2362 553 2418 id
576 2364 698 2434 justum.
716 2366 753 2422 lta
767 2381 848 2424 omne
859 2368 960 2425 humile
1016 2365 1111 2436 pianes
1135 2409 1142 2433 ,
1160 2382 1216 2423 non
1230 2383 1305 2435 ores,
1319 2366 1433 2437 Propter
1448 2368 1508 2433 boc,
1521 2367 1642 2437 inquam,
1658 2367 1748 2439 magis
1763 2381 1817 2437 ag-

167 2453 269 2526 probro
282 2452 391 2509 ducitur
410 2452 635 2524 interpolatione,
661 2462 690 2509 ut
708 2453 813 2512 lucilius
826 2457 872 2529 qni
887 2473 958 2526 esse,
1014 2455 1125 2528 gredere
1144 2471 1202 2524 eos,
1217 2456 1263 2512 ssd
1292 2455 1385 2523 aerbo,
1410 2470 1465 2510 non
1490 2455 1572 2510 ierro.
1597 2452 1666 2523 Quid
1682 2462 1709 2507 tu
1726 2455 1819 2509 denuo

168 2558 249 2614 quam
271 2540 318 2612 qtti
344 2557 473 2612 apparere
495 2541 605 2597 humilis
619 2542 693 2612 velit,
722 2545 854 2604 invenias.
868 2547 960 2604 Timor
1014 2559 1145 2615 usurpare
1160 2544 1281 2618 gladium
1298 2550 1399 2612 tentes,
1420 2558 1503 2616 quem
1525 2541 1715 2611 semelJussns
1730 2557 1818 2597 esre·

170 2631 277 2687 Domini
305 2629 464 2700 simplicitas
493 2639 642 2701 reputatur,
673 2649 706 2689 ne
727 2634 815 2692 dicam
840 2637 957 2694 fatuitas.
1013 2647 1115 2706 ponere
1137 2633 1164 2688 in
1180 2630 1437 2706 ragnamiQuem
1460 2639 1552 2687 nmen
1565 2630 1611 2702 qni
1629 2638 1708 2686 tuum
1723 2638 1820 2702 negate

170 2719 263 2775 Virum
277 2718 505 2789 circumspectum
515 2727 543 2774 et
554 2720 669 2775 amicum
689 2724 804 2794 propriae
818 2725 961 2781 conscien·
1015 2737 1069 2779 nou
1085 2722 1153 2778 satis
1166 2721 1233 2777 mibi
1249 2721 1353 2778 ridetur
1367 2719 1508 2778 attendere
1522 2720 1634 2775 verbum
1648 2718 1758 2774 Domini
1780 2719 1820 2771 di·

169 2807 214 2862 tire
248 2805 446 2861 calumniantur
475 2807 653 2879 hypocritam.
695 2810 779 2868 Porro
813 2821 958 2870 amatorem
1013 2808 1818 2884 cantisaic:donomtcglndirtmtrtom,inoopirtomdocn.

170 2895 278 2966 quietis,
298 2901 325 2949 et
339 2894 389 2949 sibi
410 2895 545 2950 interdum
566 2906 718 2967 vacantem,
732 2899 852 2957 inutilem
867 2902 971 2960 dicunt.
984 2906 1007 2986 c
1021 2917 1105 2971 xrrrt,
1123 2902 1179 2973 ll).
1195 2901 1269 2957 Tuus
1280 2915 1346 2974 ergo
1361 2908 1388 2956 et
1403 2900 1471 2971 ipse,
1484 2907 1531 2954 tuo
1545 2897 1659 2954 lorsitan
1675 2905 1752 2964 nutu,
1768 2898 1820 2952 etsi

478 2983 589 3041 CAPUT
608 2986 654 3041 111.
1021 3006 1076 3047 non
1097 2997 1145 3047 tna
1159 3005 1242 3046 manu
1255 2989 1451 3064 evaginandus.
1467 2988 1594 3059 Alioquin
1609 2987 1632 3041 si
1647 2986 1722 3041 nullo
1736 2985 1818 3040 modo

170 3073 208 3131 bc
221 3076 343 3131 cestium
355 3089 460 3147 pompa
475 3074 640 3146 resecanda,
655 3079 684 3133 et
699 3078 758 3135 nelo
773 3079 964 3150 Pontificius·
1022 3079 1057 3135 ad
1079 3088 1105 3135 te
1119 3079 1266 3153 pertineret
1295 3085 1321 3135 et
1348 3078 1381 3146 is,
1397 3075 1549 3135 dicentibus
1572 3073 1720 3146 Apostolis,
1751 3076 1819 3131 Ecce

504 3158 635 3221 cessario.
1021 3168 1110 3240 clodii
1127 3167 1181 3226 duo
1199 3169 1326 3235 liemon
1340 3166 1526 3237 respondisset
1536 3164 1677 3231 Dominus,
1698 3163 1820 3221 Setiam

206 3256 234 3308 6.
260 3251 328 3320 Quid
351 3267 418 3326 ergo
443 3253 496 3307 tui
510 3253 659 3323 evigilasne
673 3256 760 3312 adbuc
778 3257 811 3311 ad
826 3257 904 3326 istos,
920 3261 967 3333 qui
1021 3258 1087 3330 (Aac
1102 3271 1176 3325 xxn,
1187 3256 1251 3327 38);
1266 3255 1326 3323 sed,
1341 3254 1430 3311 Nimis
1440 3262 1492 3310 est.
1508 3253 1628 3325 Uterque
1640 3267 1707 3325 ergo
1719 3250 1818 3308 Eccle-

168 3340 406 3398 eircumdederunt
428 3340 572 3414 telaqueis
593 3342 712 3399 mortis?
733 3343 841 3415 Quaeso,
863 3346 966 3404 sustine
1020 3345 1067 3402 sie
1090 3353 1117 3400 et
1147 3343 1297 3416 spiritualis
1326 3343 1433 3400 scilicet
1461 3341 1577 3416 gladius,
1594 3350 1621 3397 et
1653 3340 1816 3410 materialis,

151 3430 315 3501 paulisper,
333 3437 361 3484 rt
376 3437 505 3502 supporta
522 3445 576 3487 me.
593 3431 650 3489 lmo
664 3433 825 3503 deveniam,
842 3450 897 3493 non
911 3443 965 3491 tam
1021 3433 1068 3490 sed
1081 3433 1227 3506 isquidem
1242 3448 1292 3504 pro
1307 3431 1443 3500 Ecclesia,
1459 3429 1505 3488 ille
1522 3446 1588 3488 vero
1611 3437 1637 3484 et
1647 3430 1682 3486 ab
1696 3428 1818 3487 Ecclesia

169 3526 286 3586 temere,
303 3532 382 3589 quarn
397 3517 491 3574 timide
502 3519 561 3576 lraec
571 3520 701 3594 loquenti.
712 3523 871 3581 AEmulorte
885 3539 967 3580 aemn·
1018 3523 1205 3580 exserendus:
1228 3521 1273 3578 ille
1296 3520 1457 3587 sacerdotis,
1484 3520 1507 3575 is
1534 3517 1627 3574 militis
1653 3533 1746 3587 mauu,
1771 3519 1818 3573 sed

168 3607 269 3663 latione
282 3608 364 3674 bona,
384 3615 413 3663 et
427 3607 530 3664 utinam
543 3626 624 3681 quam
644 3611 806 3681 vehementi,
828 3620 882 3667 tam
896 3615 965 3669 utili.
1020 3627 1084 3668 sanc
1098 3612 1132 3668 ad
1164 3622 1259 3667 nutum
1281 3609 1442 3675 sacerdotis,
1468 3617 1495 3664 et
1516 3608 1625 3679 iussum
1646 3606 1819 3680 imperatoria

169 3695 285 3753 Scioubi
294 3695 414 3768 babitas3
429 3696 561 3754 increduli
575 3707 602 3754 et
610 3699 788 3757 subversores
795 3710 857 3757 snut
866 3710 965 3760 tecum.
1019 3701 1088 3774 (li).
1104 3701 1137 3756 Et
1157 3700 1192 3756 de
1205 3700 1258 3756 boc
1272 3699 1351 3754 alias.
1367 3697 1446 3754 Nunc
1460 3712 1523 3753 rem
1538 3696 1637 3768 arripe,
1653 3695 1700 3768 qui
1718 3695 1768 3751 tibi
1784 3696 1817 3751 ad

167 3783 235 3856 Lupi
256 3799 314 3840 non
328 3799 395 3841 ores
409 3792 473 3842 aunt
488 3804 495 3842 :
511 3786 602 3843 talium
620 3795 709 3845 tamen
724 3796 753 3845 tu
767 3798 869 3862 pastor.
889 3791 966 3849 Utilis
1019 3790 1170 3846 feriendum
1186 3789 1306 3846 creditus
1321 3795 1380 3844 est:
1411 3796 1436 3842 et
1453 3786 1565 3844 vulnera
1589 3785 1624 3840 ad
1645 3784 1772 3852 salutem,
1797 3785 1818 3840 si

202 3899 262 3972 (dd)
277 3899 345 3957 llide
360 3901 432 3958 unde
446 3904 602 3975 corruptela
620 3904 776 3978 Principum
790 3921 823 3963 ac
841 3904 967 3964 Proelato·
1020 3914 1104 3962 esset.
1114 3904 1251 3960 Ambrosii
1265 3911 1329 3959 roto
1349 3899 1431 3957 fldem
1445 3898 1555 3967 iaciunt,
1571 3900 1673 3970 quaede
1687 3898 1817 3956 Theodo-

169 3986 229 4027 rum
252 3989 259 4027 ε
281 3987 381 4042 nempe
403 3988 419 4028 a
442 3973 520 4028 malis
546 3975 706 4031 consiliariis
729 3985 756 4032 et
778 3977 963 4034 familiaribus.
1022 3977 1057 4033 sii
1074 3977 1190 4046 imperio
1205 3972 1481 4040 olimilorentissimc,
1499 3976 1524 4028 le
1545 3979 1628 4029 untur
1641 3969 1714 4044 apud
1729 3971 1817 4027 Baro·

169 4043 269 4125 lltpota
284 4043 331 4116 qui
348 4051 567 4126 tantumnnoruut
582 4045 706 4103 blandas
744 4063 967 4121 gerero,ncnon
1021 4048 1108 4114 nium,
1120 4056 1226 4105 tomvr
1243 4046 1313 4103 .An.
1329 4044 1429 4100 Christi
1448 4046 1511 4124 Alb.
1526 3989 1568 4101 qiu
1578 4043 1662 4116 plone
1678 4041 1819 4123 Theodosii

167 4130 220 4170 mar
243 4115 378 4187 placentra
393 4115 477 4187 loqur.
492 4115 561 4173 Hinc
575 4118 713 4190 eleganter
747 4134 833 4177 eneoa
848 4132 856 4175 :
873 4122 966 4177 Aoos·
1023 4121 1177 4192 imperium
1191 4134 1244 4191 pro
1258 4117 1377 4175 arbitrio
1392 4116 1565 4180 aulicorum,
1576 4129 1691 4186 nonpro
1705 4119 1819 4173 rotrone

168 4187 248 4267 trodo
263 4186 324 4254 tibi,
340 4187 447 4267 inquit,
462 4188 546 4259 cujus
562 4189 605 4245 rei
616 4191 713 4262 inopia
727 4191 854 4249 laborent
863 4207 968 4264 mogun
983 4203 1006 4280 ῃ
1022 4191 1134 4247 consilii
1144 4189 1381 4246 administratum
1389 4188 1501 4244 interiit
1510 4189 1594 4244 tanto
1602 4187 1818 4266 nicieacorrtrit.

167 4254 295 4328 sorttgio,
309 4257 480 4327 quaomnia
510 4259 786 4328 assumtocadesic,
799 4263 968 4320 scilicetille
1024 4261 1158 4334 llocergo
1182 4268 1275 4327 restat,
1299 4267 1327 4315 ut
1350 4257 1489 4328 Principes
1512 4265 1639 4314 accurate
1661 4256 1817 4328 dispiciant,

186 4327 326 4382 mucram
338 4325 450 4383 dcet...
487 4329 967 4404 onoiquueruudmcdumillosin
1021 4331 1132 4404 quasin
1157 4346 1303 4386 nnmerum
1322 4329 1497 4385 familiarium
1523 4329 1658 4401 adlegant.
1679 4327 1815 4391 Audiaot,

167 4411 292 4470 proecaps
335 4402 366 4453 at
375 4401 521 4456 exstincto
531 4400 688 4468 diminuet
694 4403 799 4473 fidesic
807 4405 968 4476 obsequium
1023 4403 1079 4457 irno
1110 4409 1233 4458 secteut
1262 4409 1290 4456 et
1327 4407 1474 4472 sequantur
1505 4399 1615 4455 Doridis
1650 4397 1816 4471 exemplum.

168 4467 312 4527 servituro
361 4470 605 4533 isso.dumnemc
619 4476 968 4532 exanimiruisententio
1004 4473 1104 4539 ,Ecce
1135 4470 1815 4543 intumetlactumejnsrgrrgiumetrereregium:

167 4540 280 4606 tondet,
290 4536 503 4615 dissuadetque,
511 4544 559 4601 sed
573 4543 713 4602 adulandi
727 4551 872 4604 columen
887 4550 930 4601 est
940 4552 967 4601 et
1021 4545 1083 4601 Non
1093 4542 1231 4600 habitabit
1240 4546 1273 4599 iu
1283 4543 1375 4600 aredio
1384 4543 1483 4599 domus
1493 4543 1820 4624 mamqoisueitsrrper·

167 4627 261 4668 anum
276 4613 433 4669 amicorum
443 4615 574 4671 omnium
583 4616 720 4687 officum,
736 4631 797 4672 uno
811 4619 964 4682 contentio,
1019 4617 1093 4673 bium
1105 4633 1114 4670 .·
1126 4614 1175 4687 qui
1186 4613 1498 4688 reperiremomnia
1511 4613 1818 4685 diracitanconapcctu

155 4683 425 4810 ¹qniaditandisaimc
435 4686 538 4756 sellotl
550 4684 621 4754 (Lib.
632 4701 660 4740 vr
671 4687 711 4742 De
727 4685 830 4766 benef„
842 4701 892 4757 cap
907 4690 963 4759 30.)
1021 4686 1171 4744 oculorum
1184 4701 1313 4742 meorum
1323 4685 1410 4756 (Psoi.
1424 4688 1463 4758 c).

193 4752 238 4810 inc
261 4753 290 4810 S.
305 4754 480 4826 Ambrosius,
493 4757 617 4828 quamtis
631 4756 777 4812 Theodosii
794 4758 965 4829 imperatoris
1060 4755 1241 4830 morsura
1258 4771 1364 4812 morem
1378 4763 1442 4811 tunc
1457 4755 1551 4824 inisse,
1563 4763 1591 4811 ut
1604 4751 1726 4810 Pontileu
1742 4767 1817 4823 equo

162 4838 226 4881 acre
260 4824 410 4899 ingenium,
441 4834 468 4884 et
495 4827 681 4884 vehementem
707 4826 836 4900 impetum
858 4837 961 4897 uomet,
1017 4828 1081 4884 albo
1096 4829 1248 4895 veheretur,
1261 4827 1425 4900 quodetiam
1441 4828 1537 4899 probat
1550 4824 1681 4900 Sugerius
1701 4824 1729 4880 in
1744 4825 1815 4880 libro

163 4895 253 4951 minus
271 4901 362 4952 tamen
379 4896 442 4953 binc
458 4914 539 4970 quam
555 4914 569 4952 a
584 4897 754 4955 familiarium
770 4913 880 4956 suorum
894 4916 962 4956 con·
1017 4902 1051 4956 de
1066 4900 1131 4955 Vita
1154 4899 1285 4955 ludovici
1294 4898 1401 4966 Grossi,
1413 4912 1476 4970 pag.
1493 4901 1555 4953 318.

162 4958 230 5022 tiliis
256 4969 401 5023 metuebat.
428 4967 492 5026 idon
508 4968 666 5041 imperatori
685 4971 807 5026 scribens
821 4971 962 5052 epistolam
1053 4972 1112 5042 (ta)
1127 4972 1222 5027 Petrus
1246 4969 1503 5026 DamiauiPontilici
1515 4968 1640 5024 «rubram
1662 4981 1810 5039 cappam»

160 5040 207 5107 28,
222 5036 249 5093 id
265 5037 300 5093 ab
319 5038 644 5112 ipsoenixiuspostulat,
660 5043 788 5097 utunimi
806 5050 960 5110 sarmatas,
1016 5042 1109 5099 tribuit
1127 5043 1153 5097 in
1178 5042 1223 5097 lib.
1244 5059 1263 5108 r,
1292 5040 1408 5113 epistola
1434 5043 1478 5097 at.
1504 5039 1637 5096 Adrianus
1664 5039 1709 5105 lll,
1738 5038 1811 5108 apud

157 5107 285 5182 wamiis
300 5126 376 5167 acres
396 5118 422 5183 et
442 5110 671 5181 vividos,sibimet
685 5114 785 5186 potius,
803 5129 884 5186 quam
903 5113 962 5168 aliis
1002 5113 1144 5169 doronem
1172 5113 1404 5169 Saresberienscm
1445 5112 1473 5167 in
1495 5110 1658 5182 Polpcmtici
1677 5110 1725 5165 lib.
1749 5123 1808 5176 rnt,

157 5181 295 5254 regendos
306 5182 959 5258 committatiltr'ncm,inquitsinemomitipot,
1015 5200 1076 5257 cap.
1093 5188 1125 5240 23
1141 5186 1189 5252 air,
1207 5207 1218 5235 a
1235 5196 1396 5240 coronamct
1411 5183 1556 5256 phrygium
1573 5203 1584 5231 r
1602 5181 1745 5254 (quodalio
1759 5196 1811 5237 no·

155 5253 963 5385 notloaccrmdctlbt'bcntrrcamnuluroa'mpetnmcorn-
1014 5257 1111 5311 mine«
1130 5272 1245 5330 regnum
1264 5277 1278 5310 s
1298 5258 1420 5324 vocatur)
1448 5274 1460 5307 r
1485 5254 1557 5311 clara
1580 5257 1676 5309 merito
1702 5251 1807 5318 rideri,

155 5324 242 5381 mitto
256 5324 325 5381 tibi.-
341 5327 402 5398 ipsc
417 5330 445 5384 tc
459 5334 619 5394 revocasset
632 5330 780 5401 picantias

151 5392 194 5448 im
232 5392 295 5451 irem
307 5397 480 5476 uotoroeAEt
493 5399 685 5471 rectequidam
702 5398 959 5472 :quodquamvisa
995 5404 1001 5414 ’
1051 5399 1108 5472 (ts)
1122 5399 1198 5471 luem
1211 5398 1302 5455 rerlria
1321 5397 1402 5470 paulo
1410 5397 1558 5453 immutatis
1579 5397 1613 5453 da
1629 5395 1732 5471 duplici
1744 5392 1808 5467 gla-

152 5477 190 5523 ra
211 5472 317 5521 ementi
336 5466 469 5549 Principia
489 5470 494 5480 '
534 5471 596 5527 enio
614 5486 670 5528 non
690 5477 780 5542 potest
791 5486 847 5527 nou
860 5469 958 5538 dmeri,
1012 5468 1059 5527 dio
1078 5469 1194 5527 babetiu
1208 5469 1325 5542 epistola
1337 5471 1400 5526 Alio.
1418 5469 1537 5525 loannes
1551 5463 1764 5527 soabericusls
1777 5466 1807 5525 iu

151 5531 217 5608 plut
246 5542 339 5596 tamen
368 5537 404 5594 ab
427 5539 557 5613 rmproia
588 5539 762 5598 laniunbua
788 5539 959 5599 metuendum
1011 5541 1522 5616 Polycraticilib.1v,cap³trdrtnc
1536 5555 1600 5614 crgo
1618 5537 1749 5616 clodian
1771 5539 1809 5600 da

795 5329 960 5388 odiocirtcis
1013 5329 1079 5399 quia
1093 5327 1172 5403 ignea
1186 5335 1258 5385 sunt.
1281 5347 1293 5378 r
1310 5326 1379 5385 Vide
1402 5325 1472 5382 inira
1486 5341 1513 5380 n.
1531 5329 1557 5393 5,
1573 5333 1600 5380 et
1615 5324 1661 5380 lib.
1672 5338 1702 5391 n,
1727 5337 1756 5379 n.
1773 5325 1807 5379 tt
