3728 5940
102 165 170 261 1139

734 164 924 228 Tflthh'lUS
943 162 984 221 od
1003 162 1122 222 Gth'U.
1188 206 1191 213 .

1676 159 1747 239 rrae

99 289 207 354 sitione,
224 289 274 343 sub
289 287 375 354 finali,
394 289 477 345 modo
492 299 595 371 tonum,
621 291 702 346 modo
722 290 896 347 semitonium
910 304 933 382 Α
984 293 1010 344 9.
1027 289 1236 345 Prohibentibus
1253 289 1343 359 itaque
1358 288 1436 342 metis
1459 296 1560 343 naturae
1574 287 1746 361 necessariis,

98 378 206 446 habeat,
223 378 271 433 sed
299 393 349 433 nec
376 377 424 444 ibi,
441 394 501 436 cum
518 388 613 437 cantus
626 380 737 436 excedat
750 395 781 436 ee
798 396 894 452 super-

100 475 219 521 aculurn.

136 553 163 610 S.
179 554 228 610 Est
252 553 333 628 igitur
350 556 446 626 triplex
457 555 538 627 ratio,
555 574 638 628 quare
651 559 773 615 cantibus
802 558 894 613 decem

101 659 180 698 voces
200 644 380 700 attribuantur
402 647 547 702 :Psalterii
574 650 727 711 auctoritas,
758 647 896 720 dignitatis

101 732 252 804 aequalitas
270 743 296 786 et
313 733 423 788 notandi
448 736 605 790 necessitas.
627 736 779 792 Secundum
805 737 897 805 hujus-

102 820 174 875 modi
201 818 393 876 sufficientiam
421 822 514 878 decem
542 840 640 879 vocum
663 825 898 881 consideraverunt

103 907 198 963 musici
227 911 426 982 progressionis
454 912 657 982 plenitudinem,
685 925 897 986 propterquam

102 995 217 1069 singulis
228 996 421 1070 assignandam
436 999 561 1055 finalibus
570 1003 727 1073 praedictam
743 1001 898 1074 dispositio·

102 1101 163 1140 nem
175 1082 367 1156 ¹protraxerunt
377 1088 400 1144 al
409 1088 428 1140 Γ
437 1106 525 1163 graeco
535 1108 620 1163 usque
631 1093 658 1146 in
668 1108 714 1150 ee:
731 1092 849 1162 alioquin
857 1092 898 1146 iu-

103 1173 241 1231 sufficiens
255 1187 327 1231 essct
342 1177 464 1244 formula,
476 1181 608 1236 necdaret
617 1181 732 1254 singulis
744 1181 898 1252 plenarium

102 1278 257 1319 ascensum.
274 1263 327 1317 llas
342 1264 436 1321 dacem
452 1283 532 1322 voces
546 1269 574 1324 ia
588 1285 635 1324 sua
650 1270 843 1341 progressione
852 1269 900 1323 ati-

104 1363 145 1406 ter
160 1351 287 1408 ordinant
301 1353 431 1427 plagales.
447 1356 601 1413 Autheutos
616 1374 754 1428 vocamus,
771 1358 816 1430 qui
840 1373 897 1411 ura·

949 379 1104 450 plusquam
1134 386 1249 450 quatuor
1275 375 1408 432 manerias
1435 374 1550 430 inveniri
1577 374 1747 448 impossibile

947 473 991 521 est
1017 482 1077 537 quae
1114 468 1141 520 et
1164 465 1229 536 ipsae
1253 464 1400 520 secuudum
1425 462 1578 533 depositum
1601 463 1747 538 plagalium

949 562 976 611 et
993 555 1179 610 authentorum
1205 555 1381 611 elevationem
1401 560 1462 609 octo
1487 551 1572 607 modis
1587 551 1748 623 exprimun-

951 651 1003 709 tur,
1020 660 1134 717 quorum
1150 644 1205 697 biui
1221 654 1248 699 et
1263 643 1327 705 biui,
1349 643 1492 696 authentus
1505 640 1633 696 videlicet
1647 648 1674 696 et
1686 641 1750 712 pla·

949 732 1019 804 galis
1034 735 1104 802 ejus,
1125 732 1287 789 conveniunt
1300 732 1410 795 omnino
1433 730 1461 784 iu
1476 727 1605 797 maneria,
1622 728 1669 783 sed
1693 725 1750 782 dil-

952 822 1051 891 ierunt,
1067 823 1129 877 hinc
1143 822 1170 877 in
1189 822 1359 893 depositione
1372 828 1398 875 et
1411 818 1561 875 elevatione
1577 817 1748 891 progressio-

952 913 1005 981 nis,
1027 911 1089 966 iudo
1117 911 1143 964 iu
1172 911 1303 965 hilaritate
1324 918 1351 964 et
1370 908 1499 982 gravitate
1523 905 1749 978 compositiouia;

953 1001 1130 1055 elevationem
1160 999 1337 1070 siquidemct
1366 996 1528 1052 hilaritatem
1556 994 1751 1065 usurpantibus

953 1088 1100 1158 authentis,
1117 1087 1313 1156 depositionem
1330 1100 1395 1141 vero
1420 1093 1447 1140 et
1462 1085 1617 1156 gravitatem
1633 1083 1750 1156 plagali-

955 1179 1005 1233 bus
1020 1177 1208 1234 retinentibus.

991 1271 1034 1322 to.
1056 1268 1098 1320 Ad
1128 1268 1178 1320 bos
1193 1265 1262 1320 iuter
1276 1281 1305 1319 se
1319 1263 1532 1335 distinguendos,
1557 1264 1717 1318 ‹Neumata
1737 1282 1748 1310 ι

955 1357 1064 1410 inventa
1090 1362 1152 1409 sunt
1178 1353 1295 1425 siugulis
1312 1352 1481 1421 srrhjicienda
1506 1351 1671 1422 antiphonis,
1691 1366 1752 1422 quae

102 1440 170 1508 j0ris
198 1448 260 1495 sunt
288 1442 465 1512 alletoritatis,
490 1444 746 1515 prhuum,tertium,
763 1449 898 1519 quintum,
954 1441 1328 1515 apudquosdamrStivar»
1355 1448 1495 1506 vocarutur,
1512 1448 1537 1493 et
1557 1439 1627 1510 apud
1642 1438 1753 1495 Graeeoa

103 1538 130 1584 ⁰²
158 1529 316 1598 septimum.
342 1532 388 1602 qui
416 1533 524 1605 &lavari
542 1532 636 1588 uolunt
651 1543 698 1590 aut
712 1535 840 1606 deprimi,
851 1537 898 1590 sed
917 1541 939 1618 Β
954 1542 1093 1609 signantur
1108 1556 1155 1609 per
1165 1539 1224 1593 hare
1237 1539 1330 1600 verba,
1349 1536 1428 1590 ‹Hoa
1443 1551 1545 1590 nocane
1562 1556 1572 1583 ι
1590 1546 1616 1591 et
1632 1554 1645 1585 u
1660 1534 1754 1590 nocais

104 1620 176 1674 leves
204 1619 231 1673 in
258 1620 380 1686 saltibus,
409 1622 494 1695 agiles
517 1623 544 1678 iu
569 1625 696 1689 motibus,
725 1625 845 1694 quiritem
873 1634 900 1679 et
954 1630 1029 1697 (aba)
1047 1649 1058 1677 r
1076 1635 1103 1680 et
1123 1627 1164 1680 his
1179 1627 1284 1691 similia,
1306 1640 1367 1695 qua
1382 1624 1491 1693 quidem
1506 1622 1570 1676 nihil
1590 1620 1753 1695 significant,

104 1722 151 1760 eas
178 1723 240 1778 quae
266 1725 347 1780 supra
368 1720 430 1764 suun
457 1711 567 1765 litteras
588 1710 772 1782 frequentant.
790 1713 821 1767 lli
851 1714 902 1767 sub
955 1717 1004 1772 sed
1018 1716 1052 1770 ad
1067 1716 1119 1770 hoc
1145 1723 1248 1770 tautum
1275 1731 1291 1769 a
1314 1712 1416 1768 Graecia
1441 1721 1504 1768 sunt
1527 1720 1644 1783 reperta,
1662 1719 1692 1767 nt
1706 1727 1755 1780 per

104 1794 178 1851 finali
195 1813 257 1868 quae
276 1813 329 1852 una
353 1808 394 1852 est
407 1798 442 1852 de
456 1800 549 1853 decem
564 1799 686 1871 rochus,
704 1815 786 1855 uuam
800 1801 904 1873 subpo-
958 1821 1053 1862 eorum
1067 1804 1190 1860 diversos
1217 1819 1248 1858 ac
1273 1801 1418 1858 dissimiles
1446 1814 1574 1856 sonorum
1597 1798 1755 1855 admiranda

104 1893 181 1950 nunt,
202 1895 262 1938 ueto
293 1897 489 1955 supraponunt.
511 1887 632 1959 Plagales
660 1898 723 1944 suut
749 1889 796 1960 qui
817 1891 905 1947 mino·
958 1892 1246 1949 uarietasaureshnul
1263 1898 1290 1946 et
1316 1900 1406 1946 mente
1431 1898 1524 1962 posset
1550 1888 1754 1960 comprehendi.

106 1972 145 2026 ris
177 1980 241 2025 suut
269 1971 419 2045 dignitatis,
449 1976 586 2030 secundus
616 1975 754 2044 videlicet,
783 1988 904 2050 quartus,
958 1984 1021 2038 Haec
1033 1982 1068 2037 ita
1087 1981 1236 2036 maneriam
1250 1995 1359 2036 suorum
1376 1977 1516 2033 modorum
1531 1984 1558 2033 et
1577 1976 1756 2049 compositio·

106 2068 209 2125 sextus,
226 2070 253 2115 et
286 2072 410 2129 octavus,
435 2065 480 2136 qui
496 2079 558 2120 raro
574 2073 687 2140 tangunt
701 2070 743 2123 vel
768 2076 907 2125 transeunt
958 2086 1019 2126 nam
1034 2070 1135 2125 debent
1150 2069 1310 2140 exprimere,
1332 2076 1360 2123 ut
1374 2076 1517 2138 postquam
1542 2074 1593 2120 tua
1608 2064 1756 2137 dilgentiua

104 2150 237 2221 quintam,
267 2153 313 2206 sed
329 2154 379 2206 suh
406 2151 465 2221 ipsa
488 2154 583 2210 volunt
604 2171 711 2212 morose
731 2159 845 2230 gravari.
865 2159 906 2214 ltli
959 2159 1094 2215 memoriae
1119 2158 1220 2215 luerint
1238 2157 1379 2228 impressa,
1405 2154 1581 2226 frequentatis
1595 2153 1757 2226 aliquandiu

104 2236 278 2293 fiualrssuas
305 2239 381 2310 quasi
410 2241 438 2295 iu
468 2242 558 2298 medio
587 2245 762 2312 collocantes,
791 2256 906 2319 quatuor
958 2258 1087 2305 cantuum
1115 2248 1324 2312 diversitatibus,
1348 2245 1450 2316 quibus
1475 2244 1612 2299 arrideant
1634 2244 1758 2299 cantibus

105 2327 174 2398 ipsis
185 2343 264 2384 voees
277 2330 442 2399 subponunt,
455 2339 482 2385 et
495 2331 613 2406 quinque
627 2350 710 2404 supra
725 2345 829 2408 ponunt
842 2339 905 2408 pul·
960 2336 1052 2391 auditu
1076 2335 1157 2391 etiam
1173 2334 1249 2389 facile
1273 2349 1431 2403 cognoscas.
1454 2330 1671 2402 Unumquodque
1689 2344 1756 2401 ergo

104 2421 171 2469 chra
196 2416 319 2473 videlicet
344 2417 456 2473 rationis
480 2421 678 2492 probabilitate,
692 2432 723 2480 ut
737 2435 802 2496 quot
830 2426 906 2481 voci·
960 2440 1052 2480 eorum
1068 2439 1118 2480 suo
1138 2424 1219 2479 modo
1245 2421 1383 2494 singulare
1404 2420 1486 2475 debet
1509 2435 1568 2475 esse
1596 2418 1757 2475 sufficiens:

108 2505 202 2561 busin
219 2507 367 2563 elevatione
396 2518 569 2577 superantur,
585 2518 624 2564 tot
647 2514 905 2581 superentauthen-
960 2514 987 2568 iu
1003 2513 1056 2568 hoc
1071 2511 1217 2576 sufficiens,
1232 2520 1261 2565 ut
1275 2509 1384 2565 cuilibet
1398 2508 1470 2564 finali
1490 2507 1532 2562 sui
1551 2508 1622 2563 modi
1651 2522 1755 2564 conve-

106 2605 150 2649 tos
166 2593 193 2650 in
207 2596 388 2666 depositione.
404 2594 499 2653 Nullus
519 2598 609 2669 itaque
624 2600 738 2672 plagatis
751 2603 821 2656 ultra
848 2618 908 2658 sex·
962 2601 1021 2658 nire
1035 2603 1129 2674 possit,
1150 2602 1177 2655 in
1193 2601 1245 2654 hoc
1265 2598 1402 2670 singulare
1416 2605 1447 2651 ut
1461 2599 1549 2652 cantui
1565 2595 1761 2652 alteriusmodi

107 2692 161 2738 tam
177 2684 287 2751 elevari,
312 2693 339 2739 et
366 2687 456 2740 nullus
485 2690 629 2744 authentus
656 2690 718 2760 plus
747 2707 828 2763 quam
856 2708 910 2747 una
963 2690 1110 2748 convenire
1134 2705 1190 2744 non
1216 2687 1313 2759 possit.
1337 2686 1397 2741 Non
1422 2684 1493 2739 enim
1515 2686 1549 2739 ad
1572 2684 1763 2741 discernendos

108 2786 180 2827 voce
195 2771 275 2827 debet
290 2771 401 2843 deponi.
419 2773 499 2830 Plane
512 2775 806 2850 igituriusaniuut,qui
820 2779 912 2854 plaga·
964 2782 1060 2835 modos
1083 2797 1098 2832 a
1122 2795 1151 2833 se
1174 2777 1287 2831 invicem
1312 2781 1436 2830 neumata
1468 2780 1651 2844 competenter
1673 2781 1764 2828 esseut

107 2859 159 2915 lem
173 2860 280 2916 elevare
296 2878 344 2934 per
354 2861 494 2935 diapason,
506 2876 533 2919 et
547 2867 705 2923 authentum
720 2884 769 2938 per
787 2868 912 2940 diapente
927 2836 949 2914 c
965 2867 1081 2937 inventa,
1097 2865 1150 2920 nisi
1176 2861 1389 2934 unumquodque
1407 2876 1456 2916 suo
1471 2862 1553 2918 modo
1574 2858 1720 2926 sufficeret,
1737 2870 1766 2915 et

108 2948 152 3003 rel
179 2949 346 3005 diatessaron
374 2950 516 3020 deponere
530 2964 711 3024 praesumunt.
728 2956 829 3028 thuid
843 2959 916 3012 enim
966 2973 1028 3013 cum
1042 2955 1181 3011 evidenter
1194 2954 1228 3007 ab
1242 2951 1302 3006 aliis
1317 2950 1491 3005 discerneret.
1508 2948 1596 3004 Debet
1611 2963 1677 3021 ergo
1702 2963 1761 3002 ma-

110 3035 234 3118 buntvel
254 3037 389 3113 habentur
409 3040 678 3115 hujusmodicautus,
694 3046 913 3118 gravesquidem
966 3046 1068 3102 neriam
1097 3051 1124 3098 ct
1151 3043 1276 3106 formam,
1307 3047 1360 3095 tam
1386 3053 1568 3103 communem,
1595 3054 1675 3110 quam
1700 3052 1764 3108 pro-

107 3126 142 3180 ad
166 3128 326 3191 notandum,
347 3128 485 3200 graviores
513 3130 548 3185 ad
578 3137 754 3203 eaunndum,
772 3136 857 3193 lineas
870 3153 915 3192 va·
967 3133 1063 3204 priam,
1075 3133 1116 3187 sui
1131 3132 1203 3187 modi
1219 3127 1372 3199 exprimere
1388 3146 1394 3186 :
1412 3129 1558 3183 maneriam
1577 3125 1703 3184 videlicet
1717 3142 1767 3198 per

107 3214 219 3297 riautes,
244 3216 355 3270 arterias
385 3214 468 3275 700
490 3221 652 3290 cruciantes,
672 3225 845 3282 caverciatam
862 3226 913 3298 (ul.
967 3222 1189 3294 dispositionem3
1220 3218 1335 3276 formam
1362 3233 1427 3275 seru
1455 3233 1503 3288 per
1532 3215 1766 3289 compositionem,

109 3304 296 3376 cauteriatam]
322 3306 452 3363 habentes
477 3311 708 3381 progressionem,
737 3331 809 3371 nunc
824 3332 915 3372 ascen-
968 3309 1159 3382 praetermissis
1184 3308 1292 3365 interim
1321 3307 1495 3364 neumatibus
1515 3305 1671 3378 plagalium,
1706 3319 1768 3376 quae

109 3391 206 3448 dentes
220 3410 306 3467 usque
321 3394 353 3448 ad
371 3397 462 3460 caelos,
482 3415 554 3455 nunc
567 3402 764 3458 descendentes
780 3420 867 3477 usque
880 3406 914 3460 ad
968 3398 1267 3470 competenteriuvesta
1281 3413 1342 3453 e⁸⁸e
1357 3397 1490 3461 videnlur,
1504 3405 1594 3465 llll⁰¹e
1609 3391 1769 3460 sufficient&

110 3481 245 3551 abyssos?
260 3483 299 3535 Ne
313 3485 410 3540 etenim
432 3487 567 3554 rjusurodi
582 3500 676 3545 curatus
691 3492 795 3561 lirreut,
812 3503 912 3550 testau-
967 3491 1025 3543 suis
1039 3490 1129 3543 modis
1149 3499 1229 3559 atque
1245 3487 1401 3559 singularia.
1414 3486 1452 3541 De
1469 3484 1639 3540 neumatibus
1653 3485 1768 3540 authen·

112 3567 278 3635 teWidone,
309 3571 451 3626 consilium
481 3574 573 3631 luitut
597 3580 783 3650 unusquisque
797 3589 914 3650 quatuor
968 3587 1056 3633 turum
1075 3577 1217 3632 sciendum
1242 3575 1488 3640 est,ornnia1uala
1517 3574 1710 3629 csseinventa:
1727 3573 1769 3630 vol

114 3656 269 3726 modorum,
298 3657 422 3714 videlicet
451 3672 554 3729 protus,
570 3665 709 3732 deuterus,
726 3650 815 3732 ¹tritus,
832 3675 913 3724 tetra·
969 3675 1031 3733 pust
1059 3664 1239 3720 inventionem
1264 3669 1402 3733 corrupta,
1442 3671 1540 3727 praeter
1574 3676 1671 3715 neuma
1688 3655 1775 3730 primi

114 3745 176 3813 dus,
209 3746 354 3815 partiretur
368 3747 394 3800 iu
419 3748 497 3816 duos,
514 3749 539 3804 id
555 3763 595 3806 est
610 3755 763 3809 authentum
780 3764 806 3810 et
818 3758 914 3828 plaga·
970 3753 1036 3809 toni.
1064 3751 1139 3807 Unde
1164 3750 1296 3821 siquidem
1321 3765 1419 3803 neuma
1442 3748 1527 3820 quinti
1555 3747 1612 3803 toni
1630 3759 1657 3803 et
1679 3748 1770 3804 incoa-

115 3833 219 3904 galem,
235 3834 439 3908 distributisque
465 3838 579 3910 regulis,
595 3849 671 3896 acuta
685 3843 917 3919 acutis,ctgravia
968 3849 1092 3914 peteuter
1106 3839 1242 3896 inventum
1259 3838 1389 3908 reperies,
1409 3836 1530 3908 quiasuo
1549 3838 1630 3892 modo
1645 3851 1695 3892 nec
1709 3837 1769 3893 sul-

115 3923 291 3978 conveuirent
305 3925 444 3993 gravibus.
469 3926 535 3981 Cum
551 3929 623 3984 enim
643 3931 796 3998 huiusmodi
819 3942 915 3988 cautus
970 3928 1073 3994 ficiens,
1093 3943 1145 3982 nce
1172 3926 1308 4000 singulare
1323 3933 1372 3980 est.
1400 3927 1468 3980 Cum
1485 3924 1555 3979 euim
1572 3924 1698 3980 ascendat
1721 3940 1768 3995 per

117 4011 265 4067 secuudum
285 4029 368 4068 unam
394 4020 496 4085 partem
511 4016 553 4071 sui
579 4017 632 4071 sint
652 4035 747 4091 graves
770 4028 798 4075 et
828 4021 914 4093 plani,
969 4028 1039 4082 duos
1053 4031 1142 4089 tonos,
1167 4030 1193 4077 et
1209 4020 1392 4087 serrritouium,
1418 4019 1480 4076 licet
1494 4019 1649 4075 naturaliter
1664 4019 1684 4073 C
1698 4017 1769 4074 lina·

120 4101 270 4155 secumdum
285 4101 397 4158 alteram
421 4105 493 4159 acuti
521 4112 547 4160 et
573 4105 640 4174 alti;
664 4123 759 4162 versus
781 4109 917 4181 etpsalmi
934 4112 957 4189 n
974 4114 1026 4168 lom
1051 4111 1158 4176 habeat,
1189 4111 1213 4164 iu
1245 4110 1264 4164 F
1293 4119 1383 4164 tamen
1411 4108 1462 4162 nisi
1485 4108 1684 4163 accidentaliter
1714 4118 1770 4164 ter-

120 4203 173 4243 uuo
189 4191 344 4263 eodemque
372 4194 452 4248 modo
481 4195 579 4264 prolati
608 4195 724 4251 diversis
738 4207 921 4270 competenter

121 4280 205 4347 aptari
222 4294 277 4334 non
312 4291 435 4351 possunt.
452 4281 530 4350 Quod
545 4284 617 4338 enim
644 4285 826 4360 subjungitur,
843 4288 865 4342 si
880 4295 920 4343 est

123 4382 219 4437 grave,
236 4384 298 4423 cum
312 4370 396 4424 acutis
411 4386 465 4425 uon
482 4374 610 4429 convenit
623 4391 631 4447 ξ
646 4373 669 4429 si
692 4384 809 4447 acutum,
825 4392 841 4432 a
855 4393 920 4451 gra·

122 4455 202 4513 vibus
226 4455 373 4513 discordat.
389 4452 520 4515 Prohibet
535 4452 702 4518 etiam'idem'
714 4462 811 4530 Wido,
828 4481 860 4520 ne
874 4466 922 4519 hu-

120 4544 243 4616 jusmodi
273 4546 368 4601 abusio
396 4548 550 4605 elevationis
574 4559 601 4605 rt
629 4552 808 4623 depositionis
829 4552 876 4608 fiat
894 4554 921 4609 iu

60 4684 62 4711 ᾖ
124 4634 285 4705 Antiphonis
314 4635 553 4706 etllcsponsoriis,
570 4656 687 4713 quorum
700 4642 830 4710 cautibus,
848 4642 922 4713 psal-

127 4723 181 4776 mis
193 4730 221 4778 et
248 4724 372 4782 versibus
405 4729 546 4798 coaptandi
571 4734 643 4785 sunt.
663 4733 731 4787 Cum
745 4733 816 4787 euim
831 4739 924 4787 cautus

126 4813 323 4868 sitcommunis
337 4823 364 4869 ot
389 4813 497 4885 duplex,
519 4833 614 4874 versus
628 4827 718 4876 autem
734 4827 761 4874 ct
777 4839 790 4870 u
809 4819 924 4875 saeculo-

127 4917 196 4959 rum,
216 4922 227 4948 u
242 4902 286 4956 vel
307 4913 409 4959 tautum
433 4907 594 4973 authentice,
613 4907 652 4962 rel
666 4915 770 4963 tantum
786 4908 925 4980 plagaliter

128 5001 266 5055 canantur,
284 4993 316 5044 ad
349 4993 420 5047 itlius
449 4996 522 5049 modi
542 5006 648 5051 cantum
667 5007 852 5069 competenter
871 5013 925 5053 non

130 5085 242 5150 possunt
251 5079 346 5148 aptari,
364 5097 426 5134 cum
455 5084 545 5151 plures
559 5085 612 5138 siut
631 5086 657 5138 in
672 5087 770 5157 quibus
785 5089 852 5142 adeo
866 5103 928 5142 con·

130 5167 252 5221 funditur
275 5168 393 5240 gravitas
421 5178 447 5225 et
474 5186 601 5237 acumen,
631 5183 660 5229 ut
692 5176 734 5230 vix
759 5176 845 5245 possit
877 5176 928 5229 ad·

132 5257 208 5324 verti,
224 5256 266 5312 cui
281 5257 377 5327 magis,
394 5257 420 5312 id
447 5268 486 5315 est
502 5262 631 5316 authento
651 5263 693 5318 vel
710 5263 816 5335 plagali,
833 5265 929 5319 reule·

132 5352 234 5399 rantur.

975 4200 1071 4256 minari
1105 4215 1159 4254 uon
1197 4206 1294 4268 potest.
1337 4197 1414 4254 Unde
1444 4213 1497 4251 non
1526 4204 1566 4249 est
1595 4195 1734 4252 sufficiens
1762 4213 1768 4249 :

973 4291 1036 4362 quia
1063 4286 1220 4343 naturaliter
1258 4286 1364 4357 utrique
1394 4284 1465 4340 finali
1497 4285 1579 4340 debet
1600 4285 1770 4353 convenire,

974 4393 1087 4448 nonper
1112 4377 1298 4432 Brotundum
1322 4375 1394 4447 quod
1427 4374 1659 4447 adistiugucndis
1691 4384 1772 4430 tono·

975 4482 1032 4522 rum
1062 4463 1272 4536 proprietatibus
1294 4465 1404 4519 omuino
1419 4463 1582 4519 excluditur.
1602 4461 1686 4517 Valde
1702 4463 1773 4516 euim

976 4555 1122 4610 absurdum
1151 4561 1201 4620 cst,
1230 4560 1259 4607 ut
1286 4553 1313 4606 in
1341 4552 1442 4607 eisdem
1484 4551 1588 4616 titteris,
1615 4553 1643 4606 in
1674 4551 1775 4622 quibus

976 4653 1070 4700 cantus
1096 4649 1167 4699 totus
1199 4641 1446 4712 comprehenditur,
1475 4656 1554 4695 suum
1578 4655 1678 4695 neuma
1702 4638 1776 4710 quod

978 4733 1062 4804 ipsius
1077 4741 1200 4788 naturam
1215 4730 1295 4786 debet
1309 4729 1462 4797 ostendere,
1479 4729 1596 4799 racipere
1612 4744 1664 4783 uon
1680 4727 1775 4800 possit,

982 4822 1055 4895 qrrod
1072 4821 1120 4876 tibi
1135 4819 1267 4888 contingit
1282 4819 1308 4873 iu
1325 4819 1377 4874 hoc
1395 4817 1475 4873 modo
1495 4818 1520 4871 in
1546 4817 1669 4872 cautibus
1683 4832 1778 4873 asceu-

979 4910 1105 4966 dentibus
1129 4925 1177 4979 per
1204 4908 1342 4962 tritonum.
1368 4910 1468 4962 lterum
1493 4907 1629 4980 singulare
1652 4922 1706 4960 non
1727 4913 1777 4976 est,

980 4997 1042 5068 quia
1058 4996 1213 5051 naturaliter
1238 5003 1265 5050 et
1290 4995 1398 5066 proprie
1420 4994 1556 5049 terminari
1580 4996 1660 5050 habet
1686 4994 1714 5048 iu
1742 4994 1778 5059 G,

980 5102 1041 5157 quae
1055 5093 1096 5141 est
1116 5084 1204 5139 finalis
1224 5091 1325 5156 quartae
1340 5084 1476 5138 maneriis.
1499 5084 1646 5140 ausinora
1665 5099 1781 5155 namque

982 5189 1081 5229 neuma
1096 5173 1205 5244 septimi
1235 5172 1300 5240 toui,
1321 5180 1348 5227 ct
1363 5172 1414 5228 hoc
1429 5172 1465 5226 illi
1482 5172 1608 5228 conseras
1625 5191 1631 5228 :
1658 5171 1781 5241 ejusdem

983 5272 1128 5333 utrumque
1141 5260 1325 5333 dispositionis
1353 5277 1465 5331 prorsus
1493 5258 1569 5316 ῚθΙ
1603 5261 1723 5317 invenies
1755 5268 1783 5315 et

985 5353 1107 5421 eiusdem
1125 5352 1180 5408 sere
1196 5349 1412 5420 compositionis,
1433 5349 1468 5404 ita
1483 5360 1511 5404 ut
1526 5353 1576 5405 hoc
1590 5349 1705 5422 septimo
1720 5361 1784 5406 tono

172 5472 247 5542 (206)
264 5471 303 5526 lta
318 5470 345 5526 in
365 5471 557 5545 manuscripto.
578 5475 661 5540 Alias,
677 5490 739 5541 noe,
756 5492 821 5540 ane,
837 5484 862 5532 et
882 5492 933 5530 noe
948 5493 1006 5530 aus.

281 5569 437 5624 eraocoo.
471 5568 634 5626 CLXXXll.

1678 5570 1712 5622 36
