3728 5940
118 215 248 275 -683

776 216 821 274 tlt
840 216 867 274 S.
888 215 1057 279 scandant
1074 219 1248 282 tristatas
1780 225 1837 287 ost

191 343 305 398 vallium
330 340 433 407 abbati,
461 339 576 397 Taortts
597 354 652 395 suae
681 339 827 397 sanctitatis
849 357 945 400 servus
959 350 986 398 et
1003 358 1025 435 g
1041 345 1151 415 ditetur,
1165 347 1325 405 sublimetur
1347 348 1380 403 ad
1403 348 1681 420 superbiam,dililuat
1700 350 1734 405 ad
1751 349 1834 407 luru-

160 444 168 458 ·
190 430 263 486 filius
282 429 405 484 salutem.
1040 434 1663 511 riam‚confirmeturadnequitiamscdspuria
1676 439 1835 495 vitulamina

228 516 315 572 Vestri
339 515 392 571 l⁰ci
415 528 513 570 ¹¹⁰me¹¹
533 523 630 570 tesllffl
654 526 681 571 ⁰1
704 516 755 572 sub
778 516 864 587 tignis
887 518 986 574 Vestris
1040 544 1092 583 non
1112 528 1212 585 dabunt
1226 528 1293 584 altas
1307 528 1421 595 radices,
1437 529 1498 600 quia
1512 528 1600 585 omnis
1616 529 1742 598 plantatio
1752 547 1833 602 quam

191 602 363 659 militantium
383 603 507 673 congruit
522 603 632 659 actioni.
647 604 752 660 [lucetis
768 606 839 661 enhn
857 605 883 660 in
899 606 986 663 medio
1040 632 1093 673 non
1108 618 1211 688 plantat
1224 619 1301 674 Pater
1319 617 1437 673 coelertis
1459 617 1649 674 eradicabitur,
1664 617 1785 689 Denique
1805 619 1833 671 in

190 689 507 760 nationispravaeatque
531 705 664 758 perversae
688 691 882 762 telutimagna
904 691 985 748 lumi·
1042 707 1215 777 hocquoque
1237 706 1347 778 „oppio
1379 722 1428 779 spe
1450 723 1500 761 sua
1525 704 1632 760 stuprari
1666 713 1739 760 sunt,
1766 705 1831 760 Esar

189 777 276 845 naris,
297 781 323 831 1¹¹
347 777 446 831 ffl⁰⁰d⁰
468 778 580 833 Verbum
596 776 658 832 Vilae
672 779 850 845 θθῦῑὶῦθῐιῑθι,
867 789 895 836 el
909 781 985 836 habi·
1039 807 1157 864 namque
1170 793 1329 848 lancelinus
1344 792 1508 864 virnequam
1519 803 1546 848 ct
1559 793 1745 859 intractabilis,
1758 793 1829 863 pelle

190 866 252 920 [aiis
266 865 294 918 in
309 865 477 921 convallibus
487 881 549 937 qllae
560 866 694 921 frumento
707 866 752 923 illo
764 868 985 940 abuuddssiqllod
1038 879 1124 950 rufus,
1152 880 1221 935 faeie
1248 880 1403 948 fulmineus,
1427 889 1515 936 mente
1538 881 1713 953 sanguineus,
1742 881 1827 937 nostri

190 952 262 1007 arisit
276 953 349 1007 bens
363 952 389 1006 in
404 952 488 1007 laceb
502 959 530 1006 et
543 953 640 1007 cecidit
650 953 677 1007 in
690 954 783 1010 lsrael.
794 955 856 1009 llaec
866 955 983 1023 intuens,
1039 968 1170 1040 pomposi,
1184 967 1302 1024 Phalaris
1315 969 1397 1036 alre,³
1414 971 1449 1023 οι)
1472 969 1552 1041 idque
1568 970 1630 1040 jure
1653 969 1750 1025 meruit
1773 972 1826 1039 pati

188 1040 313 1096 fiduciam
329 1042 439 1111 concepi
462 1041 596 1094 scribendi
610 1041 760 1096 oelsillldiiii
783 1055 879 1100 VeSii'ae
898 1042 984 1098 modi·
1038 1056 1173 1129 repulsam
1191 1057 1229 1112 rgi
1243 1071 1323 1128 quam
1345 1057 1391 1110 diu
1410 1055 1620 1121 desideraverat,
1636 1065 1663 1113 et
1685 1058 1717 1112 gd
1744 1072 1825 1128 quam

187 1145 236 1184 cus
256 1131 337 1184 honio
352 1136 378 1183 et
402 1128 524 1197 abjectus
537 1129 566 1182 in
581 1128 661 1184 donno
677 1130 735 1199 Dei,
751 1131 786 1185 de
800 1132 982 1187 commotione
1037 1151 1089 1200 ram
1114 1146 1226 1216 turpiter
1245 1161 1328 1217 quam
1352 1156 1472 1216 patenter
1499 1147 1671 1218 aspiraverat.
1702 1147 1742 1201 De
1768 1145 1828 1200 aliis

85 1287 90 1295 .
188 1233 352 1288 mea‚quam
380 1218 469 1287 patior
491 1217 552 1273 licet
581 1218 689 1285 invitus,
710 1220 858 1275 sanctitatis
885 1231 982 1276 veatrae
1036 1250 1095 1304 quae
1123 1234 1195 1290 frma
1217 1234 1349 1306 dispefgrr
1374 1234 1515 1290 racemum
1534 1234 1673 1291 esgprurp
1700 1234 1773 1290 ,nrm
1801 1243 1828 1287 er

188 1321 333 1377 reposcens
349 1305 510 1359 antidotum.
534 1305 620 1360 Chusa
639 1316 728 1361 autom
753 1309 810 1363 ilaess
825 1315 874 1362 051·
896 1309 980 1364 Albe·
1036 1321 1163 1376 omnibus
1175 1322 1297 1386 credere,
1313 1329 1380 1377 [este
1393 1324 1504 1391 Seneca,
1520 1322 1613 1377 gitium
1634 1333 1685 1379 est,
1710 1322 1826 1395 Episco-

187 1397 268 1463 ricus,
286 1396 326 1452 vir
340 1394 516 1463 apostoliens,
532 1396 677 1465 episcopus
694 1395 839 1468 Ostiensis,
853 1412 915 1453 cum
931 1396 981 1451 sub
1034 1425 1085 1481 pus
1124 1416 1211 1464 rame„
1243 1409 1401 1466 appropriare
1435 1409 1562 1477 confisus,
1586 1411 1658 1466 ,incr
1691 1411 1827 1475 nesciens,

192 1485 320 1539 itomansa
333 1482 475 1556 legationis
488 1481 578 1537 ollicio
588 1483 690 1537 Gallias
703 1484 863 1540 circuiretet
877 1500 980 1555 peram-
1032 1498 1127 1567 fflpprrs
1141 1499 1315 1554 verrempnrer
1329 1498 1443 1569 impp„
1459 1509 1487 1555 er
1510 1499 1533 1553 ,r
1558 1515 1609 1567 me,
1631 1501 1679 1572 qur
1698 1501 1743 1555 dp,
1767 1500 1828 1556 1000

188 1572 290 1626 bulaieh
307 1581 404 1625 tertam
419 1569 547 1624 miracula
571 1570 693 1627 saeiessdl)
717 1572 751 1626 (Ῑθ
774 1587 889 1644 quoium
907 1572 978 1626 mul·
1034 1586 1205 1659 ppaesugpgm,
1221 1593 1248 1641 et
1265 1602 1336 1643 nunc
1354 1605 1370 1644 g
1387 1587 1535 1654 monachis,
1550 1588 1756 1661 clermpopulo,
1772 1589 1827 1643 mi.

184 1658 297 1716 titudine
311 1659 532 1729 otmagnitudine
545 1659 699 1725 reticemus,
714 1661 874 1716 blacharium
895 1675 978 1731 napo-
995 1637 1017 1715 Β
1034 1675 1135 1740 pirrhus,
1160 1674 1320 1746 proceribus
1339 1676 1490 1745 expirabat,
1503 1685 1596 1748 pmii
1616 1679 1742 1741 obruere,
1759 1679 1828 1733 desi.

185 1762 238 1803 tem
254 1762 343 1812 suum·
363 1749 434 1801 ¹³³⁵ae
450 1746 584 1816 Ohissifflliss
606 1747 753 1814 hominem,
777 1764 891 1818 ⁰⁰fl20l⁰
920 1747 979 1818 pin·
1033 1764 1125 1818 derata
1138 1776 1169 1816 sc
1183 1761 1309 1818 credebat
1326 1760 1438 1818 firmiter
1451 1764 1583 1819 obtinere.
1605 1764 1720 1818 Parisius
1745 1764 1826 1833 igitur

184 1851 275 1906 guem,
300 1835 382 1890 corde
407 1836 555 1906 duplicem,
585 1849 633 1890 ora
660 1835 819 1907 bilinguem,
853 1837 887 1892 de
908 1849 978 1891 nova

183 1936 320 1992 parvaque
336 1931 364 1976 et
376 1936 493 1991 paupera
508 1920 615 1975 abbatia
638 1922 664 1976 in
679 1923 825 1991 antiquam,
841 1939 977 1997 magnam,

185 2018 213 2063 et
232 2010 340 2062 divitem
357 2007 447 2062 Sancti
474 2009 609 2065 Benedicti
640 2011 772 2067 abbatiam
802 2013 977 2084 transposuit,

183 2095 303 2152 inaudita
318 2099 367 2151 hae
375 2098 551 2154 conventione
560 2099 729 2169 interposita,
746 2118 779 2156 ne
794 2100 979 2156 cluniacensis

182 2189 249 2240 ordo
269 2184 333 2238 inibi
348 2185 582 2253 intromitteretur,
598 2202 668 2242 neve
686 2187 828 2259 quisquam
842 2189 876 2242 de
890 2187 977 2244 iratri-

184 2274 235 2329 bus
250 2273 301 2327 illis
315 2276 348 2327 ad
369 2274 486 2344 aliquem
505 2275 592 2331 locum
616 2273 743 2330 Cluniaco
762 2276 901 2330 subditum
915 2277 977 2331 mit·

184 2375 293 2418 teretur.
318 2362 367 2417 Cui
387 2363 439 2418 hoc
466 2363 635 2418 mortiferum
667 2363 820 2419 simoniacae
842 2365 976 2421 haereseos

181 2467 316 2507 venenum
334 2467 388 2507 non
403 2453 467 2517 olet,
483 2453 604 2522 prolecto
623 2453 695 2507 dono
709 2461 780 2510 caret
794 2452 974 2524 discretionis,

180 2548 207 2593 ct
222 2540 399 2609 spiritualium
415 2540 522 2593 narium
546 2539 712 2594 fetidissimo
726 2540 844 2595 abundat
862 2539 971 2610 polypo.

179 2629 251 2697 Quid
266 2628 336 2682 enim
352 2629 404 2682 hoc
427 2639 469 2680 est
488 2629 541 2682 nisi
562 2630 677 2683 vendere
695 2628 863 2701 religionem,
889 2629 973 2700 justi·

180 2717 257 2783 tiam,
270 2715 418 2779 veritatem,
435 2723 463 2767 et
478 2731 531 2770 tion
547 2715 652 2789 ingredi
672 2733 720 2786 per
735 2718 833 2772 ostium
847 2716 861 2770 i
873 2719 973 2774 Putons

181 2804 265 2876 igimr
280 2803 421 2873 episcopus
435 2804 508 2875 quod
528 2802 564 2856 nil
583 2803 634 2857 sibi
649 2813 739 2874 posset
752 2806 893 2875 obsistere,
907 2807 972 2862 alte-

1032 1850 1059 1906 in
1084 1849 1193 1921 palatio,
1214 1850 1242 1904 in
1260 1856 1394 1906 conventu
1417 1850 1611 1907 venerabilium
1632 1866 1823 1919 personarum,

1031 1954 1096 2010 rege
1110 1945 1243 2011 praesente
1259 1937 1339 1992 simul
1353 1945 1380 1992 et
1400 1937 1486 2010 curia,
1500 1940 1692 1995 moderationis
1706 1940 1823 2010 abrupto

1032 2026 1118 2092 trano,
1134 2027 1162 2081 in
1180 2026 1294 2081 amicum
1309 2027 1459 2096 absentem,
1474 2027 1520 2098 qui
1544 2027 1596 2083 sibi
1615 2029 1753 2095 servierat,
1775 2027 1823 2101 qui

1030 2114 1193 2170 llacbarium
1213 2114 1240 2168 in
1256 2115 1379 2171 abbatem
1394 2115 1445 2170 sibi
1460 2117 1600 2187 subrogari
1615 2117 1724 2187 lecerat,
1739 2118 1824 2173 multa

1028 2202 1160 2271 jaculatus
1178 2210 1219 2259 est
1237 2209 1265 2257 et
1279 2203 1320 2258 ira
1338 2204 1457 2260 dictante
1471 2205 1586 2276 plurima
1605 2207 1739 2279 congessit
1762 2206 1823 2276 qui·

1030 2291 1080 2348 bns
1093 2286 1192 2347 veritas
1206 2307 1260 2348 non
1275 2292 1417 2351 consentit.
1433 2295 1468 2350 tta
1480 2310 1541 2350 cum
1567 2309 1615 2363 per
1636 2297 1694 2350 baec
1712 2294 1820 2365 pulmo⁴

1029 2394 1089 2433 nem
1102 2393 1156 2433 non
1171 2379 1290 2446 sedaret,
1305 2387 1332 2435 et
1347 2380 1541 2452 eadem-usque
1561 2380 1595 2434 ad
1617 2382 1726 2435 tedium
1750 2396 1821 2451 quo·

1028 2467 1150 2521 rumdam
1165 2466 1262 2537 quibus
1280 2469 1369 2524 sanior
1386 2478 1414 2524 et
1429 2469 1490 2523 ideo
1508 2468 1604 2524 clarior
1623 2468 1718 2524 oculus
1734 2468 1824 2523 inerat

1029 2554 1228 2626 multiplicaret,
1241 2571 1303 2612 cum
1314 2570 1345 2610 ae
1359 2555 1424 2610 mhil
1435 2555 1564 2627 prolicere
1577 2556 1680 2612 videret
1699 2564 1725 2610 et
1751 2572 1822 2625 pene

1026 2643 1148 2712 delicere,
1171 2642 1287 2714 priorem
1317 2643 1406 2700 Sancti
1434 2642 1539 2698 blartini
1566 2644 1601 2698 da
1622 2644 1742 2714 Campis,
1769 2644 1821 2699 sub

1025 2745 1080 2802 quo
1108 2729 1265 2801 militabam,
1292 2739 1320 2785 et
1346 2731 1373 2786 in
1401 2731 1505 2801 privato
1533 2731 1593 2786 loco
1623 2747 1818 2799 successerant,

1025 2827 1128 2886 evocat,
1145 2825 1171 2872 et
1186 2817 1344 2875 auctoritate
1367 2833 1419 2889 qua
1432 2819 1560 2888 praecellit
1580 2819 1700 2889 praecipit
1719 2829 1818 2892 qnate-

182 2907 243 2946 1um
258 2903 383 2960 nepotem
398 2905 476 2944 suum
489 2889 664 2945 lancelinum
673 2893 747 2947 omni
765 2905 864 2950 conatu
878 2896 970 2951 nititur
988 2908 1010 2986 g
1027 2918 1077 2959 nus
1100 2904 1163 2976 quid
1189 2905 1223 2960 de
1251 2919 1295 2960 me
1316 2905 1413 2961 sentiar
1434 2907 1575 2974 adjuratus
1600 2921 1690 2961 coram
1714 2908 1819 2962 curreris

180 2983 303 3040 Ecclesiae
318 2980 520 3036 tlauriniacensi
533 2984 681 3053 subrogare
697 3001 706 3050 ;
721 2986 793 3055 quod
809 2986 968 3055 blacharius,
1024 2992 1121 3048 edicat.
1132 2991 1180 3045 Ille
1195 3006 1271 3057 roro,
1287 2990 1357 3048 sicut
1370 3007 1403 3046 et
1417 2993 1540 3049 condicto
1560 2993 1742 3049 machinatum
1761 3002 1820 3049 erat

178 3074 241 3129 dum
257 3072 315 3126 luco
331 3080 470 3140 praeesset,
484 3085 538 3124 non
557 3071 644 3125 solum
668 3088 696 3126 se
719 3072 850 3130 iacturum
872 3078 971 3145 promi·

175 3171 258 3228 serat,
274 3161 414 3217 sedetiam
429 3160 611 3215 indubitanter
632 3161 811 3230 adjuraverat.
826 3164 893 3220 Nam
909 3181 970 3237 pro·

177 3251 272 3324 ganies
287 3251 344 3305 haec
365 3251 398 3303 de
427 3249 542 3304 toxicato
571 3257 666 3305 trunco
689 3266 799 3306 sumens
825 3253 968 3324 originem,

179 3340 301 3413 squamis
324 3353 451 3408 squamas
474 3335 615 3409 adjungit,
643 3347 670 3394 et
696 3339 970 3397 Ecclesimcnltnram

177 3436 357 3501 praeoccupat,
373 3431 401 3482 et
415 3427 567 3480 subumbra
577 3433 657 3496 atquc
672 3437 804 3498 potestate
817 3427 868 3484 viri
876 3444 969 3499 supra·

176 3518 240 3573 dicti
256 3518 345 3582 alitur,
360 3531 392 3570 ac
401 3514 492 3569 inuitis
505 3515 631 3571 omnibus
643 3514 777 3581 coalescit,
798 3517 927 3587 pecunias
941 3527 968 3575 et

176 3608 335 3684 prebendas
359 3607 521 3678 acquirendo
544 3605 741 3661 condonatione
766 3606 891 3676 gravium
911 3607 967 3664 cul-

176 3715 270 3775 parum
295 3710 322 3755 et
344 3697 462 3768 turpium
482 3695 667 3765 redemptione
690 3710 880 3767 personamm.
904 3697 966 3753 Cla·

177 3803 268 3845 mores
293 3785 510 3842 adversariorum
529 3784 642 3840 audiunt
666 3798 748 3855 quam
778 3783 964 3844 libentissima.

173 3880 207 3934 tt
228 3878 250 3932 si
267 3875 388 3947 praesulis
404 3874 497 3929 ttbinl
509 3881 536 3929 et
558 3871 683 3944 martyris
696 3887 758 3928 ossa
771 3872 861 3930 Rufini
879 3874 966 3931 disca·

173 3974 250 4039 psata
264 3962 441 4031 rutilaverint,
460 3977 514 4018 nor
536 3961 607 4018 illico
621 3962 733 4019 vertitur
746 3961 775 4016 in
790 3962 871 4029 diem,
887 3962 965 4037 niger

173 4058 249 4113 color
264 4053 385 4119 albescit,
411 4052 543 4107 Protheus
566 4049 633 4105 ludit
658 4049 685 4104 in
714 4051 820 4123 pelago,
840 4051 963 4121 protinus

171 4151 307 4200 mutantur
321 4140 434 4207 omnia;
456 4139 543 4194 rident
560 4138 607 4210 qni
621 4138 728 4204 llebant,
745 4138 811 4193 ssent
824 4139 869 4210 qui
893 4139 964 4194 ride-

171 4232 248 4299 bant,
259 4237 297 4294 et,
313 4237 342 4283 nt
355 4227 460 4299 vulgari
476 4225 618 4296 prouerbio
629 4225 734 4294 dieitur,
745 4226 962 4301 nonevangehci,

1027 3080 1099 3149 (nam
1117 3086 1145 3134 et
1168 3079 1211 3134 die
1247 3083 1382 3152 praetcrita
1405 3077 1526 3152 legatum
1560 3096 1639 3152 quem
1670 3083 1817 3153 capitulum

1024 3168 1146 3222 mittebat
1174 3167 1206 3220 ad
1235 3182 1279 3222 mo
1304 3175 1333 3221 ιιι
1358 3168 1519 3238 quantocius
1546 3170 1662 3224 Parisios
1698 3170 1817 3226 venirem

1025 3254 1133 3311 retraxit
1162 3254 1196 3307 ab
1225 3254 1340 3327 itinero),
1368 3265 1466 3312 asserit
1483 3256 1522 3312 sic
1546 3271 1658 3328 corporo
1689 3257 1816 3314 debilita-

1024 3349 1080 3396 tum
1096 3349 1124 3394 nt
1137 3343 1179 3397 vel
1202 3341 1273 3396 hano
1288 3344 1328 3397 vol
1351 3342 1461 3399 alteram
1482 3344 1662 3401 obedientiam
1684 3361 1739 3402 oon
1758 3361 1819 3416 pos·

1022 3444 1078 3484 sem
1095 3427 1217 3498 implere.
1233 3427 1283 3484 llic
1296 3428 1387 3486 stilum
1402 3431 1519 3496 retraho,
1536 3441 1564 3487 et
1577 3434 1687 3506 hnpono
1699 3433 1816 3508 digitum

1021 3516 1061 3572 ori
1076 3517 1288 3588 meoScriptum
1302 3527 1343 3572 est
1356 3517 1441 3574 enim:
1453 3520 1584 3593 Principi
1597 3523 1694 3594 populi
1704 3525 1816 3579 taloan

1020 3604 1182 3662 maledices.
1197 3605 1249 3662 Et:
1274 3605 1341 3662 ttltt
1355 3608 1521 3676 vindictam,
1537 3613 1564 3665 et
1583 3625 1629 3682 ego
1649 3611 1816 3668 retribuam.

1019 3692 1070 3750 lit:
1095 3694 1196 3751 Falsus
1219 3696 1299 3750 tertis
1321 3710 1379 3751 nort
1403 3697 1459 3752 crit
1479 3697 1649 3768 impunitas.
1679 3697 1816 3769 Quantum

1019 3781 1090 3837 euim
1104 3783 1129 3836 id
1143 3782 1248 3837 devium
1259 3783 1294 3837 sit
1307 3797 1324 3838 a
1337 3798 1412 3849 vero,
1420 3784 1537 3858 propitia
1551 3785 1690 3844 divinitate
1700 3788 1761 3860 ipsa
1770 3804 1815 3845 res

1018 3869 1126 3925 indicat.
1144 3871 1212 3924 Nam
1227 3871 1262 3925 dc
1278 3870 1430 3926 infirmitate
1444 3872 1471 3928 iu
1492 3890 1545 3946 qua
1569 3891 1612 3932 mo
1631 3891 1742 3933 serrum
1764 3896 1812 3936 ve-

1018 3963 1103 4012 stmm
1117 3966 1206 4013 vestra
1219 3956 1370 4014 sublimitas
1387 3958 1493 4016 visitata
1506 3970 1555 4025 eat,
1571 3977 1653 4019 sanus
1671 3973 1698 4020 et
1721 3980 1812 4019 mem·

1017 4044 1073 4098 bris
1086 4046 1211 4102 omnibns
1225 4046 1369 4102 incolumis
1382 4047 1514 4115 convalui,
1524 4051 1644 4108 excoctis
1655 4052 1813 4109 humoribus

1016 4147 1085 4204 quos
1100 4149 1135 4189 ex
1150 4132 1305 4192 infirmitate
1320 4136 1371 4192 loci
1382 4135 1429 4191 ubi
1446 4137 1506 4207 plus
1525 4139 1615 4197 minua
1627 4141 1811 4214 quinquennio

1018 4221 1237 4292 inhabitaveram,
1252 4231 1449 4281 contraxeram.
1463 4226 1526 4282 Mox
1540 4227 1685 4302 episcopus
1698 4231 1810 4287 verbnm

172 4321 219 4375 aad
235 4316 347 4386 Sydonii
367 4314 515 4385 piscatores
537 4329 605 4385 aqua
630 4312 736 4368 turbida
757 4314 824 4368 retia
844 4314 962 4384 mittunt,
982 4288 1121 4381 flmripit,
1149 4319 1176 4367 et
1204 4327 1265 4368 cunr
1289 4312 1443 4370 austeritate
1468 4323 1495 4370 et
1522 4318 1636 4390 imperio
1662 4320 1811 4376 monachos

171 4414 200 4461 et
222 4407 285 4460 licet
313 4400 482 4472 multiplicia,
510 4415 577 4455 amo
605 4408 758 4472 etargento
781 4417 830 4455 sua
852 4402 964 4461 larciunt

124 4544 127 4551 .
174 4492 323 4564 marsupia.
343 4491 443 4544 ilerum
472 4490 637 4544 exactionum
661 4489 811 4546 immanitas
830 4507 884 4548 non
903 4493 963 4549 idco

174 4590 204 4642 iit
214 4596 243 4642 ut
257 4588 351 4638 sancta
365 4579 484 4634 Rorrrana
497 4577 628 4642 Ecclesia,
644 4593 705 4651 quae
718 4595 790 4634 nunc
804 4581 899 4652 populi
920 4583 962 4637 sui

172 4673 301 4732 seditione
315 4676 509 4735 commovetur,
533 4665 684 4731 auxilietur,
697 4667 744 4721 sed
772 4675 800 4722 nt
820 4672 961 4738 generatio

172 4779 255 4837 prava
269 4766 297 4815 et
310 4773 435 4829 perversa
463 4755 564 4827 rapinis
591 4755 762 4812 ecclesiarum
786 4768 958 4829 sustentetur,

176 4930 233 4975 este
248 4915 457 4996 chronographo
479 4913 693 4994 blauriniacensi,
714 4915 846 4972 ademaro
859 4917 956 4976 abbate

169 4991 303 5063 deposito,
319 4991 460 5043 llacarmm
476 4985 591 5040 hiberam
614 4993 750 5055 nepotem,
776 4998 838 5042 tunc
859 4988 957 5044 hlanri-

170 5063 321 5118 niaeensem
341 5058 478 5125 abbatem,
501 5058 524 5108 ri
554 5056 726 5120 substituunt,
750 5066 780 5111 ut
806 5057 894 5114 locum
922 5061 956 5116 ad

168 5132 285 5191 Cluniaci
298 5130 427 5196 instituta,
441 5143 501 5200 quae
516 5127 559 5180 ille
574 5127 600 5182 in
616 5130 684 5183 eolla
703 5128 879 5200 Lougipontis
894 5147 956 5199 pro·

168 5211 258 5261 lessus
271 5210 337 5267 erat,
350 5203 489 5255 relormarr
499 5198 654 5266 athamas,
668 5215 747 5271 quem
756 5200 811 5268 iam
828 5201 955 5272 longioris

166 5275 214 5329 oui
227 5275 353 5335 tedebat,
367 5274 490 5340 sperabat
502 5285 534 5324 ea
548 5270 689 5326 occasione
699 5269 733 5325 ad
746 5271 955 5328 blauriaconsom

167 5345 303 5399 abbatiam
318 5342 435 5422 regredi.
454 5342 489 5394 tt
508 5357 555 5411 spe
577 5358 625 5396 sna
645 5341 783 5408 frustatus,
806 5343 954 5400 obsistente

168 5417 235 5471 t'orte
265 5413 402 5477 hiberico,
430 5412 627 5484 sul't'ectmnque
653 5412 767 5468 biccario
804 5414 952 5472 Therinum

165 5483 318 5559 trgcntdtt
330 5483 448 5553 priorem
458 5482 562 5553 videns,
571 5483 746 5555 impotentius
756 5483 785 5539 in
798 5485 953 5544 hibericum

1015 4398 1095 4468 jobet
1122 4398 1275 4466 discedere,
1304 4417 1336 4458 ac
1362 4402 1522 4460 indiscussis
1545 4405 1676 4463 electione
1693 4415 1721 4463 et
1743 4423 1809 4478 per-

1016 4499 1094 4552 sona,
1122 4485 1202 4540 aliam
1225 4486 1350 4544 festinato
1379 4504 1524 4559 personam
1552 4493 1675 4566 precipit
1696 4493 1809 4564 eligere,

1016 4572 1050 4625 dc
1066 4572 1107 4627 his
1123 4582 1148 4630 ct
1164 4574 1300 4634 similibus
1312 4577 1356 4633 his
1369 4593 1475 4635 surnmo
1486 4580 1612 4654 iustoque
1623 4580 1710 4650 judici
1720 4582 1808 4639 ratio·

1014 4674 1075 4715 nem
1097 4663 1260 4723 redditurus.
1284 4666 1337 4722 llas
1356 4679 1464 4739 propter
1487 4684 1530 4724 res
1551 4668 1643 4725 oculus
1669 4669 1809 4727 interioris

1014 4746 1130 4806 bominis
1144 4751 1208 4824 mei,
1223 4753 1262 4809 mi
1283 4754 1438 4813 dulcissime
1451 4759 1540 4829 Pater,
1554 4756 1730 4815 conturbatus
1753 4768 1805 4829 est,

1013 4915 1039 4962 et
1054 4917 1168 4981 nepotes
1178 4911 1246 4984 ejus,
1261 4913 1405 4971 biccarium
1420 4925 1448 4971 et
1460 4914 1645 4985 lancelinum,
1662 4915 1805 4975 invehitur.

1012 4974 1079 5045 Quae
1101 4989 1191 5037 autem
1211 4984 1237 5037 in
1253 4999 1299 5040 eos
1317 4986 1419 5055 scribit,
1437 4986 1477 5043 vel
1496 4987 1578 5043 nimio
1596 4987 1677 5042 animi
1693 5004 1805 5045 rancore

1012 5049 1147 5122 abreptus,
1168 5055 1306 5112 velvenis
1330 5057 1481 5114 rumoribus
1505 5063 1635 5131 deceptus
1661 5059 1804 5115 falsissima

1011 5134 1072 5175 csse
1098 5133 1203 5182 constat
1228 5142 1260 5182 ev
1280 5131 1408 5199 praedicto
1430 5130 1637 5212 chronographo
1659 5130 1803 5187 Mauricia-

1011 5195 1097 5248 ocnai.
1112 5200 1154 5252 An
1170 5204 1197 5252 et
1220 5198 1284 5269 quid
1298 5199 1452 5255 bernardus
1466 5201 1528 5257 huia
1548 5202 1670 5274 epistole
1692 5217 1802 5283 respon-

1014 5263 1093 5336 derit,
1115 5267 1257 5324 incertum.
1272 5269 1324 5325 Sed
1346 5287 1379 5326 ea
1401 5272 1484 5328 citato
1498 5272 1707 5355 chronographo
1720 5273 1804 5328 disci·

1011 5349 1073 5416 mps
1101 5340 1231 5396 Thomam
1252 5341 1288 5397 ad
1311 5342 1490 5400 columbanae
1511 5353 1715 5409 monasterium,
1730 5343 1804 5400 unda

1010 5420 1136 5538 primnppii
1150 5420 1304 5485 assumptus
1323 5413 1421 5479 luerat,
1449 5416 1623 5488 remigrasse,
1651 5415 1697 5473 ubi
1719 5414 1803 5488 paulo

1005 5491 1097 5548 posto
1136 5490 1155 5538 l.
