3728 5940
61 205 128 268 lobs
614 196 805 261 bbldflltls
825 195 867 256 llll
885 195 1053 270 BavtlsllO,
1075 199 1146 262 illc.
1633 214 1703 278 loti

56 331 225 389 mandatum.
240 325 371 393 Qunam
392 327 465 384 enim
488 335 583 384 natura
605 342 652 383 seu
676 327 746 382 ratio
763 323 852 396 docet,
868 323 960 418 quisi
981 340 1030 396 per
1051 324 1188 385 lavacrum
1212 335 1355 393 emundari
1375 337 1485 396 minime
1499 349 1653 412 potuerunt.
1667 340 1706 397 At

57 418 189 475 internam
203 427 385 488 aeternamque
407 415 522 473 salutent
545 415 680 473 neminem
702 412 852 470 mortalium
908 428 973 471 varo
996 416 1058 486 quis
1080 418 1181 475 nesciat
1203 430 1230 477 et
1250 423 1304 479 alia
1317 433 1416 497 praeter
1430 427 1596 499 bapdsmmn
1610 438 1704 488 contra

56 523 137 581 posse
152 507 304 579 percipere,
319 507 396 576 cujus
409 520 509 577 corpus
521 504 587 562 foris
601 503 742 577 perfusum
755 501 855 561 visibili
908 501 1041 574 originale
1066 513 1204 576 peccatum
1228 513 1349 570 remedia
1370 516 1487 589 antiquis
1509 532 1564 574 uon
1586 517 1704 576 defuisse

58 612 113 653 non
127 595 207 652 luerit
221 595 374 652 elemento?
389 594 592 652 Sacramentum
607 592 656 650 Dei
668 591 801 649 tlltissimi
814 589 873 648 est'
909 592 1102 663 temporibus?
1121 596 1239 656 Abrabae
1261 603 1371 674 quidem
1395 613 1423 662 et
1445 605 1543 663 semini
1563 607 1633 675 ejus,
1648 607 1705 664 cvr.

59 685 274 756 suscipiendum,
289 697 343 740 non
357 682 556 740 discutiendnm
569 701 577 755 3
592 683 786 751 venerandum,
800 695 855 736 non
909 680 1082 738 cumcisionis
1112 693 1308 746 sacramentnm
1338 692 1367 749 in
1390 696 1442 751 boc
1463 695 1554 765 ipsum
1576 694 1708 751 divinitus

56 773 274 845 dijudicandum
302 771 356 828 fide
374 771 511 842 sortitum,
532 787 586 828 non
611 772 749 839 iunetnm;
770 767 856 824 tradi·
910 769 1037 825 traditum
1061 779 1103 828 est
1125 772 1196 844 (Gen
1213 791 1283 846 xvir,
1307 781 1363 854 ill).
1393 783 1424 839 fn
1452 783 1609 841 nationibus
1630 797 1709 855 veru,

59 862 133 918 tione
160 860 312 928 sancitum,
339 875 396 916 nou
423 859 596 918 adinventum
629 860 743 917 ratione.
772 860 855 915 Porro
908 863 1040 930 quotquot
1062 858 1164 917 inventi
1187 873 1250 921 sunt
1273 865 1373 937 fideles,
1388 870 1496 928 adultos
1514 871 1625 944 quidem
1654 871 1709 929 flde

58 951 141 1008 fidem
162 964 273 1007 necesse
300 958 343 1006 est
364 957 394 1005 ut
415 949 522 1005 auditus
543 949 723 1021 praecesserit,
749 947 855 1004 dicente
908 952 936 1000 et
949 945 1088 1003 sacrificiis
1101 950 1236 1010 credimus
1250 956 1384 1031 expiatos,
1398 960 1519 1031 parvulis
1542 967 1632 1018 autem
1655 975 1706 1018 so·

59 1040 191 1111 Apostolo
208 1053 214 1092 :
231 1042 301 1110 Erpa
315 1038 383 1108 fides
397 1039 556 1097 scandito.
570 1037 650 1106 Quod
664 1052 731 1110 ergo
746 1036 856 1092 omnino
908 1033 963 1089 lam
981 1034 1125 1105 profuisse,
1152 1041 1206 1097 imo
1229 1050 1256 1099 et
1276 1045 1417 1105 suffecisse
1440 1056 1581 1120 parentum
1611 1049 1704 1107 lidem.

60 1129 119 1185 fieri
134 1129 186 1202 [ol.
207 1128 281 1202 sciri]
303 1143 359 1185 non
383 1137 486 1201 poterat
508 1128 531 1185 si
554 1144 608 1184 non
628 1127 778 1197 audiretur,
800 1141 856 1197 quo
908 1123 993 1179 Porro
1021 1124 1073 1182 boc
1100 1126 1137 1183 ita
1164 1129 1273 1201 quidem
1302 1150 1388 1207 usque
1415 1136 1451 1191 ad
1477 1135 1606 1207 baptismi
1636 1145 1705 1194 tem·

58 1223 150 1290 pacto,
166 1231 268 1290 quaeso,
284 1217 356 1288 exigi
381 1217 478 1273 debeat
498 1228 527 1273 et
540 1228 685 1288 antequam
699 1215 857 1271 audiretur?
909 1224 975 1280 pora
1016 1211 1176 1283 perdurasse
1204 1234 1211 1274 :
1244 1235 1300 1292 quo
1328 1237 1383 1280 uno
1409 1222 1563 1296 substituto,
1596 1238 1708 1284 vacasse

58 1309 129 1363 Vide
148 1315 239 1363 autem
260 1305 397 1378 quomodo
420 1307 474 1362 buc
496 1305 595 1378 refugit
609 1302 766 1377 Apostolus,
780 1301 856 1358 etde
909 1303 1016 1354 caeoera.

58 1394 117 1451 solo
137 1394 232 1451 auditu
257 1391 389 1450 convincit
409 1392 569 1449 incredulos.
595 1392 646 1450 Sed
672 1391 742 1457 dico,
757 1389 855 1461 inquit,
945 1388 972 1442 b.
987 1386 1140 1456 Quaerimus
1161 1390 1252 1466 itaque
1269 1397 1399 1469 baptismi
1413 1406 1520 1470 tempus
1533 1414 1566 1455 ex
1579 1415 1633 1473 quo
1646 1416 1706 1460 οφ.

58 1484 257 1558 Numquidnam
271 1481 549 1555 audierunttlllom.
563 1496 593 1551 x,
610 1483 655 1546 l'f,
672 1481 717 1552 18)
730 1495 762 1536 ac
774 1478 797 1534 si
810 1478 856 1534 di·
909 1475 988 1547 perit
1012 1476 1055 1531 Ex
1077 1493 1142 1552 quo,
1167 1479 1265 1555 inquit,
1289 1483 1408 1556 primum
1433 1486 1533 1544 dictum
1562 1497 1601 1545 est
1620 1509 1627 1545 ε
1645 1493 1709 1550 Nisi

58 1583 103 1630 cat
117 1592 126 1632 t
142 1572 269 1629 Excusari
286 1578 421 1643 poterant,
436 1571 459 1625 si
483 1584 539 1627 non
552 1570 703 1627 audissent.
718 1568 770 1626 Ubi
784 1567 857 1624 enim
911 1567 975 1637 qais
989 1570 1109 1623 renatus
1126 1570 1226 1639 suerit,
1242 1579 1295 1629 etc.
1310 1573 1383 1630 Tene
1400 1590 1466 1648 ergo
1481 1576 1594 1634 firmiter
1604 1578 1708 1638 dictum

58 1677 113 1717 non
139 1667 181 1716 est
202 1659 254 1726 ier,
270 1673 322 1714 nec
345 1658 540 1729 praevaricatio.
556 1659 633 1714 Nunc
654 1672 719 1714 vero
742 1672 805 1713 cum
829 1654 858 1710 in
911 1654 963 1709 boc
984 1654 1018 1709 ad
1041 1654 1228 1730 Nicodemum,
1244 1660 1335 1733 utique
1356 1662 1472 1721 amicum
1494 1665 1570 1738 Jesu,
1585 1669 1706 1725 ocultum

58 1764 168 1805 omnem
192 1756 290 1804 terram
315 1746 413 1803 exierit
434 1761 517 1802 sonus
540 1744 757 1817 predicantium,
780 1752 806 1799 et
830 1744 857 1799 in
910 1743 1001 1798 lumen
1029 1749 1142 1815 propter
1171 1754 1276 1803 metum
1309 1749 1484 1824 tudaeornm3
1516 1755 1707 1829 occultumque

59 1835 129 1891 fines
143 1836 219 1892 orbis
234 1842 312 1890 terrae
328 1836 410 1890 verba
424 1849 520 1891 eorum
534 1833 625 1903 (l'lb);
640 1833 770 1906 quiajam
782 1833 858 1888 dissi·
912 1827 976 1884 illud
994 1829 1028 1885 de
1046 1840 1126 1889 nocte
1141 1834 1288 1905 requisisse
1302 1836 1476 1909 colloquium.
1494 1840 1600 1911 Quanta
1614 1852 1707 1901 autem

59 1924 157 1980 mulari
172 1939 227 1979 non
249 1923 321 1979 valet
342 1921 461 1992 auditus,
477 1923 598 1994 profecto
613 1921 804 1978 inexcusabilis
817 1931 859 1979 est
913 1922 990 1987 putas
1012 1916 1100 1974 obisse
1123 1917 1233 1978 interim
1251 1921 1293 1995 (ut
1306 1924 1477 1996 degentibus
1493 1929 1607 2002 taceam)
1626 1931 1711 1988 millia

59 2019 285 2083 etcnntamptns.
911 2004 1140 2075 circumcisorum,
1169 2022 1232 2063 cum
1260 2011 1375 2069 necdum
1401 2012 1430 2069 in
1464 2014 1549 2072 lucem
1578 2019 1710 2089 prodierit

96 2104 124 2155 3.
139 2100 221 2155 blulta
235 2098 357 2170 profecto
381 2097 492 2155 scienda
513 2097 681 2170 nesciuntur,
695 2106 741 2155 aut
754 2096 859 2155 sciendi
911 2092 986 2164 quod
999 2094 1034 2149 dc
1047 2094 1184 2167 Baptismo
1198 2104 1262 2154 lunc
1277 2098 1305 2153 in
1324 2100 1442 2158 tenebris
1456 2103 1618 2165 dicebatur?
1637 2105 1709 2177 Quid

60 2187 175 2256 incuria,
191 2194 239 2243 ant
256 2186 379 2243 discendi
392 2186 506 2254 desidia,
526 2195 573 2243 aut
588 2187 752 2243 verecundia
767 2185 857 2260 inqui·
911 2181 1003 2252 ergo?
1017 2183 1158 2242 damnatos
1178 2185 1240 2241 illos
1255 2201 1349 2245 omnes
1362 2188 1487 2260 dicimus,
1503 2193 1566 2265 quia
1582 2194 1708 2266 baptizati

59 2278 149 2334 rendi.
167 2278 202 2333 Et
220 2274 331 2349 quidem
354 2274 509 2346 hujusmodi
531 2276 684 2348 ignorantia
706 2276 858 2334 nonhabet
915 2284 971 2326 non
993 2269 1076 2326 sunt?
1100 2270 1229 2346 litargo
1251 2273 1350 2344 injuria
1372 2277 1483 2350 antiquo
1502 2280 1539 2336 illi
1560 2280 1609 2336 Dei
1630 2298 1709 2355 aeque

60 2365 273 2423 excusationem.
290 2363 344 2419 Sed
357 2363 488 2435 numquid
503 2361 571 2422 forte
586 2364 638 2420 tale
652 2373 694 2420 est
707 2365 770 2436 boc,
785 2364 858 2437 quod
914 2359 1053 2430 mandato,
1067 2359 1172 2420 sinovo
1185 2361 1273 2418 adbuc
1285 2363 1382 2421 furtive
1393 2365 1593 2437 quodammodo
1612 2387 1709 2444 super-

60 2454 219 2527 inquisitum
233 2456 352 2509 humano
364 2453 449 2526 possit
461 2453 563 2510 addisci
577 2451 757 2524 magisterio?
771 2451 859 2507 iiomo
913 2447 1045 2515 veniente,
1059 2462 1113 2505 non
1137 2455 1226 2505 umen
1249 2449 1440 2520 subveniente,
1467 2454 1536 2513 illud
1557 2455 1595 2512 ita
1617 2458 1708 2516 subito

61 2542 179 2600 bominis
193 2542 301 2599 nonnisi
315 2543 375 2612 ipso
392 2542 526 2598 indicante
547 2540 693 2612 cogitatum
708 2539 857 2616 iutelligit:
913 2534 1055 2592 evanuisse
1078 2541 1197 2607 putetur,
1211 2543 1241 2592 nt
1263 2538 1393 2608 prodesse
1415 2540 1543 2614 deinceps
1561 2559 1616 2601 uon
1635 2547 1711 2606 vale·

60 2641 162 2703 quanto
181 2632 271 2688 minus
284 2629 402 2688 divinum
417 2630 482 2703 quis
497 2629 594 2702 poterit
614 2628 778 2700 investigare
791 2641 859 2683 con·
914 2629 964 2679 ret.
980 2623 1014 2679 sst
1030 2621 1138 2693 quidem
1153 2639 1235 2694 quam
1249 2623 1330 2699 longe
1344 2633 1408 2697 post
1422 2637 1500 2699 putas
1516 2630 1623 2702 publice
1638 2649 1712 2706 prta-

59 2720 162 2787 silium,
179 2718 234 2774 nisi
248 2719 292 2775 cni
302 2718 361 2790 ipse
374 2719 487 2775 voluerit
500 2717 644 2773 revelare?
658 2715 731 2773 Audi
742 2715 859 2788 denique
914 2709 1032 2766 dicatum
1047 2717 1075 2766 et
1090 2711 1232 2769 clamatum
1249 2721 1413 2786 supertecta
1427 2715 1510 2774 fuisse
1526 2734 1532 2774 :
1549 2721 1580 2778 Si
1593 2723 1712 2781 circum·

60 2810 160 2880 ipsum.
171 2809 201 2866 st
214 2824 272 2866 noo
286 2808 433 2872 ucnmsem,
447 2807 493 2874 ait,
506 2810 533 2864 et
544 2806 656 2862 locutus
666 2807 774 2863 eismon
783 2805 858 2877 suis·
913 2799 1061 2867 cidamini,
1074 2799 1201 2858 cbristus
1210 2803 1285 2860 vobis
1294 2819 1351 2861 non
1358 2805 1507 2877 proderit?
1518 2809 1614 2879 (Golol
1627 2827 1655 2879 v,
1670 2814 1712 2884 lt.)

60 2913 130 2965 rem,
144 2902 294 2972 peccatum
307 2911 365 2953 nort
379 2895 523 2954 baberent.
534 2895 594 2951 Non
609 2893 675 2951 dicit
687 2893 855 2966 simpliciter.
911 2886 1055 2955 Qu⁰m⁰d⁰
1068 2887 1166 2946 deinde
1181 2890 1262 2946 ⁸2³¹)st
1275 2891 1351 2960 illud,
1364 2891 1428 2966 quia
1441 2912 1459 2952 a
1473 2895 1570 2954 diebus
1594 2900 1711 2960 loconis

60 2987 94 3043 Et
107 2986 214 3042 locutus
231 3000 285 3042 non
306 2984 433 3055 luissem3
450 2983 499 3040 sed
523 2983 686 3040 interserens
707 2985 758 3051 cis,
774 2987 802 3039 et
817 2984 856 3042 lo·
911 2976 1709 3066 Baptistoercpasmcourumatmpctimrtllcrttnraa).

60 3076 143 3134 cutus
156 3075 205 3139 eis,
216 3073 312 3145 inquit,
324 3087 382 3129 non
396 3072 518 3144 scissem
528 3090 538 3128 .·
548 3071 695 3127 ostendens
705 3069 762 3126 sine
776 3070 860 3128 dubio
875 3061 897 3140 c
911 3066 936 3122 ei
955 3066 1091 3139 praecipue
1106 3079 1170 3124 tunc
1184 3069 1313 3140 temporis
1327 3073 1476 3143 contigisse
1490 3076 1641 3133 constiterit
1655 3081 1710 3135 bu·

60 3177 117 3220 non
131 3170 194 3219 ante
206 3160 312 3218 censeri
333 3159 531 3218 inexcusabiles
544 3159 579 3216 de
593 3166 759 3230 contemptu,
778 3175 860 3231 quam
912 3153 1065 3224 juscemodi
1077 3169 1095 3209 a
1109 3170 1193 3228 regno
1208 3156 1354 3213 violentam
1377 3159 1609 3232 interclusionem,
1624 3166 1711 3238 qualis

62 3250 96 3306 ad
110 3251 233 3322 ipsorum
254 3262 342 3319 usque
365 3245 489 3302 notitiam
506 3245 593 3317 jussio
610 3246 772 3319 perveniret.
792 3246 861 3302 Nam
914 3242 1023 3316 quidem
1037 3258 1088 3301 nec
1102 3251 1163 3300 aute
1176 3244 1268 3315 luerit,
1283 3262 1334 3303 nec
1349 3249 1515 3319 postfutura
1529 3252 1711 3317 sitlsancito

63 3338 87 3394 si
101 3337 206 3395 locutus
219 3336 331 3411 quidem
343 3334 449 3404 fubset,
465 3335 513 3392 scd
530 3351 584 3392 non
599 3337 655 3405 eis,·
670 3335 861 3393 inobedientiae
915 3331 1015 3405 quippo
1035 3333 1100 3390 novi
1123 3334 1246 3406 mysterii
1270 3335 1391 3405 decreto,
1406 3337 1455 3394 sed
1478 3338 1564 3397 adbuc
1591 3354 1709 3420 sacrem

62 3427 171 3498 culpam
189 3425 341 3499 ignorantia
355 3424 530 3482 nibilominus
544 3432 694 3482 excusaret.
709 3425 858 3483 Nouoco-
916 3420 1051 3492 quisnam,
1065 3436 1169 3493 qnaeso,
1195 3422 1374 3481 morientibus
1396 3425 1504 3484 interim
1533 3429 1567 3484 ad
1596 3448 1712 3508 regnum

59 3521 129 3582 tem,
145 3515 243 3587 inquit,
261 3514 390 3587 quoniam
413 3515 520 3571 locutus
538 3531 607 3583 sum,
630 3522 656 3571 et
675 3515 780 3571 locutus
799 3532 860 3571 sum
915 3516 987 3578 patet
1007 3523 1144 3580 accessus,
1159 3510 1225 3567 dum
1248 3520 1275 3567 ct
1298 3521 1373 3568 vetus
1389 3514 1446 3582 jnm
1470 3515 1568 3588 deficit,
1582 3521 1711 3592 quoniam

57 3605 111 3671 eis,
126 3603 407 3661 excusationemnon
418 3602 521 3659 babent
535 3602 568 3659 de
582 3602 859 3674 peccatosmttoan.
915 3610 930 3649 a
951 3611 1021 3654 novo
1042 3597 1195 3653 excluditur
1209 3615 1217 3651 c
1233 3605 1260 3653 et
1283 3614 1382 3656 novum
1402 3609 1491 3659 umen
1505 3620 1559 3660 uon
1573 3607 1710 3680 subvenit,

57 3708 106 3760 xv,
123 3691 180 3763 22).
197 3691 275 3748 Unde
297 3699 325 3745 et
343 3689 431 3745 aiebat
450 3706 456 3746 :
478 3693 531 3760 figo
550 3690 646 3762 poium
668 3689 777 3746 locutos
795 3707 860 3747 sam
914 3685 1050 3756 quoniam,
1067 3684 1132 3739 dum
1155 3684 1283 3749 nescitur,
1299 3701 1354 3742 non
1377 3689 1549 3760 percipitur?
1568 3691 1592 3749 0
1616 3696 1710 3754 inlell-

58 3777 857 3848 mtmdo,etirtocccllolocutossomnibiloocmxxuqtb).
914 3772 1023 3829 tissima
1037 3773 1081 3828 illa
1095 3774 1235 3844 temporat
1250 3789 1312 3845 quae
1326 3777 1381 3832 sola
1395 3792 1412 3831 a
1425 3780 1530 3835 seculis
1543 3783 1616 3840 omni
1629 3788 1712 3858 peni·

59 3870 122 3926 Non
139 3866 226 3926 691
251 3866 324 3939 quod
343 3881 410 3924 suos
431 3866 597 3923 domesticos
610 3866 696 3923 multa
711 3872 740 3920 tn
754 3865 860 3923 occulto
915 3869 959 3919 tus
982 3861 1076 3918 salutis
1099 3862 1220 3918 remedio
1243 3877 1328 3918 vacua
1347 3865 1524 3939 transierunt,
1539 3870 1602 3928 dum
1616 3881 1645 3931 et
1657 3876 1713 3936 cir-

59 3959 242 4032 privatimque
255 3972 310 4014 nou
325 3955 447 4013 docuerit
463 3971 470 4010 :
489 3954 536 4011 sed
549 3954 623 4028 quod
642 3964 768 4027 tanquam
786 3953 860 4010 nibi-
914 3948 1044 4008 cumcisio
1067 3964 1128 4022 qua
1152 3950 1200 4006 illo
1227 3965 1313 4024 usque
1340 3951 1472 4027 viguerat,
1501 3959 1628 4029 prodesse
1654 3965 1712 4035 Jam

61 4047 118 4104 lum
132 4047 240 4104 interim
255 4051 408 4119 reputaret;
424 4056 451 4100 et
464 4059 515 4101 nec
528 4059 707 4117 poenam,uec
719 4043 860 4116 premium
916 4037 1082 4111 subripiente
1105 4037 1268 4110 Baptismate
1289 4054 1344 4096 non
1367 4040 1479 4100 auderet
1494 4061 1501 4101 :
1517 4054 1545 4102 et
1564 4048 1710 4126 Baptiama,

62 4151 94 4193 ea
107 4149 189 4209 agere
213 4134 291 4208 (ΓΗ)
314 4148 375 4207 quae
395 4132 424 4189 in
446 4142 552 4189 secreto
572 4131 703 4198 tradebat,
717 4131 858 4202 judicarat,
917 4127 1045 4201 quoniam
1068 4127 1156 4184 adbuc
1189 4126 1294 4196 lateret,
1323 4144 1378 4187 non
1407 4135 1593 4195 succurreret!
1609 4139 1713 4200 Forsan

62 4225 151 4284 donec
164 4224 198 4281 da
212 4223 301 4281 medio
319 4222 424 4293 fierent,
441 4230 467 4279 et
481 4222 619 4293 prodirent
633 4220 661 4277 in
685 4220 795 4278 lumine.
812 4223 864 4278 be-
879 4227 902 4307 n
916 4213 1068 4272 dormiebat
1091 4230 1125 4273 eo
1148 4222 1270 4288 tempore
1292 4216 1379 4290 Deus,
1393 4234 1444 4276 nec
1467 4219 1518 4278 luit
1535 4222 1644 4283 interim
1665 4229 1714 4303 qui

63 4316 147 4390 nique
160 4322 188 4372 et
201 4313 309 4371 dicebat
323 4329 331 4369 ε
345 4312 421 4383 Quod
430 4313 490 4370 dico
504 4311 578 4369 vobis
587 4311 619 4366 io
631 4310 761 4382 tenebris,
776 4309 863 4374 dicite
916 4301 1072 4370 redimeret,
1087 4317 1172 4376 neque
1185 4301 1233 4375 qui
1246 4303 1349 4362 salvum
1367 4304 1480 4368 faceret.

63 4407 98 4464 in
113 4403 223 4462 lumine
238 4401 350 4473 (flulti.
374 4415 405 4468 x,
420 4402 483 4473 st),
498 4407 529 4456 ut
546 4399 644 4455 merito
667 4397 791 4456 videlicet
807 4399 863 4472 iam

64 4491 236 4565 audientibus
254 4489 417 4548 obedientiae
434 4490 475 4545 vel
491 4487 615 4546 maritum
629 4487 805 4557 adscriberet,
820 4488 865 4547 vel
1232 4454 1345 4512 CAPUT
1363 4457 1399 4516 Π·

65 4588 259 4654 contemptum,
281 4594 343 4637 cum
370 4577 399 4635 in
428 4576 518 4636 medio
543 4576 736 4650 proferrentur.
760 4578 826 4635 Item
857 4593 864 4638 ι
919 4599 1058 4674 puppim·
1075 4596 1400 4672 &mmmmm
1411 4602 1540 4672 ommam
1553 4611 1616 4678 pm
1629 4611 1714 4685 mm·

68 4673 121 4743 Qui
134 4686 181 4730 nos
195 4668 288 4738 ondit,
303 4666 401 4740 lnquit,
412 4685 458 4728 mc
471 4667 569 4737 oudit,·
580 4672 609 4726 et
622 4669 671 4744 qm·
685 4669 864 4743 conspersit,
955 4672 1077 4729 cientem
1104 4670 1166 4752 ejus
1190 4671 1455 4742 promulgationem.
1486 4675 1518 4732 fn
1536 4683 1714 4744 meccmitotia

64 4776 111 4819 me
133 4761 245 4834 spernit
268 4772 325 4818 :ac
346 4758 369 4814 si
392 4757 503 4829 diceret,
525 4757 657 4816 iudicium
684 4773 775 4815 meum
798 4760 866 4815 inter
955 4745 1050 4800 “imm
1064 4741 1188 4824 “timui‘’
1202 4740 1521 4826 scstcaebapttrmam
1531 4749 1586 4818 fid?
1599 4755 1628 4809 et
1650 4759 1713 4815 uoto

66 4847 223 4906 obedientes
245 4855 273 4906 et
291 4855 508 4915 contemnentes,
533 4861 587 4904 non
616 4847 650 4903 de
676 4861 737 4902 mea
764 4853 867 4904 secreta
955 4816 1128 4888 ‘mmm’
1147 4815 1223 4870 ”⁶¹⁴²
1241 4816 1468 4886 ‘'mart-'fnum'

67 4934 220 5010 traditione,
241 4937 289 4995 sed
308 4937 343 4996 de
360 4946 450 4997 vestra
464 4935 572 5010 publice
590 4935 781 5008 predicatione
794 4950 866 5009 pen·
956 4931 983 4984 6·
1000 4927 1070 4985 Stil!
1093 4926 1216 4998 91010010
1238 4941 1272 4983 ⁶¹
1289 4925 1342 4995 115⁸,
1358 4936 1490 5000 quantum
1505 4946 1576 5007 reor,
1590 4950 1714 5015 apparet,
1820 4954 1822 4959 ’

67 5023 152 5083 debir.
920 5016 996 5089 quod
1014 5013 1218 5071 damnationes
1237 5013 1444 5088 baptisatorum,
1460 5026 1488 5076 et
1505 5019 1644 5084 frustratio
1657 5033 1715 5088 cir·

105 5115 132 5170 t.
158 5111 210 5169 Sed
233 5111 304 5170 forte
323 5113 422 5187 aliquis
443 5113 525 5182 dicat,
550 5129 599 5170 eos
622 5114 730 5188 quidem
753 5113 799 5188 qui
813 5127 867 5171 non
919 5105 1110 5173 concisorum,
1131 5113 1159 5161 et
1182 5104 1320 5162 evacuatio
1341 5104 1544 5181 sacrificiorum,
1559 5130 1620 5186 quae
1646 5119 1717 5181 forta

69 5202 223 5273 audierunt,
236 5201 287 5258 etsi
309 5218 362 5260 non
385 5202 419 5258 de
432 5210 588 5275 contemptu
604 5203 731 5274 judicari,
745 5204 869 5262 damnari
921 5204 1015 5256 contra
1038 5194 1171 5270 originale
1194 5202 1336 5269 peccatum
1360 5194 1427 5253 ritus
1454 5197 1618 5263 observabat
1645 5212 1717 5270 anti.

70 5303 160 5353 taman
187 5300 299 5366 propter
325 5289 462 5366 originale
484 5297 634 5366 peccatum,
655 5308 672 5349 a
698 5308 754 5369 quo
776 5288 869 5370 utique
920 5303 1001 5362 quus,
1015 5282 1179 5359 generaliter
1195 5284 1251 5356 iam
1267 5293 1330 5343 tunc
1343 5284 1455 5344 minime
1468 5291 1593 5362 coeperit,
1607 5302 1716 5372 quando

105 5401 182 5476 (170)
202 5397 427 5471 compendiensis
439 5399 525 5460 rodat
539 5398 623 5474 addit,
638 5402 687 5482 qai
698 5400 783 5476 {idem
800 5417 869 5478 gen-
937 5464 943 5478 ·
957 5391 1034 5470 (att)
1048 5392 1088 5453 fta
1101 5389 1303 5466 scriptionum
1316 5405 1378 5452 cum
1392 5392 1473 5455 editis
1491 5397 1585 5471 primis
1600 5419 1607 5462 a
1624 5416 1717 5477 postu.

72 5475 147 5536 libttt
158 5472 332 5550 predicunt.
921 5480 1018 5541 stores,
1033 5479 1144 5544 sugere.

143 5581 268 5645 Persou.
289 5579 451 5643 CLXXXII.
1600 5589 1633 5657 ³?
