3728 5940
61 196 127 255 lost

716 186 793 246 vlia
812 186 839 243 S.
860 182 1044 244 llatattltdt.

1639 185 1709 249 1008

56 337 134 392 gaus,
144 318 275 392 applicuit
285 315 448 373 monasterio
463 330 512 369 suo
528 314 720 380 benchorensi,
737 312 856 383 utprimi
872 324 895 402 g
912 310 1058 382 quidquam
1074 309 1210 365 redituum
1224 306 1468 365 ecclesiasticorum
1491 311 1704 383 saeculariumve,

57 408 106 463 filii
132 407 247 479 primam
269 405 424 474 reciperent
445 404 570 476 gratiam.
585 401 656 477 Quid
681 402 763 458 animi
775 410 857 473 putas

56 496 175 569 gessisse
187 495 259 561 illos,
277 509 344 550 sano
359 495 393 548 de
410 492 454 549 sia
469 502 522 549 tam
536 492 618 566 longa
632 498 742 562 recepto
770 498 855 562 patre,

54 597 80 640 et
96 584 143 640 illo
159 584 251 656 patre?
264 583 322 638 Nec
337 580 446 647 mirum,
457 580 481 635 si
494 597 523 636 se
537 590 594 637 toto
607 581 635 635 in
648 580 777 654 gaudium
788 578 856 634 effu·

55 675 153 729 derunt
165 672 269 729 viscera
278 687 378 726 eorum
392 669 419 725 iu
434 669 522 726 reditu
536 670 606 739 rios,
621 669 728 742 quando
742 675 769 725 et
783 675 857 724 exte-

55 762 93 817 ris
107 761 316 834 circumquaque
345 758 473 832 gentihus
498 757 683 815 incredibilem
713 773 774 812 mox
789 756 856 812 laeti-

55 851 120 905 tiam
136 852 213 906 velox
224 864 320 905 rumor
334 848 446 904 iuverit.
464 848 586 919 Denique
601 847 635 902 de
654 845 815 913 civitatibus,
832 855 859 900 et

55 939 181 1006 castellis,
197 945 223 993 et
236 937 303 994 vicis
318 944 469 993 occurrunt
482 937 522 999 ei;
539 944 565 993 et
579 950 751 1008 quocumque
765 935 856 990 diver·

54 1027 262 1098 tat,suseipitur
282 1025 445 1082 exultatione
468 1025 603 1080 universae
632 1031 721 1079 tarrae.
742 1025 856 1080 Verum·

55 1124 144 1170 tamon
165 1132 220 1170 nou
235 1115 307 1187 sapit
320 1117 418 1172 honor.
439 1113 516 1187 Opus
530 1120 676 1170 exercetur
689 1112 832 1186 legationis
848 1131 855 1167 :

56 1203 149 1260 multis
163 1202 190 1258 iu
205 1203 273 1261 locis
290 1203 466 1260 celebrantur
488 1212 639 1259 conventus
654 1201 742 1271 multi,
756 1217 791 1258 ne
805 1217 859 1273 qua

55 1293 141 1368 regio,
163 1308 211 1348 seu
225 1292 316 1365 portio
332 1292 461 1365 regionis,
477 1291 617 1367 legationis
634 1291 722 1346 fructu
739 1298 766 1348 et
781 1289 857 1346 utili-

56 1390 110 1436 tate
131 1381 282 1437 fraudetur.
298 1381 454 1436 Seminotur
472 1396 556 1454 super
570 1395 664 1436 omues
679 1393 763 1450 aquas
780 1397 786 1435 :
804 1395 858 1436 non

53 1478 97 1524 est
128 1470 174 1542 qui
204 1485 233 1526 se
252 1470 398 1526 abscondat
426 1469 460 1524 ah
474 1485 556 1541 opera
578 1467 765 1525 sollicitudinis
785 1466 857 1536 ejus.

55 1558 115 1614 Non
138 1574 230 1628 sexus,
244 1543 299 1614 n⁴on
314 1567 388 1628 atas,
414 1572 466 1613 non
490 1557 619 1624 conditio,
644 1573 699 1612 uon
722 1555 855 1626 professio

56 1655 208 1716 reputatur.
225 1645 329 1718 Ubique
343 1662 434 1702 semen
451 1647 587 1719 spargitur
611 1644 736 1711 salutare,
753 1643 852 1715 ubique

56 1735 162 1791 intonat
189 1736 253 1792 tuba
279 1735 407 1792 coelestis.
424 1733 528 1806 Ubique
544 1732 680 1800 discurrit,
697 1731 799 1804 ubique
814 1732 854 1786 ir·

56 1823 165 1895 rvunpit,
195 1823 338 1895 evaginato
353 1822 445 1896 gladio
459 1822 560 1893 linguas
574 1822 608 1876 ad
636 1821 783 1878 taciendam
799 1821 858 1877 vin·

55 1912 155 1968 dictam
188 1912 216 1965 in
245 1911 410 1977 nationibus,
454 1909 651 1981 increpationes
683 1911 709 1963 iu
738 1909 856 1983 populis.

55 2000 156 2056 Terror
184 2000 243 2069 ejus
258 2015 341 2071 super
368 1998 495 2055 facientes
518 1999 596 2054 mala.
623 1999 727 2053 Clamat
741 2000 857 2070 iniquia,

56 2090 151 2146 Nolite
160 2090 260 2160 inique
269 2103 352 2159 ogere
363 2109 373 2157 ;
385 2092 414 2143 et
427 2087 672 2160 delinquentibus,
682 2088 773 2146 Nolite
783 2088 859 2145 caol·

57 2183 118 2232 tore
145 2192 235 2234 cornn
259 2175 348 2246 (Psoi.
374 2192 468 2243 cxxiv,
484 2176 523 2248 5).
543 2176 649 2248 Religio
663 2176 763 2249 ubique
777 2176 857 2248 plan·

58 2273 139 2332 tatur,
169 2279 348 2337 propagatur,
369 2264 486 2322 fovetur.
516 2263 595 2320 Oculi
616 2265 678 2335 ejus
693 2280 777 2333 super
799 2281 855 2334 eos,

57 2361 85 2410 et
103 2369 170 2410 cura
186 2354 290 2426 ejusad
305 2354 481 2410 necessitates
491 2368 595 2409 eorum.
611 2356 641 2411 ln
655 2354 785 2423 conciliis,
796 2371 858 2426 quae

61 2442 163 2514 passim
178 2444 360 2510 celebrantur,
376 2451 534 2514 repetuntur
557 2443 674 2516 antiqua
690 2443 857 2512 traditiones,

57 2548 125 2604 quas
142 2538 232 2588 brnen
247 2531 332 2588 bonas
357 2531 443 2587 fuisse
465 2531 625 2600 constiterit,
641 2531 757 2588 abolitas
768 2529 859 2590 1116

57 2634 125 2676 vero
154 2620 323 2695 negligentia
348 2620 529 2677 sacerdotum.
543 2620 598 2677 Nec
612 2620 693 2677 modo
708 2629 801 2678 vetera
814 2621 857 2676 in·

57 2717 226 2780 staurantur,
236 2710 374 2765 cuduntur
389 2717 416 2765 et
431 2724 519 2776 nova3
537 2717 564 2766 et
585 2725 765 2781 quacumque
792 2726 857 2782 pro

56 2797 231 2871 mulgaverit,
248 2805 376 2871 tauquam
390 2797 496 2855 solitus
518 2799 592 2854 edita
607 2808 792 2872 acceptantur,
817 2808 857 2856 te-

911 399 953 456 vel
967 399 994 453 iu
1008 399 1067 470 ipso
1076 398 1169 454 babuit
1183 397 1351 469 episcopatu.
1366 397 1464 452 Menses
1478 398 1624 473 episcopali
1641 404 1709 460 nihil

911 504 1021 559 prorsus
1040 487 1224 557 coustitutum,
1239 487 1281 542 vel
1299 487 1476 560 assignatum,
1495 488 1567 542 unde
1590 489 1709 562 Episco-

911 593 962 643 pus
977 578 1089 634 viveret.
1105 577 1163 631 Nec
1177 575 1249 630 enim
1265 576 1305 632 vel
1320 575 1430 631 domum
1447 575 1582 646 propriam
1603 578 1708 634 hahuit.

910 665 975 719 Erat
1001 671 1091 721 autem
1119 680 1188 735 pene
1212 663 1375 719 incessanter
1406 663 1537 720 circuiens
1567 667 1712 736 parochias

909 769 1013 819 omnes,
1031 752 1178 828 Evatvgelio
1193 752 1320 818 serviens,
1337 762 1364 807 et
1384 752 1418 808 de
1432 752 1580 824 Evangelio
1603 755 1711 821 visana,

911 842 981 898 sicut
995 842 1135 898 coustituit
1151 843 1176 897 ei
1203 841 1355 896 Dominus:
1372 842 1480 912 Dignos
1493 846 1546 909 est,
1572 833 1710 915 inquiens,

912 933 1055 1004 operarios
1069 931 1255 988 merccdesna
1265 931 1341 998 (inc.
1354 932 1426 1000 nl).
1438 931 1497 987 Nisi
1506 933 1578 1003 quod
1587 933 1712 1007 frequen·

911 1020 965 1075 tius
976 1020 1064 1091 ipsum
1077 1019 1251 1091 Evangelium
1267 1021 1326 1075 sine
1341 1030 1448 1091 sumptu
1465 1038 1576 1092 ponens,
1589 1022 1624 1079 dc
1639 1023 1713 1080 labo-

911 1110 987 1164 vvhus
1010 1110 1068 1164 suis
1095 1125 1264 1181 suommque
1283 1108 1396 1180 ferebat,
1423 1111 1493 1167 uude
1508 1128 1537 1166 so
1559 1120 1585 1169 et
1599 1129 1646 1169 cos
1662 1115 1710 1186 qui

912 1215 1003 1255 secum
1022 1198 1187 1266 laborabant,
1210 1198 1236 1252 iu
1263 1212 1346 1268 opere
1369 1197 1510 1254 ministerii
1533 1209 1706 1258 sustentaret.

914 1288 996 1343 Porro
1011 1285 1033 1341 si
1049 1285 1184 1343 interdum
1198 1285 1338 1358 quiescere
1352 1295 1499 1357 oporteret,
1510 1290 1645 1346 insanetvs
1659 1292 1710 1348 hoc

914 1376 1027 1431 faciebat
1046 1374 1122 1443 locis,
1139 1391 1200 1447 quae
1227 1375 1287 1445 ipse
1315 1391 1363 1446 per
1392 1375 1546 1432 Hiberniam
1574 1388 1711 1450 sparserat
1792 1360 1796 1372 ¹

912 1465 1066 1520 universam
1085 1483 1090 1518 :
1106 1464 1177 1534 apud
1192 1477 1261 1533 quos
1277 1478 1343 1519 vero
1357 1479 1459 1520 moram
1475 1465 1564 1522 facere
1573 1465 1708 1538 libuisset,

911 1552 1020 1609 illorum
1048 1568 1078 1608 se
1107 1550 1286 1608 conformavit
1312 1552 1431 1609 moribus
1460 1561 1487 1608 et
1515 1555 1705 1612 observantiis.

870 1615 892 1693 Β
908 1641 1045 1698 communi
1059 1648 1202 1697 contentus
1216 1641 1269 1697 vita
1283 1651 1308 1696 et
1321 1658 1427 1698 mensa.
1440 1643 1500 1699 Non
1515 1643 1565 1699 fuit
1579 1644 1608 1699 io
1628 1645 1711 1710 victu,

909 1729 1032 1787 nonfuit
1053 1729 1199 1788 investito
1222 1728 1249 1784 iu
1277 1746 1331 1800 quo
1351 1731 1481 1803 potuisset
1498 1733 1644 1790 Malachiae
1666 1734 1711 1789 di-

911 1818 1007 1891 gnosci
1035 1819 1103 1875 inter
1117 1829 1232 1875 caeteros
1246 1818 1360 1876 fratres:
1376 1820 1404 1876 iu
1419 1830 1531 1891 tantum,
1545 1837 1608 1880 cum
1626 1824 1712 1894 maior

914 1915 996 1974 esset,
1010 1907 1171 1966 hnmilitavit
1189 1925 1219 1964 se
1234 1908 1261 1964 in
1274 1909 1411 1966 omnihus.

947 1999 992 2052 11.
1008 1997 1130 2069 Denique
1145 2014 1207 2054 cum
1222 1998 1307 2055 exiret
1335 2002 1368 2055 ad
1396 1999 1620 2072 praedicandum,
1648 2019 1712 2058 oum

911 2084 1047 2157 peditibus
1072 2086 1155 2154 pedes
1169 2093 1196 2142 et
1210 2085 1268 2157 ipse
1283 2085 1349 2156 that,
1372 2094 1517 2160 episcopus
1540 2101 1567 2146 ct
1593 2091 1710 2163 legatus,

913 2175 1012 2230 Forma
1026 2176 1175 2258 apostolica
1188 2177 1268 2232 hacc:
1286 2176 1385 2234 atinde
1400 2179 1487 2251 magis
1506 2179 1573 2235 mira
1588 2180 1616 2234 in
1631 2180 1712 2236 Mala·

913 2264 983 2335 chia,
999 2279 1053 2335 quo
1071 2281 1132 2321 rara
1145 2263 1226 2321 nimis
1239 2266 1267 2321 in
1282 2266 1353 2321 aliis.
1371 2267 1458 2323 Verus
1472 2267 1593 2338 profecto
1608 2277 1712 2337 aposto

911 2351 1001 2408 lorum
1016 2353 1102 2408 haeres
1118 2363 1159 2409 est
1173 2353 1235 2419 iste,
1251 2353 1298 2424 qui
1318 2355 1381 2408 talia
1407 2356 1472 2426 agit.
1498 2355 1549 2411 Sed
1573 2356 1711 2413 advertere

911 2450 962 2506 est,
991 2442 1127 2512 quomodo
1151 2441 1249 2497 dividat
1278 2443 1463 2499 haereditatem
1491 2460 1553 2500 cum
1583 2444 1711 2502 fratribus

911 2528 979 2597 auis,
999 2545 1075 2602 aeque
1088 2530 1233 2601 nepotibus
1250 2531 1457 2602 Apostolorum.
1474 2531 1516 2585 llli
1534 2533 1710 2590 dominantur

911 2617 939 2672 in
953 2617 1026 2673 clero
1043 2634 1050 2670 ε
1071 2617 1121 2675 ista
1137 2620 1201 2673 dum
1216 2626 1290 2676 esset
1304 2620 1373 2674 llher
1388 2636 1421 2676 ex
1436 2620 1571 2687 omnihus,
1591 2621 1712 2678 omnium

911 2723 939 2762 se
958 2722 1067 2762 servum
1084 2706 1159 2763 fecit.
1175 2707 1215 2762 llli
1237 2717 1282 2763 aut
1297 2726 1350 2763 uon
1371 2710 1586 2780 evangelizantes
1604 2712 1715 2767 maudu-

910 2807 980 2862 1111,
1011 2805 1057 2852 aut
1085 2797 1274 2868 evangelizant
1300 2805 1329 2852 ut
1358 2798 1540 2855 manducent:
1569 2801 1713 2856 Malachiae

57 2895 164 2957 nentur,
180 2887 280 2959 scripto
289 2887 453 2944 mandantur
462 2887 495 2941 ad
506 2887 664 2944 memoriam
677 2896 857 2959 posterorum.
874 2897 896 2977 g
911 2882 1020 2940 imitans
1047 2885 1161 2941 Paulum
1181 2926 1190 2952 ,
1212 2888 1368 2942 manducat
1387 2896 1426 2965 'nt
1460 2889 1635 2961 evangelizet.
1671 2888 1713 2944 llli

56 2973 156 3044 Quidni
171 2976 278 3031 coelitus
292 2976 375 3032 missa
390 2975 577 3044 crederentur,
599 2993 659 3048 quae
675 2985 713 3033 tot
740 2976 859 3034 coelestia
913 2971 1012 3026 fastum
1028 2980 1201 3044 elquaestum
1228 2974 1363 3029 aesdmaut
1386 2974 1541 3046 pietatem:
1570 2976 1712 3032 Malachiae

56 3062 220 3119 confirmant
249 3063 456 3120 miraculafEt
487 3073 517 3120 ut
538 3063 620 3120 fidem
649 3064 728 3122 dictis
751 3065 858 3136 faciam,
914 3058 1072 3116 haereditate
1085 3060 1202 3116 vindieat
1217 3059 1269 3115 sibi
1287 3074 1356 3132 opus
1370 3067 1397 3116 ei
1412 3077 1493 3117 onus,
1512 3061 1554 3117 1111
1567 3061 1662 3119 felices
1682 3079 1712 3120 se

55 3151 235 3227 perstringam
251 3152 380 3208 nonnulla
395 3152 498 3225 paucis.
515 3152 583 3222 Quis
596 3153 668 3209 enim
683 3163 782 3210 cuncta
793 3170 859 3210 enu-
914 3148 1039 3214 credunt,
1064 3148 1087 3204 si
1112 3148 1284 3205 dilataverint
1308 3149 1440 3206 terminos
1456 3164 1520 3206 suos
1537 3168 1543 3207 :
1568 3151 1714 3207 Malachiae

55 3241 170 3297 meg-gg?
190 3239 348 3314 ngnqugm
363 3238 499 3311 libentius,
522 3244 617 3313 saiwi,
641 3242 780 3300 imitandjg
808 3243 859 3299 im.
913 3236 941 3291 in
957 3236 1095 3292 dilatanda
1117 3238 1248 3294 charitate
1261 3238 1406 3312 giOI'iaiul'.
1428 3237 1470 3294 1111
1493 3249 1661 3313 0008108811
1683 3239 1712 3296 111

20 3323 25 3333 ’
58 3344 255 3402 m0r0r‚quam
270 3330 448 3388 admirandis,
912 3326 1021 3395 horfea,
1036 3333 1064 3382 81
1089 3326 1162 3383 dolia
1192 3327 1309 3399 repient,
1340 3327 1412 3384 1111118
1444 3336 1555 3385 01818111
1579 3343 1710 3386 metim:

353 3420 466 3477 CAPUT
494 3421 571 3480 xlx,
913 3412 1063 3469 Malachias
1078 3414 1183 3487 colligit
1197 3414 1225 3468 in
1254 3416 1363 3472 deserta
1393 3423 1421 3471 et
1447 3415 1618 3487 solitudines,
1641 3421 1712 3473 uada

63 3507 278 3580 Virtotomejos
288 3509 555 3579 insignissimam
565 3525 627 3568 nero
635 3511 857 3582 proesntedv'qni.
913 3502 1027 3573 impleat
1042 3502 1141 3559 coelos.
1159 3503 1226 3574 iliis,
1243 3519 1306 3561 cum
1321 3503 1455 3575 accipiant
1468 3504 1597 3577 decimas,
1612 3513 1639 3565 et
1651 3507 1711 3578 pri·

93 3597 137 3649 13.
155 3595 189 3649 Et
215 3609 276 3650 meo
290 3595 403 3666 quidem
417 3595 521 3664 judicio
536 3597 653 3666 primum
667 3606 694 3652 et
712 3598 860 3652 maximum
914 3590 1015 3658 mitius,
1032 3598 1059 3645 ct
1075 3591 1236 3659 oblationes,
1253 3593 1363 3662 insuper
1373 3594 1443 3647 etde
1453 3593 1568 3649 Caesaris
1582 3593 1715 3651 beneficio

58 3682 230 3750 miraculum,
247 3682 319 3754 quod
350 3682 422 3749 fecit,
454 3682 513 3754 ipse
534 3693 601 3739 erat.
616 3685 651 3740 Ut
670 3684 743 3740 enim
757 3691 859 3740 taceam
914 3677 1025 3742 telonia,
1041 3687 1068 3732 et
1082 3677 1192 3744 tributa,
1207 3688 1234 3734 et
1248 3678 1318 3734 alios
1328 3677 1447 3734 redditus
1461 3678 1590 3748 infinitos,
1605 3682 1714 3740 solliciti

56 3771 215 3826 interiorem
244 3770 381 3826 hominem
410 3770 480 3840 ejus,
511 3772 591 3842 cujus
619 3771 857 3842 pulchritudinem,
914 3775 977 3821 sunt
989 3765 1174 3838 nihilominus,
1189 3766 1255 3839 quid
1268 3767 1444 3841 manducent,
1466 3777 1494 3825 et
1514 3769 1578 3841 quid
1593 3770 1711 3829 bibant:

57 3858 253 3930 fortitudinem,
293 3858 440 3931 puritatem
474 3860 539 3916 satis
576 3860 731 3916 indicabant
768 3878 859 3918 mores
913 3852 1061 3912 1111111111
1074 3855 1140 3911 nihil
1157 3856 1257 3912 11011111
1272 3856 1386 3922 habena,
1401 3856 1503 3914 multos
1517 3867 1609 3916 tamen
1633 3860 1711 3919 locu-

55 3947 181 4017 ipsimet
210 3949 273 4014 vita,
304 3947 394 4021 ipsum
422 3949 587 4006 exteriorem
616 3949 652 4006 ita
681 3967 737 4006 uno
751 3966 859 4022 semper
913 3943 1712 4020 111111101101111111101119111118110011111111181111

56 4037 149 4100 modo,
166 4037 282 4108 ipsoque
298 4037 500 4095 modestissimo
516 4047 543 4093 et
558 4038 748 4094 decentissimo
762 4038 856 4111 gessit,
904 4031 1106 4110 ,solicitudinis
1121 4034 1193 4092 ullus
1208 4040 1250 4091 est
1265 4033 1329 4090 finis
1344 4035 1491 4092 Malachiae
1504 4033 1587 4093 611
1601 4038 1713 4110 cupiens

58 4135 87 4181 ut
101 4126 137 4179 uil
153 4142 265 4197 prorsus
281 4126 466 4199 appareretin
485 4128 607 4198 eo,quod
616 4136 710 4199 posset
719 4127 857 4184 offendere
912 4120 979 4176 nihil
996 4137 1049 4178 101
1079 4123 1156 4180 novit
1183 4133 1273 4181 tamen
1290 4125 1410 4198 cogitare
1437 4125 1470 4181 dc
1499 4127 1712 4184 cantitanda

56 4215 240 4271 intuenteslit
256 4215 370 4287 quidem
399 4216 514 4288 quinon
529 4215 642 4271 offendit
656 4216 684 4271 in
705 4215 798 4284 verbo,
814 4217 859 4273 illc
914 4210 1087 4281 pauperibus
1101 4213 1213 4285 erigunt
1228 4214 1300 4284 quod
1323 4212 1389 4270 dent
1403 4212 1530 4271 divitibus
1545 4233 1553 4272 ι
1568 4215 1618 4273 istc
1630 4217 1710 4273 solli-

56 4302 196 4374 perfectus
218 4314 259 4359 est
286 4303 328 4358 vir
342 4304 414 4376 (tue.
430 4318 470 4370 111,
487 4304 525 4377 1).
549 4304 662 4362 atvero
676 4305 704 4360 in
723 4304 858 4362 Malachiae
914 4298 978 4354 citat
992 4298 1090 4356 divites
1104 4316 1155 4374 pro
1169 4301 1337 4373 pauperibus
1352 4303 1548 4361 sustentandis.
1569 4304 1610 4362 llli
1636 4320 1712 4362 mar-

57 4391 119 4464 quis
147 4408 277 4464 unquam,
295 4392 402 4450 etiamsi
416 4393 548 4449 curiosius
576 4395 735 4462 observarit,
765 4394 858 4466 depre·
913 4387 993 4458 111111
1008 4399 1125 4446 vacuant
1140 4391 1312 4447 subditorum
1329 4409 1336 4447 τ
1353 4391 1403 4448 istc
1417 4408 1467 4465 pro
1481 4395 1601 4465 peccatis
1614 4410 1711 4453 corum

59 4480 151 4536 hendit
166 4481 294 4545 otiosum,
311 4497 366 4536 nou
381 4481 441 4537 dico
457 4485 580 4551 verbum,
593 4483 641 4539 sed
659 4485 774 4541 nutum?
788 4481 856 4552 Quis
914 4477 1012 4532 1111111
1026 4480 1146 4535 cumulat
1161 4479 1242 4548 vatia,
1257 4480 1411 4554 hostiisque
1439 4481 1568 4553 pacificis.
1592 4481 1634 4537 illi
1656 4487 1712 4540 alta

60 4585 179 4637 manum,
197 4570 329 4641 pedemve
343 4578 499 4626 moventem
513 4570 637 4629 frustrat
651 4575 709 4629 Irno
724 4573 790 4646 quid
804 4588 860 4629 uon
914 4565 1016 4637 palatia
1030 4567 1148 4642 erigunb
1166 4576 1252 4625 11111·θὸ
1267 4585 1299 4626 11
1313 4570 1463 4626 1111111111
1486 4573 1571 4627 coel⁰³
1599 4572 1688 4629 1111111
1703 4590 1710 4638 t

61 4658 197 4715 aedilicans
224 4659 253 4714 in
267 4658 327 4730 ejus
355 4659 471 4731 incessu,
488 4674 609 4733 aspectu,
639 4663 743 4730 habitu,
760 4662 858 4720 vultui
914 4654 1064 4713 1111111111
1078 4675 1134 4715 11011
1148 4660 1254 4716 habens
1269 4659 1318 4716 uhi
1331 4672 1413 4733 caput
1428 4660 1549 4729 reclinet.
1563 4677 1633 4734 ⁰P¹¹⁸
1649 4660 1714 4719 11011

60 4747 185 4819 Denique
201 4749 292 4804 vultus
306 4747 469 4804 hilaritatem
489 4766 541 4807 uec
555 4750 670 4808 fuscavit
683 4767 795 4817 moeror,
810 4768 859 4808 nec
913 4748 1100 4821 evangelistae.
1116 4749 1158 4805 1lli
1173 4765 1261 4822 equos
1280 4751 1432 4806 ascendunt
1445 4764 1508 4805 cum
1522 4749 1602 4808 turha
1624 4750 1712 4807 homi-

62 4834 187 4908 levigavit
202 4837 286 4904 risus,
300 4837 400 4895 Totum
428 4837 456 4892 in
484 4855 517 4895 eo
533 4840 746 4911 disciplinatum,
772 4851 859 4896 totum
913 4857 980 4896 num
993 4840 1080 4913 gratis
1089 4839 1314 4896 manducantium
1323 4856 1433 4913 panem,
1444 4850 1470 4897 et
1478 4856 1533 4897 non
1543 4856 1641 4908 suum;
1657 4843 1714 4897 Ma·

63 4923 169 4996 insigne
184 4924 301 4994 virtutis,
331 4927 508 4998 perfectionis
523 4928 620 4983 forma.
641 4929 693 4984 Per
708 4929 799 4985 omnia
813 4946 859 4986 se·
915 4929 1016 4985 lachias
1044 4936 1138 5003 septus
1162 4938 1321 4986 saccorum
1342 4929 1458 4985 fratrum
1473 4930 1589 5000 collegio
1605 4974 1612 4997 ,
1630 4930 1713 5002 pedes

63 5012 129 5078 rius,
146 5013 191 5068 sed
221 5030 276 5068 non
291 5023 424 5070 austerus.
451 5015 592 5073 Remissus
607 5017 753 5085 interdum,
769 5019 858 5073 diseo·
914 5020 1019 5085 circuit,
1047 5028 1159 5092 portans
1183 5036 1270 5093 panos
1293 5020 1480 5094 angelorum,
1509 5021 1607 5093 quibus
1635 5020 1715 5076 satiet

64 5104 136 5156 lutus
164 5118 314 5173 nunquam.
343 5103 491 5174 Negligens
506 5105 584 5174 nihil,
600 5105 651 5161 etsi
673 5123 725 5178 pro
740 5114 859 5178 tempora
915 5109 1021 5164 animas
1036 5109 1198 5166 esurientes.
1216 5109 1256 5164 llli
1272 5109 1366 5180 plebes
1380 5124 1414 5165 ue
1428 5109 1710 5182 agnoscuntquidem:

62 5190 144 5244 multa
172 5190 354 5247 dissimulans.
385 5190 499 5259 Quietus
527 5210 609 5264 saepe,
625 5195 673 5251 sed
688 5195 800 5251 minime
814 5197 861 5251 ali·
915 5197 964 5252 iste
979 5198 1079 5256 crudit.
1097 5198 1137 5255 ltli
1152 5208 1279 5270 potentes
1293 5205 1320 5253 et
1336 5205 1465 5271 tyrannos
1480 5200 1615 5256 honorant
1631 5217 1638 5252 ε
1662 5198 1714 5255 ists

62 5279 172 5353 quando
187 5278 336 5336 otiosush
351 5280 393 5334 die
408 5281 496 5351 primo
505 5282 691 5339 conversionis
701 5299 757 5340 snae
772 5301 860 5357 usque
915 5285 1001 5356 punit.
1018 5286 1041 5343 0
1056 5287 1146 5342 virum
1161 5287 1350 5357 apostolicvun,
1367 5303 1450 5360 quom
1465 5295 1504 5346 tot
1519 5296 1545 5344 et
1562 5287 1625 5344 talia
1638 5287 1715 5345 nohi-

61 5370 96 5426 ad
110 5375 261 5425 extremum
289 5369 361 5434 vitae,
380 5368 438 5426 sine
453 5371 565 5444 proprio
580 5373 655 5428 visu.
680 5372 741 5428 Non
756 5390 860 5444 servos,
916 5374 994 5430 litant
1009 5377 1089 5451 signa
1113 5375 1284 5449 apostolatus
1299 5377 1361 5432 suit
1386 5377 1457 5448 Quid
1481 5394 1534 5448 ego
1557 5377 1668 5446 mirum,
1691 5378 1715 5434 si

62 5474 119 5515 non
147 5458 267 5526 ancillas,
284 5473 339 5513 oon
353 5457 441 5528 villas,
459 5475 515 5515 uon
530 5461 645 5530 viculos,
661 5477 717 5517 uon
744 5462 861 5535 denique
915 5464 986 5521 inira
1001 5475 1044 5521 est
1057 5475 1200 5540 operatus,
1215 5467 1254 5522 sic
1269 5464 1401 5521 mirabilis
1415 5467 1493 5540 ipset
1509 5467 1645 5524 imovero
1659 5482 1715 5522 non

168 5563 292 5624 Parnon.
308 5562 467 5622 ccxxxn.
1606 5571 1642 5633 35
