3728 5940
152 223 207 286 917
630 219 658 282 S.
673 220 842 284 alentio}
862 217 1329 283 111111111111111111111111
1745 218 1803 283 m

84 379 89 393 ,
154 358 207 408 est.
221 348 284 406 llari
296 346 417 419 profecto
431 344 558 400 israelita
579 345 731 416 procedunt
751 346 785 402 ad
803 345 879 402 bella
897 359 945 417 pe-
963 360 987 439 Α
1002 345 1263 417 murnentanus.
1284 360 1314 414 u,
1332 345 1379 417 11)
1397 341 1639 416 :indignissimum
1656 341 1802 413 judicans.

157 436 237 496 cinei.
252 437 288 493 At
301 451 367 492 sero
377 432 424 489 nbi
448 438 559 490 venturu
574 432 655 490 fuerit
673 435 707 490 ed
730 443 877 500 carleman,
889 441 947 490 tum
1002 433 1133 491 orationis
1146 434 1258 491 domum
1280 430 1471 504 hujuscemodi
1499 430 1654 488 forensibus
1670 432 1803 489 incestari

155 528 265 584 demum
281 522 392 595 pristina
412 520 520 578 lenitate
534 523 695 594 postposite,
712 531 839 595 tanquam
855 522 878 577 si
904 521 949 576 di·
1002 522 1052 597 [al.
1069 522 1212 597 infestaril.
1240 522 1298 580 'isli
1325 521 1442 595 proinde
1477 518 1520 577 sui
1541 518 1627 592 Regis
1657 527 1804 592 permotus

156 623 257 677 semet,
273 612 371 669 Nonne
383 613 433 683 poi
451 610 573 668 oderam
588 614 625 677 te,
638 613 765 676 omnine.
786 611 950 679 odernensi
1003 612 1127 683 exemplo
1149 611 1262 668 devotus
1285 610 1430 679 exercitus,
1459 608 1545 692 multo
1568 622 1634 665 esne
1648 607 1801 682 indignius,

156 700 443 774 superinimicostuos
455 699 950 770 tabescebamfleratcsrsrrrrat.)
1002 700 1138 773 longeque
1164 699 1361 756 intolerabilius
1388 696 1527 754 arbitrans
1541 704 1637 754 sancte
1663 696 1752 770 pollui
1765 699 1802 756 ab

157 791 263 845 irruunt
277 787 304 842 in
333 786 510 853 adversarios,
533 788 625 849 hostes
640 788 713 843 velut
727 803 791 844 ovas
805 795 948 859 reputant;
1002 787 1165 857 infidelibus,
1180 804 1264 860 quam
1277 803 1294 846 a
1307 786 1506 846 mercatoribus
1517 784 1657 853 incestari,
1673 783 1703 843 in
1714 787 1801 845 domo

155 874 405 949 monumemtum
429 874 650 945 paucissimi,vel
673 873 948 942 eaevamberbariem,
1004 883 1100 933 sancta
1127 874 1214 936 1149
1241 892 1304 934 cum
1330 876 1408 950 equb
1433 883 1460 932 et
1479 875 1565 931 ermis
1583 882 1799 944 commoraturr

152 967 193 1021 aet
207 979 379 1022 numerosam
394 963 596 1020 multitudinem
611 962 798 1020 formidantes.
813 964 951 1021 Noverunt
1003 971 1113 1037 nmque
1127 965 1162 1021 ab
1175 965 1245 1038 ipsa,
1262 981 1346 1039 quarn
1357 980 1375 1022 a
1387 962 1496 1022 aeteus
1508 963 1686 1021 sacnsomni
1699 963 1801 1021 infide·

152 1053 286 1124 siqnidem
312 1068 367 1108 uon
398 1051 433 1107 de
456 1053 512 1107 suis
540 1066 706 1123 praesumere
720 1050 833 1118 viribus,
855 1051 903 1107 sed
917 1051 951 1109 dc
1003 1051 1086 1109 litatis
1098 1062 1236 1126 spurcari
1249 1054 1393 1127 tyrannica
1408 1051 1485 1109 rabie
1498 1052 1669 1124 propulsata,
1698 1051 1754 1124 ipsi
1773 1053 1801 1110 in

151 1143 250 1198 virtute
277 1140 387 1196 Domini
402 1139 515 1196 sabaotb
544 1154 654 1210 sperare
668 1139 825 1197 uictoriam:
846 1140 892 1197 cui
906 1140 950 1195 ui·
1003 1141 1087 1198 cedia
1114 1150 1249 1216 noctuque
1270 1149 1325 1199 tam
1339 1141 1457 1199 honestis
1475 1155 1559 1212 quam
1573 1139 1686 1197 utilibus
1700 1139 1803 1198 officiis

152 1231 251 1287 mirum
266 1227 346 1287 facile
364 1243 424 1284 cese
437 1229 587 1296 confidunt,
609 1229 685 1298 juste
700 1228 861 1285 sententiam
873 1230 950 1286 blec·
1004 1231 1332 1302 occnpantur.lionorent
1348 1228 1528 1288 certatimliei
1541 1227 1675 1300 templum
1698 1227 1803 1286 sedulis

149 1318 261 1387 rhebaei,
277 1317 404 1375 concludi
413 1316 512 1373 multos
531 1317 558 1372 in
573 1331 670 1371 manns
684 1330 840 1388 paucorum,
856 1325 947 1373 etnon
1001 1326 1029 1377 et
1037 1319 1150 1378 sinceris
1163 1320 1309 1394 obsequiis.
1326 1320 1422 1392 jugiin
1437 1334 1472 1375 eo
1487 1318 1633 1375 devotione
1645 1318 1800 1376 immolan-

150 1423 210 1462 ‹esc
224 1405 405 1463 differentiam
419 1406 446 1461 in
460 1408 608 1476 conspectu
628 1404 679 1461 liei
702 1404 765 1462 ooeli
789 1404 909 1461 liberere
923 1405 952 1461 in
1003 1413 1056 1479 tce,
1070 1423 1127 1465 non
1140 1407 1251 1481 quidem
1265 1416 1388 1466 veterum
1407 1407 1462 1463 ritu
1476 1407 1612 1478 pecudum
1626 1420 1736 1476 arnas,
1752 1408 1801 1464 sed

150 1496 250 1564 moltis,
270 1503 298 1551 et
312 1495 340 1550 in
358 1494 468 1566 peucis;
492 1493 623 1566 quianon
643 1493 670 1548 in
684 1493 856 1551 multitudine
876 1511 953 1551 exer·
1005 1496 1184 1553 verebostins
1199 1494 1339 1568 pacifices,
1355 1494 1505 1551 stammam
1516 1492 1704 1562 dilectionem,
1713 1493 1801 1552 devo·

149 1584 217 1638 citus
242 1590 284 1637 est
306 1580 418 1640 victoria
444 1581 519 1646 belli,
535 1581 584 1636 sed
608 1580 641 1637 dc
663 1581 733 1639 cralo
761 1581 891 1638 fortitudo
909 1589 952 1638 est
1004 1589 1062 1638 tarn
1076 1583 1282 1655 abjectionem,
1293 1583 1477 1641 voluntariam
1491 1588 1692 1655 paupertatem.

150 1673 177 1740 (l
192 1669 341 1737 Huccbcb,
358 1685 400 1736 ιιι,
419 1672 464 1740 te,
481 1668 618 1741 lli).Quod
633 1677 661 1725 et
675 1639 988 1742 frequentissimam-fl
1040 1675 1084 1728 10.
1115 1672 1180 1728 llaec
1205 1670 1384 1744 ierosolymis
1405 1670 1560 1736 nubuntur,
1585 1677 1611 1724 et
1631 1669 1708 1726 orbis
1721 1670 1799 1727 esci·

151 1759 219 1830 perti
241 1765 314 1826 sunt,
342 1757 379 1813 ita
404 1763 432 1812 ot
449 1757 611 1830 plerumque
636 1756 713 1830 quasi
740 1765 901 1829 persecutus
916 1757 952 1812 sit
1003 1762 1086 1815 tatur.
1102 1757 1223 1816 audiunt
1237 1758 1342 1827 insnlae,
1360 1765 1388 1814 et
1400 1759 1542 1814 attendunt
1555 1755 1650 1829 populi
1663 1756 1799 1832 delonpe.

150 1863 221 1902 unus
238 1845 324 1914 mille,
352 1845 447 1902 etduo
462 1844 581 1918 fugarint
601 1845 696 1903 decem
718 1845 813 1902 miliia.
829 1845 952 1902 ltadeui·
1003 1853 1032 1902 et
1057 1847 1187 1903 elrnlliunt
1223 1849 1259 1904 ab
1294 1845 1408 1903 Oriente
1436 1854 1464 1901 at
1479 1843 1639 1912 Occidente,
1668 1853 1801 1919 unquam

152 1949 205 2006 que
218 1932 289 1989 miro
301 1932 420 2006 quodam
442 1931 494 1989 bac
509 1932 641 2005 singulari
654 1933 738 1989 modo
750 1941 897 1990 cernuntur
924 1940 951 1990 et
1004 1942 1112 1993 torrem
1139 1936 1276 1994 inundans
1293 1934 1388 2008 glorias
1411 1933 1545 2008 gentium,
1561 1940 1589 1990 et
1601 1941 1733 2007 tanquam
1746 1933 1799 1991 flu·

149 2021 228 2092 agnis
246 2019 375 2089 mitiores,
391 2028 418 2076 et
430 2020 556 2077 leonibus
570 2020 727 2089 ferociores,
744 2030 774 2077 ut
788 2038 856 2093 pene
870 2020 950 2079 dubi·
1003 2023 1085 2080 minis
1112 2023 1230 2097 impetus
1247 2022 1387 2080 letificans
1414 2022 1553 2078 civitatem
1580 2022 1640 2077 oei.
1669 2021 1802 2095 Quodque

149 2117 204 2163 tem
237 2108 302 2182 qnid
327 2107 418 2182 potius
440 2122 569 2165 ceuseent
594 2109 780 2180 appellandos,
800 2110 950 2166 monachos
1004 2112 1124 2170 cernitur
1149 2111 1305 2183 jucundius,
1321 2117 1348 2167 et
1377 2109 1469 2184 egitur
1495 2109 1674 2179 commodine,
1698 2125 1802 2183 paucos

150 2196 283 2262 videlicet,
308 2211 342 2252 en
374 2195 491 2266 milites3
522 2196 575 2252 nisi
594 2197 668 2268 quod
691 2205 839 2269 utrumque
860 2197 951 2253 forsan
1004 2201 1152 2257 admodum
1162 2198 1595 2257 intantamultitndinehominum
1604 2196 1650 2256 illo
1660 2197 1801 2255 confluere

151 2284 346 2358 congruentius
355 2284 527 2351 nominarim,
539 2283 639 2356 quibus
653 2292 779 2342 neutrum
793 2287 890 2342 deesse
900 2301 950 2343 co·
1003 2288 1107 2358 videm,
1123 2288 1175 2344 nisi
1189 2288 1282 2362 utique
1300 2287 1451 2345 sceleratos
1461 2295 1490 2343 et
1510 2287 1620 2358 impios,
1637 2295 1802 2360 raptoreset

150 2372 298 2446 gnoscitur,
325 2388 377 2429 nec
396 2372 524 2429 monaehi
552 2373 742 2441 mansuetudo,
770 2389 822 2431 nee
855 2372 951 2430 militie
1003 2378 1162 2452 sacrilegos,
1175 2375 1338 2442 homicidae,
1354 2377 1493 2450 perjuros,
1508 2376 1649 2432 adulteros
1662 2395 1670 2444 ς
1685 2375 1720 2430 de
1735 2391 1804 2448 quo·

149 2461 288 2520 fortitudo.
317 2461 358 2518 lle
385 2477 440 2533 que
460 2477 490 2517 re
504 2461 567 2534 quid
595 2461 751 2530 dicendum,
772 2463 822 2518 nisi
838 2463 912 2536 quod
933 2479 952 2519 a
1004 2482 1064 2522 rum
1077 2466 1198 2540 profecto
1212 2464 1380 2539 perfectione
1392 2465 1463 2522 sicut
1475 2463 1716 2537 dupleanoddsm
1730 2478 1801 2518 con-

151 2549 264 2606 Domine
277 2548 430 2606 hananeel
443 2548 528 2617 istud,
543 2558 571 2605 et
585 2559 627 2605 est
645 2550 773 2606 mirabile
808 2551 835 2605 iu
862 2550 950 2608 oculis
1002 2560 1056 2609 stat
1077 2554 1224 2626 provenire
1251 2555 1371 2620 bonum,
1385 2553 1424 2609 ita
1437 2551 1590 2624 duplicatur
1602 2558 1628 2606 et
1641 2549 1797 2623 gaudium,

150 2654 194 2693 no·
201 2637 271 2692 trial
284 2636 364 2693 Tales
371 2635 424 2691 sibi
436 2636 520 2710 elrgit
535 2638 619 2703 Dens,
634 2645 663 2692 et
685 2637 796 2711 coltrgit
811 2656 825 2696 e
849 2637 949 2695 finibus
1002 2641 1223 2715 quandoquidem
1236 2648 1369 2699 mmsnos
1382 2640 1417 2697 de
1440 2655 1490 2698 suo
1514 2639 1636 2696 discessu
1649 2636 1802 2703 tutiorem.

151 2731 231 2780 terra
255 2723 393 2780 ministros
407 2740 440 2780 cx
461 2723 619 2781 fortissimis
637 2726 729 2793 lsrael,
756 2727 802 2798 qui
815 2727 873 2783 reri
906 2728 947 2783 le·
1004 2743 1088 2800 quarn
1113 2730 1175 2787 illos
1197 2731 1232 2787 de
1249 2730 1369 2787 adventu
1388 2727 1489 2802 quibus
1503 2727 1648 2785 subvenire
1660 2724 1801 2781 festinent.

152 2814 252 2868 ctnlttm
272 2812 433 2880 Salomonis,
456 2828 563 2870 sacrorn
575 2813 679 2871 scilicet
692 2814 858 2886 sepulcrum,
873 2815 945 2890 rigi-
1001 2820 1115 2876 Prosunt
1138 2819 1240 2892 quippa
1254 2818 1409 2891 utrobique,
1434 2832 1489 2872 non
1517 2816 1606 2874 solum
1620 2815 1712 2888 ntique
1735 2813 1804 2870 istos

151 2898 237 2956 lenter
250 2897 418 2974 fideliterque
432 2901 595 2969 custodiant,
619 2917 716 2959 omnes
744 2912 866 2961 tenentes
891 2904 950 2978 gls-
965 2911 988 2990 c
1003 2907 1114 2973 tuendo,
1130 2906 1179 2963 sed
1189 2906 1272 2964 mmm
1285 2906 1345 2964 illos
1364 2907 1422 2977 jam
1437 2921 1492 2962 non
1502 2906 1692 2978 opprimendo.
1708 2904 1801 2976 ltaque

152 2988 223 3055 dios,
239 2997 265 3044 et
278 2989 312 3044 ad
326 2989 397 3046 balle
412 2989 563 3048 doctissimi
577 2989 628 3063 [al.
645 2989 808 3064 fortissimi]
1005 2996 1112 3054 letatur
1130 2997 1265 3070 Aigyptos
1282 2996 1311 3054 in
1325 2996 1496 3070 profectione
1516 3012 1621 3063 eorum,
1635 3010 1698 3052 curn
1711 3000 1801 3051 tamen

444 3077 579 3135 CAPUT
612 3079 653 3135 V.
1005 3086 1039 3142 da
1047 3086 1319 3158 protectioneeorum
1329 3085 1504 3142 nibilominus
1514 3084 1622 3141 letetur
1635 3099 1715 3140 mons
1725 3083 1802 3148 Sion,

460 3169 498 3224 oc
517 3168 638 3241 Templo.
1005 3182 1033 3231 et
1046 3175 1179 3232 exsultant
1192 3174 1254 3231 blito
1266 3173 1353 3231 lude.
1371 3172 1419 3230 llis
1434 3172 1541 3245 quidem
1558 3188 1587 3228 sc
1608 3172 1643 3228 dc
1654 3187 1738 3228 mann
1754 3185 1803 3226 eo·

185 3252 499 3326 9.llatserotemplum
524 3254 717 3327 ierosolymis,
733 3255 761 3311 in
784 3272 839 3329 quo
855 3257 953 3326 pariter
1005 3263 1145 3328 mm,ists
1163 3264 1251 3335 magis
1264 3262 1291 3317 in
1313 3275 1503 3318 mendacrum
1518 3259 1629 3317 liberari
1657 3259 1803 3317 samarita

150 3339 282 3406 habitant,
307 3340 418 3414 eanno
447 3349 476 3396 ct
502 3341 685 3400 famosissimo
719 3342 770 3400 illi
801 3343 953 3399 Salomonis
1004 3351 1147 3423 gloriatur.
1177 3348 1228 3405 llla
1256 3347 1373 3404 libenter
1394 3346 1494 3403 amittit
1518 3344 1726 3403 crudelissimos
1761 3345 1804 3402 sui

152 3427 239 3498 imper
263 3426 374 3499 quidem
402 3435 550 3498 structura,
566 3428 613 3484 sed
640 3442 695 3485 non
709 3429 825 3487 iuferius
852 3430 950 3504 gloria.
1006 3444 1175 3495 messores:
1190 3435 1243 3493 ieta
1256 3450 1317 3491 enm
1331 3435 1433 3509 gaudio
1447 3434 1560 3507 suscipit
1574 3434 1617 3489 sui
1631 3431 1803 3489 fidelissimos

154 3513 292 3586 Siquidem
307 3517 436 3572 universa
459 3515 532 3572 illius
555 3515 753 3591 magnificentie
767 3519 794 3574 iu
818 3521 953 3592 corrupti
1005 3525 1187 3594 delenirem
1217 3532 1246 3581 et
1272 3524 1344 3580 unde
1372 3523 1425 3581 ista
1452 3522 1609 3580 dulcissime
1632 3521 1800 3584 consoletur,

153 3600 253 3658 bilibus
278 3619 345 3661 suro
368 3611 396 3658 et
421 3611 543 3675 argento,
558 3602 587 3659 in
601 3604 763 3677 quadratura
785 3605 904 3677 lapidum
925 3617 953 3662 ct
1005 3613 1068 3670 inde
1081 3612 1130 3670 ille
1158 3628 1235 3686 mque
1249 3611 1428 3679 saluberrime
1442 3611 1591 3669 desoletur.
1607 3610 1653 3667 Sic
1667 3609 1802 3673 Christus.

154 3692 283 3750 veniente
296 3692 432 3766 lignorum
446 3693 654 3750 continebatur:
667 3694 848 3764 bujnseutem
862 3694 953 3751 omnis
1004 3703 1045 3760 sie
1072 3701 1147 3759 novit
1161 3701 1254 3760 ulcisci
1277 3700 1306 3756 in
1319 3701 1414 3758 boetes
1437 3715 1512 3767 suos,
1528 3707 1558 3755 ut
1580 3712 1635 3755 non
1659 3698 1748 3755 solum
1768 3699 1803 3754 de

153 3779 247 3849 decor,
261 3787 385 3855 arguta
398 3781 545 3839 rennststie
566 3789 687 3850 ornatus,
703 3783 749 3855 pia
762 3792 803 3839 est
825 3783 951 3840 babitan-
1005 3791 1081 3864 ipsis,
1102 3789 1148 3846 sed
1171 3805 1222 3862 per
1244 3789 1321 3862 ipsos
1334 3803 1442 3862 quoque
1456 3788 1614 3861 frequmer
1628 3764 1715 3843 solc'at
1730 3793 1804 3842 tanto

154 3868 219 3924 tium
231 3866 401 3941 religiositas,
417 3879 445 3927 et
457 3868 657 3927 ordinatissima
675 3872 855 3929 conversatio.
883 3872 951 3929 lllnd
1004 3878 1161 3954 gloriemur,
1177 3888 1279 3951 quanto
1293 3884 1321 3934 et
1332 3877 1472 3950 potentius
1485 3875 1665 3948 triumphare.
1681 3873 1805 3930 Jncnnde

145 3955 235 4012 esna
260 3957 361 4015 exstitit
381 3958 558 4031 spectandum
579 3958 737 4016 coloribus:
762 3960 814 4018 boc
836 3959 951 4017 dirersis
1004 3981 1072 4023 sanc
1085 3974 1113 4023 ct
1126 3965 1270 4024 commode
1287 3964 1802 4037 :utqnosdinpertnlitoppugnetoree

153 4043 295 4102 rimnbbns
318 4053 346 4102 et
367 4047 468 4102 seuctb
490 4046 594 4103 actibus
614 4048 808 4105 venerandum.
830 4050 948 4106 Domum
1003 4054 1092 4129 magis
1103 4055 1392 4128 jampropugnatorrs
1406 4051 1508 4108 babere
1521 4049 1650 4123 incipiet3
1667 4047 1804 4121 facietque

152 4131 316 4204 quippellci
330 4133 566 4192 deeeteeoctitudo
587 4137 674 4207 (Psoi.
699 4151 766 4206 nors,
783 4137 880 4212 etqui
893 4153 948 4196 non
1003 4144 1039 4200 de
1053 4145 1131 4200 boeto
1160 4143 1285 4207 militem,
1313 4141 1361 4213 qui
1375 4141 1411 4197 dc
1426 4141 1510 4198 Saule
1523 4137 1660 4212 quondam
1674 4150 1803 4208 persecu·

153 4229 208 4275 tem
247 4220 339 4291 politis
366 4222 555 4289 marmoribus,
592 4240 672 4296 quem
701 4226 805 4282 ornatis
829 4226 950 4284 moribus
964 4185 989 4265 υ
1003 4236 1064 4287 tore
1090 4229 1155 4288 fecit
1168 4228 1280 4286 Paulum
1299 4228 1509 4301 predicatorem
1533 4226 1606 4296 (Act.
1624 4223 1673 4294 ιι).
1692 4222 1800 4291 Quam-

151 4307 309 4378 delectatur,
324 4317 352 4364 et
382 4325 466 4381 pnrss
492 4311 581 4383 diligit
602 4319 706 4371 meotes
732 4329 815 4386 super
841 4323 950 4373 auratos
1004 4319 1100 4376 obrem
1113 4332 1170 4374 non
1183 4317 1280 4385 miror,
1296 4317 1318 4372 si
1333 4317 1544 4387 etiamsnperns
1557 4313 1604 4369 illa
1619 4312 1706 4378 cuma,
1719 4311 1801 4380 iuste

149 4396 266 4466 parietes
289 4395 375 4469 (131).
393 4394 512 4454 Ornatur
527 4408 615 4456 umen
636 4402 717 4473 brrjne
741 4416 851 4477 qnoque
865 4402 947 4460 facies
1000 4406 1183 4465 testimonium
1212 4405 1373 4471 salvatoris,
1396 4405 1513 4461 exsultat
1540 4402 1630 4476 magis
1647 4416 1731 4471 snper
1745 4415 1800 4456 uno

147 4483 252 4556 templi,
276 4485 323 4542 sed
345 4485 436 4553 armis,
465 4501 519 4544 non
543 4490 678 4564 gemmis:
699 4499 725 4548 el
757 4504 806 4562 pro
829 4490 948 4563 antiquis
1000 4502 1142 4568 peccatore
1169 4493 1355 4565 paenitentiam
1383 4501 1491 4566 mente,
1514 4507 1596 4562 quam
1611 4503 1695 4562 super
1709 4488 1798 4558 pluri·

147 4573 256 4631 coronis
281 4573 380 4644 eureis,
408 4573 508 4633 circum
532 4578 713 4649 pendentibus
736 4578 841 4651 clypeis
857 4577 949 4651 peries
1001 4582 1053 4639 mis
1077 4579 1160 4653 justis
1173 4581 1221 4653 qui
1236 4595 1290 4637 non
1304 4579 1427 4654 indigent
1446 4579 1606 4652 punitentia
1620 4580 1683 4635 dum
1697 4591 1799 4648 pecce-

148 4663 284 4734 operitur3
301 4676 352 4735 pro
365 4663 545 4736 candelabris,
557 4665 713 4736 thuribulis,
729 4672 811 4738 atque
831 4666 947 4724 urceolis
1000 4670 1070 4729 toris
1079 4678 1107 4728 ct
1120 4669 1233 4741 maligni
1247 4668 1330 4725 tantis
1343 4667 1627 4741 proculdubiopossit
1641 4664 1797 4732 conrardo,

146 4753 244 4808 minus
258 4752 381 4825 undique
392 4750 488 4821 frenis,
503 4752 587 4822 sellis,
599 4755 741 4813 selenoeis
750 4753 945 4813 communitur.
999 4760 1108 4834 quantis
1121 4768 1150 4816 et
1162 4759 1240 4832 prior
1253 4766 1384 4815 nocuerat
1398 4756 1582 4814 conversatio.

146 4839 231 4898 Plane
243 4840 287 4898 lrie
300 4841 430 4898 omnibus
446 4841 549 4915 liquido
573 4843 832 4912 demonstrantibus,
849 4844 946 4903 eodem
1036 4852 1080 4905 11.
1095 4848 1177 4905 Salve
1190 4846 1286 4920 igitur,
1297 4845 1395 4903 civitas
1405 4854 1511 4914 emota,
1524 4860 1607 4918 quarn
1621 4843 1682 4916 ipsa
1696 4841 1800 4899 smoo-

148 4943 198 5000 pro
226 4930 307 4986 domo
329 4929 379 4988 Dei
393 4929 499 4987 fervere
515 4930 696 5000 militando,
712 4948 768 5004 qno
786 4932 846 5005 ipse
859 4949 947 5007 quon·
999 4936 1092 4995 licerit
1105 4936 1157 4993 sibi
1172 4935 1384 4994 tabernaculum
1399 4950 1480 4991 snum
1493 4933 1658 4997 altissimus,
1673 4946 1728 5004 qua
1742 4937 1801 4986 un·

146 5015 207 5073 dam
250 5015 364 5075 militnm
400 5020 460 5076 Dus
497 5020 735 5078 sobmontissime
765 5021 948 5079 infiammatus
1000 5034 1028 5084 ta
1041 5025 1069 5081 iu
1084 5033 1111 5081 te
1125 5032 1153 5082 et
1166 5039 1217 5097 per
1232 5031 1258 5080 te
1272 5023 1413 5096 generatio
1423 5024 1586 5080 salvaretur.
1598 5019 1690 5085 salve,
1701 5018 1801 5076 cisitu

147 5111 250 5162 mutate
264 5105 310 5162 illa
323 5107 492 5165 sancdseima
515 5121 608 5174 nanu,
623 5123 679 5166 non
692 5117 784 5166 minen
797 5110 881 5180 ferro,
897 5110 945 5167 esd
999 5114 1083 5188 Regis
1097 5113 1237 5187 magnius
1250 5126 1305 5184 qus
1327 5125 1399 5168 nova
1412 5112 1437 5168 ei
1454 5109 1577 5181 iucunde
1590 5107 1694 5166 mundo
1708 5107 1800 5163 mire·

146 5189 263 5266 nigello,
275 5193 349 5267 quod
358 5193 461 5254 fecemt
474 5196 510 5254 de
522 5194 658 5253 resticulis
672 5196 723 5270 [cl.
738 5196 884 5272 fuuiculis]‚
900 5198 946 5254 iu·
998 5199 1061 5258 culs
1101 5200 1184 5257 nullis
1210 5213 1282 5273 pene
1310 5197 1480 5269 temporibus
1506 5196 1620 5255 defuere
1646 5195 1683 5252 eb
1711 5192 1799 5250 initio.

148 5280 280 5341 troiritin
307 5283 448 5356 templum,
475 5284 645 5358 mentientes
667 5286 946 5359 expulitnnmmnle·
1000 5287 1091 5355 Salva
1121 5289 1234 5346 domins
1260 5288 1392 5361 gentium,
1423 5286 1554 5360 princeps
1581 5283 1799 5358 provinciarum.

149 5365 253 5424 riorum
266 5369 364 5427 effudit
384 5386 433 5441 es,
443 5380 470 5428 et
482 5373 628 5431 estbedres
642 5375 814 5432 vendertium
838 5378 944 5433 coluru-
1000 5376 1224 5435 Petriercberum
1234 5375 1584 5450 possessio,l’ropbeterum
1593 5381 1682 5432 nster
1692 5371 1806 5440 02190·

179 5465 255 5537 (131)
266 5465 307 5523 its
321 5467 406 5525 codex
419 5468 605 5526 colbertinus:
622 5471 678 5536 elii,
693 5488 780 5542 puros
795 5474 1222 5549 martinummontem
1240 5479 1441 5548 sttperotsrofos
1456 5473 1590 5546 parietes.
