3714 5940
48 216 99 278 tot

48 361 150 402 nornen
172 345 312 417 quaeritur,
330 349 364 403 ab
388 366 420 407 eo
436 353 546 409 charitis
570 356 724 412 nominatur
739 358 765 428 (l
788 354 885 432 Cor]

48 451 101 506 ιιι,
118 439 167 500 ³¹3
180 452 247 501 xvrr,
265 439 320 508 13).

82 527 111 580 b.
136 525 202 580 llaec
224 526 291 580 mihi
319 535 374 583 tota
396 538 422 584 et
443 529 505 586 sola
528 547 611 587 causa
634 533 769 590 scribendi
784 537 847 602 fuit;

48 629 130 686 qnam
146 628 191 668 me
204 629 329 684 personae
345 628 442 672 vestrae
461 618 594 691 integram
610 638 718 677 servare
731 623 847 697 conlido,

48 717 187 773 quamquo
203 711 310 758 nostros
331 713 488 778 vestrosque
511 708 561 763 sibi
576 710 609 763 ad
625 710 739 767 invicem
753 712 850 767 melius

48 791 129 846 solito
155 799 323 858 servaturos,
344 802 432 849 vestro
455 797 572 852 maxime
596 799 696 865 studio,
724 815 779 857 non
803 802 850 857 de-

47 896 138 951 spero.
161 880 233 935 Nam
257 892 388 955 quantum
410 886 445 940 ad
469 902 529 942 eam
551 888 708 944 charitatem
733 900 846 963 spectat,

47 986 129 1041 quam
160 971 240 1028 vobis
265 973 293 1025 in
321 973 412 1030 abdito
440 977 529 1031 cordis
556 978 608 1033 mci
634 980 690 1048 iam
717 981 752 1035 ab
778 983 849 1038 anti·

47 1074 101 1130 qno
132 1075 263 1130 reserv03
295 1061 399 1117 videtur
435 1064 498 1118 mihi
527 1067 601 1136 quod
630 1083 708 1140 aquae
735 1069 847 1136 multe,

48 1156 74 1202 ut
89 1146 225 1216 scriptum
240 1155 290 1214 est,
310 1165 362 1205 non
378 1159 502 1220 paterent
521 1170 581 1208 eam
596 1156 779 1227 exstinguere,
798 1173 848 1214 nec

48 1236 160 1290 flumini
185 1238 311 1292 obruere.
335 1239 392 1294 Hoc
417 1241 443 1294 in
467 1241 629 1310 quibusdam
653 1246 761 1300 casibus
786 1245 849 1301 mihi

48 1339 122 1394 saepe
145 1333 275 1394 expertus
298 1326 403 1393 videor,
419 1329 491 1398 quod
514 1346 592 1400 aqum
609 1331 698 1387 multer
724 1347 777 1388 non
802 1349 849 1405 po-

49 1421 139 1469 terunt
155 1429 218 1469 eam
228 1418 411 1486 exstinguere,
423 1434 472 1472 nec
482 1419 592 1473 flumina
602 1421 715 1476 obruere
724 1423 847 1492 (Contio.

49 1518 105 1570 viu,
129 1503 173 1573 7).
200 1503 315 1571 Quando
334 1505 405 1559 eninr
429 1508 565 1578 exsingui
588 1509 627 1564 vel
652 1510 730 1564 obrui
753 1512 852 1579 poterit

50 1591 176 1647 sincerus
197 1606 263 1662 erga
285 1608 334 1649 vos
357 1602 384 1648 et
405 1594 507 1665 ignitus
525 1596 579 1650 rnoi
597 1598 716 1668 pectoris
734 1599 850 1656 affectus

50 1679 218 1750 quibuslibet
238 1681 339 1735 sinistri
365 1683 480 1739 rumoris
504 1685 606 1752 rivulis,
623 1701 681 1741 curn
706 1703 756 1744 nec
771 1665 887 1758 aquaefl

51 1769 138 1823 multae
165 1769 336 1824 decimarum
358 1772 491 1839 potuerint
514 1789 575 1828 eum
595 1776 775 1847 exstinguere,
800 1793 850 1834 nec

51 1858 165 1927 impetus
198 1857 413 1928 lingonensium
442 1860 581 1916 fluminum
608 1866 723 1921 obruere
754 1865 850 1937 (susti

51 1948 140 2004 Nostis
155 1949 233 2018 quod
248 1949 321 2019 dieo,
333 1965 383 2004 nec
393 1949 428 2004 ob
438 1949 513 2004 aliud
524 1951 584 2007 dico
596 1952 647 2007 nisi
663 1964 691 2010 ut
700 1955 851 2009 constantis

50 2038 74 2092 in
92 2037 200 2092 amoris
227 2040 363 2106 proposito
391 2055 455 2110 erga
478 2055 526 2096 vos
550 2041 633 2095 animi
658 2043 709 2098 mei
733 2043 851 2114 insignia

51 2128 182 2193 recolens,
208 2126 334 2182 stabilem
354 2127 388 2181 dc
408 2136 508 2184 cetero
532 2144 652 2186 maesse
677 2146 766 2201 posse,
783 2149 849 2201 prn-

51 2218 139 2271 dentia
160 2223 256 2271 vestra
275 2225 426 2287 presumat.
444 2218 582 2274 Praesumo
599 2229 626 2273 et
649 2235 700 2293 ego
715 2220 766 2275 hoc
781 2221 850 2274 idem

51 2304 80 2358 de
92 2304 185 2370 robis,
203 2319 256 2359 nec
275 2321 291 2360 a
306 2304 395 2360 cordis
410 2307 490 2361 vestri
507 2308 688 2378 penetralibus
703 2325 745 2364 me
758 2310 852 2378 cujus·

53 2393 110 2447 libet
123 2392 250 2462 impulsu
273 2408 352 2462 posse
364 2394 470 2449 excludi
492 2394 608 2450 conlido.
625 2397 678 2451 Sed
701 2414 762 2453 curn
776 2410 852 2454 uter-

53 2498 96 2551 que
110 2491 243 2536 nostrum
266 2492 358 2552 pastor
380 2483 492 2547 dicatur,
509 2499 572 2539 eum
592 2486 671 2541 ovilia
687 2498 776 2542 nostra
798 2504 852 2543 non

55 2584 130 2638 parra
146 2568 253 2623 Christi
276 2568 446 2624 multitudine
461 2569 513 2625 sint
535 2572 642 2638 referta,
659 2589 721 2629 cum
746 2574 853 2645 utrique

55 2658 238 2726 precipiatur,
254 2659 412 2729 Diligenter
426 2676 544 2731 agnosce
561 2665 672 2717 nultum
686 2664 796 2734 pecoris
811 2663 855 2718 tui

56 2748 144 2810 (Pron.
162 2761 259 2810 xxvrr,
275 2748 320 2817 23)
336 2765 342 2798 ι
360 2746 504 2802 videndum
526 2757 567 2803 est
591 2750 613 2803 si
635 2767 717 2820 pecus
732 2763 852 2808 nostrum

55 2835 128 2888 nobis
154 2842 251 2888 notum
277 2842 327 2903 est,
353 2836 375 2889 si
404 2837 485 2906 valet,
508 2838 531 2892 si
558 2838 673 2910 languet,
703 2841 726 2895 si
753 2840 853 2907 debile,

54 2921 73 2973 si
99 2923 263 2987 robustum,
284 2923 307 2977 si
330 2933 463 2979 mortuum
490 2936 561 2981 certe
589 2927 628 2983 vel
656 2928 757 2982 sivum.
784 2930 851 2984 Nam

53 3025 110 3064 curn
126 3010 246 3066 dilectus
269 3011 312 3066 ille
331 3012 488 3082 Discipulus
503 3015 582 3079 dicat,
602 3017 655 3084 Qui
676 3032 733 3072 reon
749 3017 852 3089 dilipt'f,
869 2987 891 3066 c
909 2997 978 3066 niaei

54 3105 151 3156 munet
162 3101 196 3154 ira
208 3105 299 3156 morte
310 3100 401 3169 (foere.
418 3119 459 3167 ιιι,
478 3105 532 3170 tt),
543 3104 606 3175 quid
621 3121 672 3176 ego
682 3105 716 3159 de
727 3106 855 3176 languore

55 3190 165 3258 pecudis
180 3205 250 3244 meae
265 3189 407 3257 sollicitor,
424 3208 486 3247 cum
501 3208 560 3246 eam
577 3194 633 3262 jam
649 3202 781 3249 mortuam
795 3209 856 3249 esse

54 3278 249 3350 cognoscam?
265 3277 292 3333 Si
302 3279 373 3333 enim
389 3280 416 3334 in
431 3289 518 3336 morte
527 3291 618 3337 manet
631 3282 677 3354 qui
688 3296 741 3336 non
756 3282 854 3356 diligit,

54 3366 77 3419 in
95 3382 153 3438 qna
176 3375 265 3422 morte
288 3375 376 3422 namot
402 3369 449 3440 qui
471 3369 547 3424 oditi
562 3370 584 3423 si
605 3371 631 3425 in
656 3380 742 3426 morte
765 3381 856 3425 manet

52 3444 96 3528 qui
111 3470 169 3510 non
193 3455 296 3529 diligit,
312 3457 407 3529 inqua
431 3468 517 3515 morto
535 3469 627 3515 maliet
650 3459 695 3530 qui
719 3458 856 3515 detrahit?

54 3544 93 3599 hd
109 3545 178 3616 quid
194 3546 247 3601 hoc
262 3545 342 3601 dicoi

86 3637 113 3688 ὃ.
134 3635 227 3690 Cerno
241 3634 360 3706 aliquoS,
376 3641 429 3689 tam
452 3635 485 3689 de
501 3634 601 3690 nostris
624 3635 753 3699 ovilibus,
770 3650 854 3705 quam

52 3720 84 3776 de
106 3721 219 3792 vestris,
234 3723 378 3779 adversum
403 3740 432 3779 se
456 3723 572 3780 invicem
588 3726 680 3794 jurata
704 3724 774 3779 bella
796 3739 856 3778 sns-

53 3811 162 3881 cepisse
191 3828 198 3864 :
228 3821 255 3866 et
283 3827 329 3868 eos
356 3812 403 3885 qui
431 3812 459 3867 in
490 3813 572 3866 domo
601 3811 709 3866 Domini
735 3810 855 3865 habitare

55 3899 197 3954 unanimes
217 3900 408 3966 debucmnt,a
428 3901 556 3956 charitate
583 3907 674 3954 mutua
697 3898 852 3955 descivisse.
888 3970 891 3974 Δ

54 3989 137 4046 lidan
166 4003 217 4044 cos
250 3988 284 4042 de
314 3990 435 4059 ejusdem
461 3988 561 4044 domini
592 4004 651 4056 esse
679 3986 796 4055 familia,
822 3988 855 4042 de

54 4078 176 4147 ejusdem
192 4079 267 4150 regis
282 4093 341 4134 isse
357 4079 449 4133 militia
466 4096 472 4134 :
488 4078 584 4133 codem
600 4077 709 4133 nomine
728 4076 853 4131 christin-

788 231 966 294 achantia.

1645 235 1698 296 tet

906 368 989 430 parte,
1005 375 1064 415 eam
1088 359 1221 415 firmasse.
1244 360 1314 416 Vere
1337 359 1372 414 ita
1391 360 1480 431 plane,
1496 361 1533 416 ita
1555 377 1585 417 se
1599 361 1698 418 fecisse

904 449 1045 522 gloriatur,
1057 450 1174 520 quando,
1185 449 1295 519 expulso
1306 465 1338 504 eo
1351 450 1397 520 qui
1411 449 1512 504 habitat
1526 450 1554 507 in
1567 451 1654 520 eoelis,
1671 462 1698 508 et

904 539 983 607 cujus
997 538 1073 594 locus
1096 553 1150 592 non
1172 538 1199 590 in
1218 547 1311 593 mutuo
1327 553 1450 603 rancore,
1467 539 1515 593 sed
1535 539 1563 594 in
1578 538 1698 596 fraterna

904 643 970 699 pace
996 626 1083 682 factus
1110 632 1161 693 est,
1193 625 1326 680 mentibus
1360 626 1499 680 hominum
1529 625 1697 697 professione

902 717 1063 783 coelestium,
1088 715 1220 784 exemplo,
1242 714 1449 783 splendentium,
1472 715 1533 782 jure
1557 715 1697 785 tyrannico

902 803 1079 875 principatur.
1109 802 1230 873 Cumque
1255 801 1350 857 fortem
1374 803 1458 870 illum,
1488 802 1584 856 atrium
1617 818 1696 858 suum

903 893 1029 947 diuturna
1047 906 1115 962 pace
1143 890 1347 955 custodientem,
1385 890 1480 947 fortior
1506 891 1698 960 superveniens

903 981 1009 1051 vicerit3
1032 996 1093 1036 cum
1108 979 1201 1034 mundi
1219 979 1371 1049 principem
1391 978 1460 1034 foras
1480 978 1608 1047 eiecerit;
1634 995 1697 1037 oum

904 1073 1000 1128 solium
1015 1071 1084 1141 ejus,
1105 1069 1151 1140 qui
1173 1084 1218 1124 rex
1241 1077 1282 1123 cst
1306 1066 1424 1123 filiorum
1448 1067 1593 1139 superbiae,
1617 1067 1696 1123 etiam

906 1163 933 1217 in
948 1161 1024 1218 laicis
1046 1158 1202 1216 christianis
1220 1157 1347 1214 everterit
1368 1175 1375 1211 ι
1393 1155 1491 1228 quibus
1504 1165 1583 1228 putas
1601 1156 1698 1228 plane-

905 1250 975 1305 tibus
998 1247 1049 1301 erit
1070 1244 1227 1308 dolendum,
1254 1242 1276 1296 si
1300 1257 1424 1297 eversum
1448 1240 1476 1295 in
1500 1240 1559 1296 aliis
1572 1240 1699 1313 nequitiae

904 1352 961 1392 suae
984 1339 1109 1391 thronum
1126 1334 1206 1389 Satan
1227 1331 1253 1385 in
1278 1332 1469 1387 monachorum
1486 1329 1614 1384 cordibus
1635 1345 1699 1387 ere-

905 1425 997 1481 xerit?
1020 1424 1106 1493 Absit,
1122 1421 1190 1477 absit
1209 1427 1238 1475 ut
1256 1418 1300 1475 ille
1316 1419 1362 1491 qui
1377 1419 1416 1474 sic
1430 1434 1446 1472 a
1459 1418 1600 1476 salvatore
1615 1433 1698 1476 ener-

905 1522 983 1570 vatus
1004 1513 1112 1580 dicitur,
1141 1520 1171 1565 ut
1192 1509 1277 1580 ipsius
1298 1509 1377 1564 etiam
1402 1507 1504 1563 ancillis
1532 1506 1639 1577 ligetur,
1669 1514 1701 1563 nt

904 1604 956 1674 ipsi
980 1618 996 1656 a
1022 1601 1108 1657 servis
1134 1600 1194 1668 ejus
1220 1598 1295 1652 velut
1317 1597 1360 1652 avi
1383 1597 1519 1664 illudatur,
1544 1595 1570 1651 in
1595 1603 1699 1650 tanturn

905 1695 963 1763 ipse
978 1690 1062 1744 servis
1086 1690 1147 1757 ejus
1168 1694 1194 1741 et
1208 1685 1309 1740 ancillis
1329 1682 1415 1741 915
1435 1684 1539 1757 illudat,
1556 1684 1648 1755 eisque
1669 1690 1700 1739 ut

904 1782 1003 1838 vilibus
1019 1777 1158 1848 mancipiis
1177 1774 1342 1831 dominaturi

939 1931 967 1985 l.
983 1927 1037 1983 Sed
1051 1941 1099 1982 cur
1114 1923 1166 1980 sibi
1180 1921 1383 1977 adversantur?
1398 1935 1447 1977 cnr
1463 1919 1515 1975 sibi
1535 1920 1703 1977 detrabunt?

904 2035 952 2075 our
966 2018 1000 2071 ab
1015 2015 1130 2071 invicem
1144 2011 1367 2069 consumuntur?
1387 2008 1495 2079 Veniat,
1513 2023 1591 2081 rogo,
1612 2009 1703 2064 veniat

905 2105 1028 2162 materies
1050 2102 1104 2157 litis
1124 2102 1152 2157 in
1166 2099 1284 2154 medium
1301 2116 1308 2153 ε
1326 2104 1353 2151 et
1367 2097 1390 2151 si
1404 2095 1469 2168 quid
1481 2097 1563 2167 justae
1582 2096 1702 2168 querelas

906 2196 1048 2253 adversum
1080 2207 1109 2246 sc
1142 2189 1257 2244 invicem
1294 2185 1391 2241 afferre
1428 2186 1584 2257 potuerint,
1617 2185 1704 2257 equis

907 2282 1117 2341 decernentibus
1151 2279 1259 2334 arbitris
1298 2274 1466 2331 terminetur.
1497 2273 1566 2342 Quid
1604 2274 1701 2346 exigis,

907 2390 1009 2447 quaeso,
1032 2374 1147 2427 fratera
1171 2367 1276 2422 fratre?
1300 2372 1327 2419 et
1351 2363 1420 2419 utin
1436 2362 1703 2419 duobusnominatis

907 2462 1033 2521 omnium
1072 2455 1260 2512 dissidentium
1288 2450 1404 2510 varietas
1443 2450 1701 2518 comprehendatur,

907 2551 972 2625 quid
993 2547 1088 2618 exigis,
1114 2546 1234 2614 inquam,
1258 2542 1340 2595 frater
1364 2537 1561 2606 cluniacensis,
1581 2552 1598 2591 a
1621 2535 1703 2594 fratre
1728 2541 1735 2552 ⁸

907 2636 1084 2704 Cistercieusi,
1110 2632 1152 2688 vel
1180 2630 1367 2687 econverso?
1395 2627 1424 2682 Si
1460 2626 1542 2681 urbes
1580 2634 1653 2693 sunt,
1679 2625 1701 2681 si

908 2738 1007 2792 castra,
1027 2726 1049 2780 si
1072 2723 1152 2788 vtile,
1173 2722 1195 2776 si
1211 2719 1319 2783 fundus,
1340 2716 1363 2771 si
1387 2715 1524 2788 possessio
1541 2714 1630 2786 aliqua
1646 2725 1704 2769 ter-

909 2836 971 2875 rena
994 2816 1036 2874 vel
1061 2829 1152 2887 parva,
1178 2809 1220 2864 vel
1244 2823 1358 2879 magum
1379 2806 1401 2860 si
1420 2804 1536 2875 denique
1551 2819 1657 2870 aurum,
1679 2802 1704 2858 si

909 2915 1060 2981 argentum,
1083 2902 1105 2957 si
1129 2899 1256 2973 quaelibet
1276 2897 1411 2967 quantitas
1426 2894 1467 2949 vel
1489 2893 1605 2964 qualitas
1619 2908 1704 2963 pecu·

995 2995 1038 3050 dic
1052 3008 1114 3065 age,
1129 3002 1261 3060 propone.
1283 2983 1391 3038 Adsunt
1404 2981 1518 3051 judices,
1534 2996 1590 3036 non
1605 2980 1705 3050 iniqui-

909 3086 981 3153 tatis¹
1002 3082 1047 3138 sed
1072 3076 1216 3151 aequitatis,
1240 3088 1335 3130 omnes
1355 3071 1509 3138 hujusmodi
1535 3068 1595 3124 litos
1613 3067 1704 3123 statim

909 3174 1036 3231 dirimere
1060 3165 1213 3241 praeparati.
1237 3161 1324 3218 Facile
1339 3174 1390 3232 pax
1414 3157 1616 3222 reformabitur,
1640 3156 1706 3212 laesa

909 3261 1025 3321 charitas
1047 3257 1196 3320 curabitur,
1212 3258 1354 3324 postquam
1374 3262 1422 3320 prn
1448 3245 1547 3301 talibus
1568 3245 1610 3300 vel
1626 3244 1705 3300 simi-

910 3353 979 3408 libus
1003 3357 1094 3404 ortum
1117 3344 1201 3400 fuisse
1229 3348 1329 3396 tantum
1353 3335 1476 3392 cordium
1500 3333 1644 3390 discidium
1658 3349 1708 3390 co·

909 3449 1064 3516 gnoscetur.
1087 3434 1140 3491 Sed
1159 3431 1238 3487 video
1255 3437 1397 3498 utmmquc
1410 3433 1530 3481 vestrum
1545 3423 1637 3478 omnia
1656 3422 1706 3479 ista

909 3530 1050 3600 abjecisse,
1072 3523 1138 3581 nihil
1156 3521 1234 3580 vobis
1253 3520 1281 3575 in
1301 3516 1378 3573 terris
1392 3513 1494 3571 residui
1510 3512 1626 3580 fecisse3
1642 3527 1707 3582 pau-

910 3637 1001 3692 perem
1025 3617 1162 3672 Christum
1187 3612 1264 3667 beata
1278 3612 1435 3678 paupertate
1453 3604 1553 3658 ditatos
1566 3617 1615 3657 vos
1628 3600 1705 3670 sequi

908 3707 1094 3783 proposuisse.
1131 3703 1190 3757 Non
1223 3706 1263 3753 est
1294 3711 1360 3767 crgo
1389 3695 1433 3749 hic
1469 3693 1594 3746 materies
1625 3706 1705 3761 quam

909 3796 1076 3871 mroerebam.
1098 3791 1151 3847 Sed
1170 3804 1223 3844 non
1244 3786 1385 3847 desistam,
1409 3796 1464 3835 non
1489 3779 1633 3850 fatigabor,
1651 3793 1705 3834 non

909 3887 1055 3961 quiescam,
1072 3882 1157 3937 donec
1171 3877 1204 3933 ad
1228 3874 1339 3929 fundum
1352 3868 1487 3940 inquisitae
1504 3866 1625 3922 veritatis
1640 3882 1705 3937 per-

909 3991 1027 4036 vernam.

946 4108 971 4159 8.
1002 4100 1049 4154 Est
1068 4094 1179 4150 fortasse
1206 4090 1276 4144 inter
1299 4100 1347 4139 vos
1370 4081 1423 4137 litis
1447 4080 1528 4150 hujus
1553 4090 1643 4141 causa,
1660 4075 1705 4129 di·

57 4183 111 4235 nos,
137 4167 238 4222 eodem
262 4176 289 4221 et
310 4165 459 4221 monachos
483 4167 642 4238 nuncupari.
668 4169 778 4222 intueor
800 4181 854 4221 non
909 4207 986 4248 versa
1008 4182 1186 4247 consuetudo,
1208 4175 1282 4233 varia
1309 4169 1451 4228 monastici
1483 4165 1587 4222 ordinis
1609 4165 1692 4220 obser

56 4258 140 4312 sotum
162 4253 319 4312 communis
335 4254 397 4308 fidei
412 4254 532 4319 vinculo,
548 4255 595 4310 sed
608 4255 717 4326 insuper
732 4253 853 4323 ejusdcm
911 4281 990 4335 vatio·
1006 4274 1059 4332 Sed
1081 4273 1102 4327 sq
1127 4275 1194 4336 ,Μ’
1213 4261 1371 4326 charissimi,
1386 4258 1453 4315 ranei
1467 4255 1530 4310 mali
1554 4268 1637 4309 causa
1651 4261 1703 4320 est,

57 4354 213 4402 nonastrcae
229 4342 405 4418 regulanjugo
419 4343 565 4401 submissos
580 4344 744 4400 dominicum
759 4302 893 4415 agrumu

58 4436 143 4492 multis
159 4433 210 4488 sed
225 4433 340 4488 diversis
355 4433 500 4488 sudoribus
514 4434 638 4489 excolere
655 4451 661 4487 :
679 4446 780 4489 etcum
795 4448 853 4499 eos,

60 4534 79 4577 ut
91 4524 163 4588 dtxi,
180 4522 358 4577 christianum
376 4535 472 4576 unnren
492 4521 649 4591 conjungat,
665 4536 727 4574 curn
747 4535 855 4575 monas·

10 4665 13 4673 ,
60 4614 104 4668 tica
125 4610 265 4684 professio
288 4609 373 4676 uniat,
394 4611 451 4665 sola
474 4626 520 4665 eos
542 4609 672 4664 mentium
694 4610 781 4665 nescio
796 4624 856 4679 quae

61 4703 198 4758 occultaet
213 4698 330 4754 nefanda
344 4698 458 4756 varietas
473 4707 593 4769 separat,
605 4705 632 4753 ct
647 4698 679 4752 ab
693 4696 737 4752 illa
752 4697 856 4753 sincera

10 4792 18 4859 l
61 4792 177 4848 cordium
193 4789 308 4856 unitate,
325 4787 352 4841 in
373 4803 455 4859 quam
472 4787 594 4842 videntur
617 4786 782 4858 congregati,
798 4785 855 4841 dis·

12 4864 21 4887 '
62 4891 162 4953 gregat.
186 4880 231 4942 Et,
256 4894 272 4935 o
295 4893 338 4931 res
354 4876 433 4947 plena
455 4875 587 4943 lamentis,
608 4891 658 4929 nec
684 4874 746 4928 ullis
768 4874 856 4945 lacry-

63 4986 158 5026 narnm
178 4969 303 5025 fontibus
323 4967 406 5038 digne
430 4963 565 5019 deflenda!
582 4965 727 5036 superbum
745 4964 858 5018 archan-

62 5061 144 5127 gelum
172 5059 211 5113 de
231 5057 309 5114 ecelis
334 5057 483 5127 proiectum
508 5069 612 5107 rursum
637 5052 755 5107 coelestia
776 5067 857 5107 oceu-

63 5164 144 5220 passe,
160 5157 190 5206 et
212 5149 260 5220 qui
276 5148 304 5201 in
322 5146 446 5218 aquilone
465 5144 557 5199 sedem
571 5160 646 5197 sunm
668 5141 787 5195 stabilire
803 5156 859 5196 non

10 5270 13 5275 ·
64 5240 151 5311 potnit,
166 5239 198 5295 in
222 5236 384 5305 meridiana,
408 5235 459 5291 hoc
481 5243 523 5290 est
542 5233 568 5287 iu
591 5230 773 5304 splendidiore
797 5230 859 5284 culi

10 5430 20 5459 ²
92 5440 167 5512 (608)
187 5441 253 5497 llaec
267 5436 313 5493 illa
327 5435 489 5504 injuriarum
506 5431 604 5501 capita,
625 5428 766 5500 dequibus
792 5427 858 5482 Ber-

10 5515 37 5597 ὓ,
67 5532 157 5589 tardus
176 5532 207 5587 in
221 5528 341 5601 epistola
354 5526 496 5599 superiori.

909 4368 987 4426 valde
1012 4358 1212 4421 irrationabilis,
1236 4364 1273 4417 et,
1299 4350 1370 4423 quod
1396 4349 1470 4402 salva
1494 4343 1637 4414 utriusque
1653 4358 1705 4396 va·

910 4468 995 4514 strum
1010 4451 1095 4525 gratia
1110 4449 1215 4518 loquor,
1232 4442 1309 4498 valde
1326 4436 1436 4511 puerilis
1450 4445 1476 4489 et
1500 4433 1582 4488 stulta
1596 4441 1645 4486 est.
1664 4432 1706 4485 nn

911 4562 964 4600 non
986 4542 1091 4600 videtur
1105 4535 1185 4593 vobis
1208 4526 1410 4591 irrationabilis,
1437 4522 1550 4594 puerilis
1565 4529 1592 4576 et
1610 4520 1704 4582 stulta,

910 4650 990 4705 quam
1018 4629 1106 4686 omnis
1135 4624 1201 4681 ratio
1230 4618 1358 4684 destituit,
1387 4624 1414 4670 et
1437 4613 1479 4668 cui
1496 4609 1585 4666 omnis
1609 4621 1704 4706 sanum

911 4723 1021 4792 sapiens
1045 4712 1221 4773 contradicit?
1248 4711 1315 4764 Nam
1343 4707 1365 4760 si
1388 4702 1464 4759 varia
1488 4696 1667 4764 cousuetudo,
1683 4710 1706 4748 er

912 4809 1051 4882 multiplex
1066 4820 1157 4861 rerum
1173 4799 1336 4856 infinitarum
1352 4791 1480 4860 varietas,
1495 4786 1594 4842 Christi
1610 4795 1705 4880 servos

912 4907 1033 4955 amutua
1046 4894 1175 4953 charitate
1190 4889 1319 4945 divellere
1338 4885 1437 4944 debet;
1458 4876 1520 4948 quid
1541 4875 1599 4943 iam
1621 4886 1705 4939 pacis,

911 4989 975 5062 quid
996 4983 1158 5045 concordiae,
1181 4979 1244 5048 quid
1260 4973 1380 5035 unitatis,
1395 4967 1460 5039 quid
1475 4962 1582 5019 tandem
1595 4960 1630 5014 de
1645 4959 1690 5032 leg

912 5075 1011 5136 Christi
1026 5091 1078 5129 non
1102 5070 1187 5125 solum
1204 5061 1355 5122 monachis,
1381 5057 1428 5112 sed
1443 5062 1470 5111 et
1483 5050 1608 5108 omnibus
1626 5047 1707 5103 Chri-

912 5165 1008 5223 stianis
1031 5161 1169 5218 residuum
1194 5156 1253 5221 erit,
1275 5153 1379 5217 deque
1402 5159 1417 5198 a
1441 5155 1540 5213 magno
1563 5137 1707 5231 Apostolo,

912 5256 1069 5312 dictumest
1094 5265 1100 5304 :
1118 5247 1196 5302 Alter
1222 5239 1345 5298 alterius
1367 5248 1454 5290 onero
1476 5231 1602 5304 portate,
1624 5228 1653 5283 ef
1667 5239 1709 5280 etc

913 5341 1102 5416 adimplebitis
1112 5340 1197 5409 legem
1207 5318 1708 5415 Christiffflalet.vv,2.iSi,inqnam,

913 5435 956 5489 lex
984 5429 1090 5491 Christi,
1119 5425 1146 5479 id
1180 5432 1220 5476 est
1244 5417 1370 5481 charitas,
1399 5414 1432 5467 ab
1455 5409 1583 5478 omnibus
1618 5403 1709 5461 diver·

915 5538 961 5580 sos
988 5534 1053 5577 usus
1080 5510 1253 5588 sequentibus
1274 5502 1454 5579 relinquenda
1482 5505 1544 5571 oat3
1570 5506 1704 5568 nunqnam
