3728 5940
162 156 224 250 aas
372 206 375 210 ·
637 183 665 242 s.
685 180 849 242 satutant
869 181 1007 244 lustaus
1023 183 1335 249 cutuautuuuusts
1758 194 1824 256 tm·

162 315 300 390 triumpho
326 313 502 376 exstulerunt,
531 324 580 366 suo
607 306 738 378 sanguine
770 311 957 366 ornaverunt?
1011 326 1085 369 nuuc
1100 312 1159 382 tibi,
1183 314 1285 384 populo
1313 313 1466 372 miserande
1488 325 1515 372 et
1545 331 1585 375 uae
1613 317 1700 392 duplo
1727 336 1812 394 quatu

166 403 210 462 Ad
220 420 328 462 omnem
342 403 430 474 itaqua
444 398 524 455 Ml
545 405 647 469 spectat
661 395 840 452 Christianum
854 396 954 466 injuria
1008 407 1082 466 ante,
1097 416 1151 457 nou
1174 403 1208 457 ab
1227 403 1325 459 exteris
1340 403 1501 470 unionibus,
1517 420 1571 462 uon
1586 421 1603 462 a
1617 406 1725 465 lenate
1744 410 1813 467 bar·

164 495 368 567 Apostolorum,
383 498 410 546 et
424 490 494 545 sicul
508 490 534 543 in
549 502 655 543 omnem
667 493 767 543 terram
781 484 864 542 exivit
877 501 961 543 sonus
1014 492 1150 561 banorum,
1174 506 1228 547 non
1248 507 1263 546 a
1289 492 1407 549 millibus
1429 501 1604 550 armatorum.
1628 496 1676 553 te
1704 503 1810 555 tantum

164 597 258 639 eorum
274 579 360 650 (Pscl.
375 592 458 642 xurtt,
469 577 507 648 5),
523 576 562 633 sic
573 575 648 631 lasin
663 574 861 631 eorumdemab
872 576 961 631 omni·
1013 593 1029 633 a
1060 577 1127 634 lacis
1152 589 1256 635 tuorum
1274 579 1320 636 tibi
1340 599 1348 649 ς
1373 596 1415 640 ra
1429 581 1608 641 adomesticis
1622 591 1651 641 et
1663 585 1772 655 amicis,
1795 602 1813 643 a

162 674 215 728 bus
229 683 421 741 usquequaque
436 665 558 733 sentitur,
572 679 768 736 usquequaque
784 664 918 737 plangitur
932 672 961 721 et
1013 665 1091 722 clade
1110 668 1244 736 intestina,
1259 684 1275 723 a
1289 669 1408 728 cruciatu
1435 671 1656 743 praecordiorum,
1672 691 1688 730 s
1710 676 1813 735 tortio-

162 759 276 815 doletur.
1012 755 1235 813 nibusviscerum

199 851 225 902 3.
245 845 315 913 Quid
342 843 533 901 sobieslaum
561 851 612 910 est,
637 857 654 898 o
678 842 800 914 Romani,
822 841 958 899 olieudere
1047 847 1074 899 5.
1091 843 1259 917 Agnoscisne
1280 846 1336 917 jam
1354 846 1418 919 quia
1445 863 1499 904 nou
1522 849 1739 922 omnespaciilci
1764 855 1810 926 qui

163 935 297 1008 principes
311 934 416 998 muudi,
436 941 542 989 uestros
554 939 644 987 autent
663 931 792 1003 speciales
808 930 957 1003 patronos?
1010 933 1160 1002 domestici,
1190 950 1239 992 nec
1265 949 1360 992 omues
1385 935 1466 993 amici
1494 937 1541 1010 qui
1569 937 1724 995 videntur?
1738 941 1808 1000 Etsi

164 1025 218 1100 Cur
230 1025 334 1094 Regem
359 1031 448 1092 terra,
468 1037 517 1078 cur
539 1020 684 1078 Dominum
705 1020 777 1086 coeli,
794 1020 885 1076 lurore
903 1027 956 1075 tam
1010 1020 1078 1078 alias
1101 1024 1323 1089 noremmnssed
1339 1038 1413 1082 nnnc
1433 1041 1481 1094 per
1509 1035 1534 1080 te
1560 1026 1731 1086 manilestius
1743 1033 1812 1089 edo:

164 1111 334 1181 intolerabili,
349 1127 429 1184 quam
453 1109 629 1166 irrationabili
652 1108 679 1163 in
698 1122 748 1164 vos
772 1107 871 1179 pariter
887 1123 955 1178 pro·
1010 1125 1103 1166 cemus
1125 1125 1231 1167 omnem
1263 1113 1403 1169 veritatem
1433 1111 1507 1168 illius
1535 1114 1671 1172 sermonis
1686 1116 1808 1191 Domini,

162 1201 273 1267 sumtis,
289 1201 352 1256 dum
367 1214 471 1256 sacram
493 1206 521 1254 el
542 1197 715 1269 apostolicam
736 1196 838 1261 sedem,
858 1194 956 1252 divinis
1010 1214 1091 1270 quem
1115 1198 1181 1255 dixit
1196 1218 1203 1254 ε
1221 1198 1359 1267 Quoniam
1373 1200 1488 1258 inimici
1512 1199 1635 1261 bominis
1660 1205 1811 1264 anaim

162 1290 350 1362 regalibusque
377 1288 527 1359 privilegiis
564 1285 737 1358 singulariter
772 1284 953 1349 sublimatam,
1009 1290 1071 1360 ejas
1083 1287 1172 1358 (llicit.
1189 1303 1239 1354 stt,
1257 1291 1284 1357 6,
1299 1296 1326 1344 et
1336 1289 1436 1345 natta.
1447 1306 1475 1361 x,
1487 1292 1544 1362 36).
1554 1291 1811 1353 Vaelratrialratre

160 1396 228 1436 ausu
255 1379 387 1452 sacrilego
416 1378 558 1442 incessere,
583 1391 685 1446 suoque
708 1373 827 1430 minuere
852 1373 955 1430 bonore
1007 1375 1035 1430 in
1052 1377 1141 1433 medio
1155 1377 1203 1441 tui,
1220 1384 1246 1434 el
1259 1376 1355 1433 liliisa
1379 1378 1556 1447 parentibus!
1584 1395 1625 1439 sas
1647 1385 1809 1457 unnagla-

160 1468 333 1538 ocntenditis,
359 1482 440 1540 quam
468 1466 510 1522 vel
535 1465 584 1521 soli
607 1470 699 1521 contra
712 1478 816 1530 omnes,
832 1461 855 1518 si
868 1476 953 1533 opor·
1008 1464 1070 1534 diis,
1086 1466 1163 1521 seda
1182 1465 1265 1523 labiis
1283 1466 1384 1538 iniquis
1398 1475 1425 1524 et
1444 1467 1537 1543 liugua
1550 1468 1647 1526 dolosa
1664 1471 1671 1524 l
1696 1473 1809 1546 Usque-

160 1558 264 1627 tuisset,
293 1555 438 1612 detondere
472 1552 621 1608 debuistis?
649 1552 695 1607 Sic
725 1551 793 1606 latui
820 1549 953 1620 Romani;
1009 1567 1063 1624 quo
1090 1552 1161 1609 male
1189 1553 1215 1607 in
1238 1554 1309 1610 malo
1329 1569 1378 1610 vos
1401 1555 1560 1613 alterutrum
1582 1556 1752 1633 confortatis,
1780 1572 1808 1620 et

160 1660 214 1703 non
236 1644 398 1714 Judlcantes
425 1657 512 1712 neque
534 1640 606 1712 quod
630 1640 772 1695 honestum
787 1647 828 1695 est
848 1639 954 1695 discer—
972 1651 994 1728 fl
1010 1639 1107 1711 gladiis
1135 1639 1264 1695 labiorum
1295 1639 1410 1697 invicem
1439 1643 1575 1713 sternitis,
1600 1645 1716 1704 inuicem
1743 1665 1808 1721 per·

159 1742 263 1800 nentes,
296 1739 377 1804 caput
398 1741 520 1787 uestrum
551 1737 632 1801 atque
658 1728 791 1799 omnium,
815 1728 887 1799 quod
924 1727 953 1784 in
1009 1727 1082 1793 ditis,
1099 1735 1128 1783 ut
1143 1728 1177 1782 ab
1207 1727 1320 1784 inuicem
1346 1729 1562 1786 consumamini?
1584 1732 1807 1808 congregamini,

159 1823 236 1880 robis
249 1830 289 1878 est
299 1821 456 1893 deturpatis,
474 1835 522 1892 pro
536 1836 591 1894 quo
610 1819 697 1891 magis
710 1834 762 1874 nec
775 1818 874 1874 vestris
889 1819 954 1890 ipsis
1007 1830 1073 1871 oves
1087 1816 1225 1884 dispersae,
1250 1817 1337 1874 redite
1356 1819 1389 1873 ad
1414 1835 1521 1889 pasena,
1546 1821 1650 1878 reddite
1664 1824 1698 1879 ad
1713 1826 1808 1884 Pasto-

159 1910 307 1970 cersicibus
333 1909 500 1982 parcendum
528 1927 544 1965 a
567 1907 644 1964 robis
663 1907 741 1975 loret,
763 1907 786 1961 si
807 1907 954 1964 necessitas
1008 1919 1066 1957 rem
1093 1915 1119 1960 et
1142 1905 1309 1978 Episcopum
1331 1906 1479 1965 animarum
1501 1917 1668 1967 vestrarum.
1699 1912 1806 1986 Redite,

157 2000 313 2073 exegisset?
328 2001 419 2055 Patres
432 1997 513 2054 uestri
529 1997 595 2053 Urbi
612 1997 705 2051 orbem
720 1996 952 2071 subjugaverunt:
1008 1994 1240 2063 prevaricatores,
1273 1994 1307 2049 ad
1328 2009 1385 2052 cor.
1414 1994 1493 2066 Quod
1515 1997 1622 2070 loquor,
1646 2015 1700 2056 non
1726 2003 1807 2076 quasi

157 2105 207 2146 sos
226 2089 324 2144 Urbem
339 2086 490 2159 properatis
504 2085 564 2143 orbi
578 2085 664 2141 lacere
679 2084 808 2140 fabulam.
824 2085 866 2140 Eu
882 2084 953 2140 Petri
1008 2079 1095 2136 bostis
1121 2081 1292 2149 convicians,
1322 2084 1370 2139 sed
1398 2083 1473 2157 quasi
1511 2085 1615 2142 amicus
1641 2087 1804 2162 objurgans.

157 2179 244 2234 hares
258 2177 329 2232 Petri
353 2176 418 2231 sede
439 2182 466 2231 et
481 2176 548 2230 urbe
569 2188 584 2226 a
599 2173 676 2228 uobis
694 2173 824 2245 expulsus
839 2180 882 2228 est
898 2191 905 2228 :
920 2189 954 2229 eu
1008 2167 1094 2224 Habet
1107 2184 1172 2224 vera
1194 2169 1310 2227 amicitia
1325 2185 1518 2242 nonuunquam
1533 2171 1619 2230 ΜΩ
1633 2175 1806 2251 objurgatio·

157 2267 240 2322 rebus
268 2271 295 2320 et
323 2262 448 2320 domibus
475 2263 541 2330 suis,
568 2262 666 2318 vestris
693 2261 819 2317 manibus
846 2261 953 2330 spoliati
1010 2271 1083 2326 nam,
1099 2259 1280 2315 adulationem
1301 2276 1450 2333 nunquam.

158 2362 221 2412 suut
246 2352 397 2411 cardinales
424 2358 504 2424 atquae
532 2350 652 2423 episcopi
690 2349 803 2405 ministri
832 2349 952 2408 Domini.
1044 2349 1071 2401 a.
1093 2345 1145 2402 Sed
1159 2347 1339 2421 J'uugimuset
1369 2349 1594 2407 obsecrationem.
1623 2352 1808 2412 obsecramus

158 2441 307 2515 Opopule
334 2439 418 2496 stulte
445 2448 472 2496 et
500 2438 642 2511 insipiens,
662 2452 678 2492 o
701 2437 825 2494 columba
843 2439 954 2495 seducta
1008 2451 1059 2508 pro
1088 2434 1212 2502 Christo,
1241 2436 1450 2494 reconciliamini
1488 2440 1561 2507 Dec,
1596 2442 1806 2499 reconciliamini

157 2547 213 2588 nou
227 2531 327 2586 babens
348 2530 412 2585 cor!
428 2527 524 2584 Nonne
544 2527 590 2582 ille
605 2535 696 2598 caput,
713 2535 741 2582 et
767 2524 805 2580 illi
828 2526 899 2582 oculi
914 2525 954 2582 tui
1009 2521 1176 2597 principibus
1189 2523 1293 2591 vestris,
1314 2524 1418 2580 Petrum
1443 2525 1540 2598 loquor
1557 2535 1585 2584 et
1599 2529 1722 2601 Paulum,
1735 2546 1806 2604 quos

155 2618 250 2675 erant?
279 2617 349 2687 Quid
379 2631 444 2688 ergo
473 2630 547 2671 nunc
582 2614 680 2680 Roma,
708 2613 759 2669 nisi
788 2613 847 2670 siue
867 2616 955 2687 capite
1009 2612 1105 2684 utique
1132 2611 1159 2667 iu
1174 2612 1275 2669 vicario
1299 2621 1328 2670 ct
1350 2630 1506 2673 successore
1525 2635 1574 2676 suc
1601 2619 1723 2695 Eugenio
1745 2622 1806 2680 suis

159 2717 280 2763 truncum
304 2720 415 2775 corpus,
443 2703 501 2758 siue
528 2703 614 2759 oculis
642 2702 717 2758 lrona
735 2701 846 2770 effossa,
874 2701 957 2759 facies
1009 2701 1123 2757 sedibus
1142 2708 1169 2757 et
1196 2700 1300 2758 adibus
1322 2701 1473 2776 ellugastis.
1490 2706 1722 2777 Reconciliamiui,
1757 2712 1803 2766 in·

159 2793 326 2850 tenebrosa?
352 2791 441 2862 apert,
458 2807 526 2861 gens
548 2791 653 2853 misera,
677 2789 750 2860 aperi
772 2791 953 2862 oculostuos‚
1009 2802 1100 2862 quam,
1130 2788 1204 2845 orbis
1232 2789 1409 2861 principibus,
1438 2811 1472 2850 ue
1487 2792 1555 2851 lorte
1580 2796 1748 2870 iucipistpro
1762 2800 1805 2856 eis

160 2889 187 2938 et
200 2879 262 2935 uide
280 2877 473 2935 desolationem
495 2885 566 2932 tuam
580 2878 744 2948 jamjamque
758 2877 952 2934 imminentem.
1009 2891 1131 2949 pugnare
1152 2876 1227 2933 orbis
1254 2887 1333 2934 terra
1347 2887 1440 2936 contra
1457 2881 1621 2942 insensatos.
1636 2886 1678 2942 Au
1694 2884 1806 2943 nescitis

160 2966 303 3039 Quomodo
316 2967 344 3021 in
358 2967 432 3023 brevi
441 2972 561 3022 mutatus
574 2975 615 3022 est
627 2967 703 3023 color
716 2967 955 3039 optimus(Tlrrcn.
971 2926 993 3006 c
1009 2966 1073 3037 quia
1100 2965 1143 3022 his
1165 2967 1276 3023 ollensis
1290 2967 1356 3024 nibil
1379 2970 1491 3029 omnino
1507 2971 1610 3045 saletis,
1626 2976 1668 3031 bis
1681 2976 1808 3049 propitiis

159 3057 233 3127 tu),
258 3056 325 3112 lacta
340 3062 381 3113 eat
403 3055 478 3126 quasi
501 3056 581 3111 sidua
604 3055 714 3111 domina
729 3054 861 3129 gentium,
877 3056 955 3126 priu-
1010 3053 1204 3111 nihilomnino
1230 3054 1351 3111 timetis?
1374 3056 1444 3125 Non,
1478 3057 1599 3130 inquam,
1628 3078 1682 3119 non
1698 3062 1807 3119 timebis

160 3161 226 3219 ceps
239 3144 439 3217 provinciarum
454 3145 570 3217 (Tbren.
587 3161 608 3201 r.
624 3145 676 3215 lli
1010 3142 1061 3197 sub
1079 3143 1176 3199 horum
1192 3143 1274 3199 tutela
1287 3142 1678 3214 milliapopulicireumdantis
1688 3158 1726 3217 te,
1741 3151 1808 3207 urbs

197 3238 223 3292 l.
252 3235 354 3291 Verum
376 3234 453 3290 initia
476 3236 609 3291 malorum
635 3241 699 3290 sunt
717 3233 775 3289 haec
799 3251 807 3289 2
832 3233 957 3307 grauiora
1010 3230 1120 3303 inclyta,
1139 3231 1234 3286 civitas
1259 3229 1379 3287 fortium.
1404 3231 1586 3289 Reconciliare
1605 3237 1721 3305 proinde
1739 3239 1808 3308 illis,

161 3325 295 3382 timemus.
310 3324 447 3398 Numquid
463 3339 518 3379 non
534 3338 618 3396 prope
631 3321 768 3379 interitum
782 3336 823 3389 es,
852 3323 875 3378 si
892 3337 957 3394 par·
1009 3319 1089 3375 simul
1104 3326 1132 3375 et
1144 3318 1264 3374 millibus
1277 3320 1488 3392 martyrum‚qui
1502 3321 1609 3394 quidem
1623 3324 1696 3394 apud
1712 3327 1809 3391 te,sed

160 3413 253 3471 sistis?
279 3413 432 3480 devertere,
463 3421 609 3483 revenere,
637 3411 793 3480 Sunamitis,
823 3416 957 3468 revertere
1009 3413 1102 3466 contra
1116 3416 1142 3463 te
1155 3416 1217 3462 suut
1230 3414 1343 3478 propter
1356 3408 1460 3480 grande
1475 3415 1614 3480 peccatum
1637 3413 1709 3482 quod
1738 3429 1810 3482 pee-

159 3499 194 3553 ad
209 3514 257 3556 eor
276 3507 350 3554 tuum
371 3519 377 3556 :
399 3516 516 3577 agnosce
537 3501 591 3569 jam
607 3499 736 3566 velsero,
756 3515 826 3573 qua,
845 3508 954 3572 quauta,
1009 3496 1086 3571 casti,
1108 3494 1136 3550 in
1164 3510 1217 3567 quo
1244 3504 1270 3551 et
1286 3495 1415 3565 persistis.
1431 3498 1613 3556 Reconciliare
1632 3498 1711 3554 etiam
1731 3502 1808 3557 omni

161 3602 177 3641 a
205 3588 303 3658 quibus
328 3589 447 3659 patiaris,
472 3589 513 3645 uel
542 3604 620 3658 passa
648 3587 696 3644 sis.
723 3588 875 3645 Recordare
902 3601 958 3659 qua
1009 3583 1139 3642 Ecclesia
1161 3592 1324 3652 sanctorum,
1349 3584 1396 3656 qui
1424 3587 1524 3657 ubique
1550 3598 1680 3644 terrarum
1712 3590 1807 3646 audito

162 3690 253 3743 causa,
281 3693 337 3747 quo
359 3675 421 3742 tine,
446 3691 495 3748 per
509 3691 587 3749 quos,
613 3684 640 3734 et
661 3677 689 3732 iu
715 3691 784 3748 quos
803 3691 878 3747 usus,
903 3690 957 3732 nou
1009 3673 1153 3730 bocuerbo
1179 3672 1353 3729 scandalizati
1374 3682 1450 3732 sunt.
1477 3675 1607 3748 Alioquin
1624 3678 1721 3749 pagina
1754 3678 1807 3736 ista

166 3767 244 3835 louge
263 3773 324 3820 ante
349 3766 399 3819 hos
423 3764 482 3821 dies
500 3774 667 3833 cunctarum,
691 3781 751 3839 quae
778 3765 806 3821 in
834 3773 860 3820 te
883 3771 956 3833 sunt,
1010 3770 1106 3819 coutm
1120 3771 1146 3817 te
1159 3762 1184 3817 iu
1200 3762 1380 3818 testimonium
1396 3763 1470 3819 erit:
1494 3764 1542 3820 sed
1559 3776 1586 3820 et
1611 3765 1663 3837 ipsi
1685 3764 1806 3837 apostoli

163 3849 335 3906 ecclesiarum
367 3853 455 3907 omnis
481 3859 591 3909 ornatus
619 3862 647 3909 et
674 3868 771 3910 causus
799 3853 957 3926 profligatus
1011 3859 1038 3907 et
1051 3858 1183 3923 manpres
1195 3851 1235 3906 tui
1255 3851 1366 3907 stabunt
1378 3849 1406 3907 in
1421 3867 1518 3925 magua
1542 3855 1692 3911 constantia
1705 3855 1808 3912 adser-

162 3947 205 3995 est
222 3939 308 4012 (65³).
339 3941 474 4015 Quidquid
502 3941 529 3998 in
556 3943 684 3998 altaribus
711 3951 738 3999 et
766 3942 795 3997 iu
830 3942 955 3999 altarium
1010 3956 1058 3996 sus
1072 3939 1178 4011 eosqui
1194 3938 1467 4010 seangustisverunl,
1489 3948 1516 3998 et
1531 3941 1805 4015 quiabstuleruntla·

162 4029 242 4096 rasis,
253 4029 381 4102 quidquid
400 4030 498 4102 inipsis
516 4030 601 4086 sacris
617 4031 778 4103 imaginibus
795 4031 852 4087 auri
868 4039 894 4086 et
910 4047 953 4086 ar·
1010 4031 1091 4086 bores
1102 4042 1205 4082 eorum.
1223 4028 1276 4083 Sed
1289 4027 1346 4097 jnm
1360 4027 1442 4084 linem
1457 4030 1585 4103 loquenda
1599 4046 1694 4087 ornnes
1708 4033 1809 4103 pariter

160 4118 233 4190 genti
253 4118 365 4190 reperiri
391 4126 453 4182 tunc
473 4117 568 4189 potuit,
598 4118 720 4174 manibus
748 4119 893 4190 impiorum
913 4118 955 4174 di·
1009 4117 1163 4171 audiamus.
1178 4115 1342 4171 Annuntiavi
1363 4116 1506 4185 iustitiam,
1531 4117 1712 4188 praenuntiavi
1734 4120 1808 4189 peri·

161 4214 267 4275 raptum
291 4214 318 4262 et
339 4213 506 4276 asportatum
523 4214 574 4262 est.
595 4206 666 4274 Quid
681 4223 713 4261 ex
729 4208 771 4263 bis
785 4208 911 4264 omnibus
927 4216 954 4262 tu
972 4202 1109 4279 naulum,
1123 4203 1263 4260 veritatem
1278 4218 1332 4260 uon
1352 4205 1433 4276 tacui,
1463 4205 1584 4262 hortatus
1605 4222 1664 4262 snm
1692 4208 1727 4263 ad
1746 4223 1807 4266 me·

160 4294 187 4348 in
202 4294 255 4348 tuis
270 4309 341 4348 nuuc
355 4294 499 4364 marsupiis
513 4295 637 4353 iuuenis?
652 4296 736 4351 Porro
757 4294 839 4351 decor
858 4297 955 4352 domus
1010 4293 1076 4350 liora
1100 4311 1107 4348 :
1131 4299 1256 4364 superest
1283 4300 1313 4349 ut
1331 4301 1377 4349 aut
1390 4294 1425 4351 de
1442 4300 1533 4351 uestra
1545 4294 1623 4351 citius
1636 4295 1808 4354 correctione

161 4381 267 4436 Domini
290 4381 532 4454 irrecuperabiliter
559 4384 648 4456 periit.
675 4386 709 4440 Et
728 4399 798 4440 nunc
820 4383 885 4457 quid
906 4381 955 4440 tibi
1010 4382 1147 4452 latemur3
1181 4381 1275 4438 autde
1295 4383 1367 4452 justa
1381 4381 1531 4438 imminenti
1546 4382 1716 4441 damnatione
1726 4384 1807 4451 certi,

159 4470 245 4527 visum
269 4480 310 4527 est
332 4472 430 4527 iterare
453 4472 594 4541 malitiam,
614 4472 744 4529 innovare
760 4474 848 4529 denuo
872 4489 955 4545 super
1009 4468 1240 4526 inconsolabiliter
1257 4471 1410 4544 lugeamus,
1427 4481 1581 4529 arescentes
1594 4481 1621 4530 et
1636 4472 1809 4528 abesseutns

159 4566 185 4615 te
203 4559 260 4616 dies
282 4560 387 4615 malost
410 4559 481 4630 Quid
496 4560 578 4617 modo
599 4561 639 4617 uel
655 4560 723 4617 lucri
740 4560 889 4632 amplioris,
914 4559 956 4617 uel
1010 4574 1066 4629 pras
1081 4557 1177 4613 timore
1194 4567 1221 4616 al
1235 4561 1443 4630 exspectatione,
1460 4575 1520 4632 quae
1534 4557 1725 4632 supervenient
1741 4561 1808 4614 uni-

158 4648 280 4706 certioris
307 4649 365 4720 spei
385 4648 486 4706 arridet
514 4648 582 4704 tibil
597 4650 649 4704 nisi
671 4650 744 4721 quod
768 4648 797 4704 in
810 4664 844 4705 eo
860 4648 955 4706 nouis·
1008 4662 1094 4704 versae
1108 4644 1181 4702 urbi.

157 4738 225 4794 sima
248 4746 295 4794 tua
310 4746 457 4795 cernuntur
472 4739 619 4795 incautiora
634 4737 778 4810 prioribus,
797 4738 869 4810 quod
892 4745 956 4793 tunc

155 4827 267 4900 quidem
289 4842 343 4884 non
366 4827 453 4884 solum
477 4827 553 4882 multi
576 4828 610 4882 de
633 4826 723 4899 plebe,
743 4827 793 4882 sed
816 4825 896 4881 etiam
920 4826 955 4882 de

157 4916 242 4986 clero,
274 4925 302 4972 et
323 4917 356 4971 de
382 4915 551 4988 principibus
579 4914 702 4971 nonnulli
731 4930 778 4985 per
804 4912 898 4970 orbem
926 4915 954 4971 iu

153 5003 296 5059 schismate
311 5005 357 5061 illo
371 5002 494 5061 laverunt
510 5004 559 5060 ubi
575 5021 582 5062 :
600 5019 673 5060 nuuc
696 5017 759 5060 sero
774 5002 844 5058 sicut
857 5018 955 5060 manus
1009 5005 1145 5061 Hortatur
1157 5005 1258 5076 Regem
1272 5001 1509 5073 addescnsionetn
1527 5002 1712 5061 amentatis
1733 5018 1809 5074 pon·

151 5107 206 5167 guas
232 5102 326 5149 contra
345 5109 451 5160 omines,
473 5093 513 5149 sic
528 5109 631 5149 manus
655 5093 778 5149 omnium
799 5101 895 5148 contra
917 5101 954 5148 te.
1134 5093 1233 5161 lificioe
1253 5090 1386 5148 adversas
1400 5091 1514 5149 rebelles
1530 5093 1679 5151 Romanos.

153 5179 271 5237 llundus
285 5189 356 5236 esta
379 5182 511 5255 sauguine
535 5190 582 5240 tuo
604 5181 720 5237 muudus
741 5180 839 5247 omnis,
855 5191 955 5252 prater
1045 5193 1070 5245 t,
1089 5190 1147 5247 Nee
1170 5187 1284 5257 duldus,
1307 5202 1355 5244 nec
1369 5187 1547 5256 amicabilius,
1571 5189 1620 5244 sed
1636 5203 1686 5245 nec
1700 5185 1805 5243 arctius

151 5277 179 5327 te
201 5269 300 5341 solam,
325 5279 352 5326 et
375 5270 446 5326 lilios
469 5280 530 5327 tuos
547 5273 595 5345 qui
620 5271 648 5326 iu
672 5279 698 5326 te
721 5276 794 5325 sunt.
820 5270 865 5325 Vas
888 5285 954 5343 ergo
1007 5277 1117 5336 omnino
1133 5293 1247 5352 regnum
1261 5276 1492 5350 sacerdotiumque
1514 5277 1643 5351 coniungi
1656 5292 1706 5336 seu
1725 5290 1809 5333 corn·

1194 4787 1361 4844 srrsrota
1380 4786 1509 4845 cextra
1527 4789 1629 4861 (aas),

1149 4900 1186 4943 ab
1199 4902 1351 4944 (lONlA-Illi!
1364 4901 1461 4943 REGE!
1470 4900 1656 4945 conanum.

166 5409 260 5491 Ι(653)
283 5410 333 5466 Per
346 5410 502 5469 duacletum
523 5415 688 5494 antipapam,
705 5427 767 5484 qua
782 5428 824 5468 res
844 5412 949 5470 descri-
1006 5419 1143 5483 menardi,
1159 5435 1186 5473 n.
1204 5422 1229 5485 t,
1248 5427 1276 5474 et
1288 5417 1361 5486 apud
1375 5417 1518 5473 Bsrcnium
1533 5431 1604 5474 anun
1614 5417 1696 5472 itali.

144 5482 217 5538 bitur
240 5481 275 5536 ab
301 5481 417 5543 Erualdc
439 5483 536 5545 abbata
559 5484 587 5542 in
601 5485 670 5542 labro
690 5484 866 5544 secundella
884 5484 947 5543 Vita
1014 5524 1016 5529 -
1040 5490 1116 5562 (etl)
1130 5489 1238 5561 Scripta
1250 5503 1341 5546 annno
1355 5488 1456 5548 Christi
1472 5491 1553 5546 ttta.
