3728 5940
110 245 164 308 7³3
525 244 568 305 Dli
586 239 869 305 coustumtttotttt
888 237 979 304 LIBRI
997 240 1151 314 bumont.
1172 272 1208 289 -
1225 242 1290 304 tta.
1310 240 1332 304 l.
1703 244 1758 307 tte

109 371 220 430 lusteue
251 370 331 427 etiam
355 368 454 428 istudi
475 368 516 427 'l'u
538 369 648 429 rideris.
675 369 744 427 Nam
767 376 841 427 certe
861 368 907 430 lex
922 370 964 461 u.
1223 368 1299 427 ffl
1323 368 1437 429 CAPUT
1455 366 1489 428 V.

110 459 218 518 Domini
231 458 415 529 immaculata,
426 457 589 519 conuertens
601 461 707 518 animas
722 462 809 531 (Psoi.
824 476 906 527 xrm,
961 457 1022 516 Non
1035 457 1188 531 gmmdum
1200 458 1325 518 ultorum
1338 475 1439 519 euram
1457 476 1522 519 cum
1540 459 1586 517 tui
1600 459 1692 536 ipsius
1706 462 1756 523 ist·

111 550 150 622 8).
164 550 211 605 llae
225 559 316 606 autem
340 568 395 608 neu
414 560 468 607 tam
490 550 576 624 leges,
606 569 687 625 quam
712 552 774 608 lites
792 560 856 609 sunt
880 559 907 608 et
1220 549 1494 624 corescumbam.

108 639 303 711 carillationea,
319 640 508 697 subvertentes
517 641 663 712 iudicium.
677 643 719 699 ’l'u
733 658 800 717 crgo
815 644 907 715 paalor
997 636 1023 691 6.
1043 635 1116 693 Audi
1130 651 1196 710 ergo
1210 638 1275 710 quid
1299 638 1469 711 redarguam,
1485 638 1551 712 qnid
1571 636 1712 696 suadeam.
1727 638 1757 697 Si

110 738 139 784 et
156 730 301 801 episeopus
315 731 480 798 animarum,
495 747 550 803 qua
564 738 665 803 mente,
680 732 806 801 obsecro,
821 731 906 789 susti·
960 725 1033 799 quod
1056 727 1124 786 viris
1139 734 1166 782 et
1189 728 1275 800 sapis,
1290 734 1377 786 totum
1399 729 1448 784 das
1471 729 1581 796 actioni,
1598 728 1757 788 considers·

110 833 158 872 ues
179 834 271 875 curam
294 825 321 875 te
345 834 455 891 semper
481 819 561 876 silere
585 818 666 888 illam,
691 823 793 895 garrire
815 820 905 878 istas?
959 815 1024 872 tioni
1039 815 1125 885 nibil;
1144 815 1226 874 laudo
1240 818 1291 874 tei
1305 818 1335 873 ln
1348 819 1401 874 boe
1417 832 1472 875 non
1494 816 1584 875 laudo.
1600 818 1669 875 Puto
1684 819 1757 890 quod

110 905 210 978 Fallor,
224 907 248 963 si
262 923 317 963 uon
331 915 420 964 mouet
434 908 482 964 tibi
496 908 649 980 scrupulum
664 910 828 980 perversius
836 911 905 967 baec.
959 912 986 962 et
999 921 1092 975 nemo,
1110 908 1158 977 qui
1177 922 1194 962 a
1208 906 1356 964 Salomone
1370 906 1485 964 audierit
1500 928 1507 963 ι
1527 909 1582 978 Qui
1596 908 1759 975 minoratur

109 995 177 1052 Puto
191 996 264 1070 quod
277 1004 305 1053 et
318 997 452 1055 interdum
466 997 609 1070 compellat
622 999 740 1056 clamare
754 1000 789 1056 ad
810 998 907 1057 Domi·
958 998 1178 1071 acceperamus
1187 997 1359 1070 cupientium
1369 996 1465 1069 (liceli.
1476 1012 1596 1064 xxxvtrt,
1609 996 1665 1069 ab).
1677 997 1758 1053 Certa

110 1100 175 1142 num
190 1102 251 1142 cum
261 1085 393 1158 propbeta
405 1105 412 1143 :
424 1088 621 1146 domaverunt
636 1089 708 1146 mibi
716 1088 813 1162 iniqui
821 1088 907 1161 subu·
959 1100 1010 1141 nec
1023 1084 1075 1154 ipsi
1089 1086 1190 1143 nedoni
1205 1086 1313 1157 expedit
1337 1086 1555 1144 consideratione
1577 1102 1633 1143 non
1649 1100 1757 1157 prare-

112 1175 242 1240 lnit‘maea,
267 1173 314 1233 sed
328 1191 386 1232 non
399 1180 434 1233 ut
450 1175 498 1234 lec
521 1178 574 1234 lua
591 1179 678 1245 (Paul.
703 1193 802 1249 cxvttr,
818 1178 872 1251 ab).
892 1182 904 1235 l
960 1173 1063 1232 cirisi
1078 1175 1143 1234 item
1159 1185 1230 1233 totus
1244 1176 1286 1234 uis
1300 1192 1361 1233 esse
1375 1177 1506 1247 omnium,
1522 1176 1608 1232 instar
1621 1174 1693 1232 illius
1709 1175 1757 1247 qui

110 1278 188 1335 ergo,
204 1271 231 1320 et
246 1262 317 1320 aude
330 1262 445 1321 liberum
468 1263 590 1338 profiteri
605 1265 656 1322 sub
671 1272 723 1322 tam
745 1265 820 1339 graui
837 1269 907 1325 mole
958 1265 1087 1322 omnibus
1109 1264 1201 1321 omuia
1224 1265 1311 1323 lactus
1338 1274 1381 1323 est
1401 1266 1429 1339 (l
1447 1268 1508 1326 dor,
1534 1280 1573 1334 rr,
1590 1267 1651 1338 it);
1673 1262 1758 1322 laudo

110 1349 330 1409 inconvenientiae
351 1354 442 1423 hujus.
464 1360 492 1410 et
511 1354 554 1412 cui
577 1353 618 1411 ias
638 1370 692 1412 uun
714 1353 750 1413 sit
772 1354 905 1415 ceruicem
958 1353 1145 1425 humilitatem,
1161 1354 1242 1412 sedsi
1258 1356 1337 1427 plena
1347 1355 1393 1412 sit.
1408 1356 1551 1427 Quomodo
1561 1364 1650 1414 autem
1665 1355 1756 1429 plena,

109 1440 272 1497 subducere.
292 1440 362 1497 Nam
375 1442 397 1498 si
420 1449 498 1515 potes
519 1451 546 1500 et
567 1457 622 1500 nou
644 1443 697 1513 uis,
717 1444 803 1504 multe
819 1445 906 1517 magis
959 1454 985 1500 te
997 1444 1128 1502 exclusoi
1150 1445 1184 1502 Et
1207 1452 1236 1501 tu
1259 1445 1342 1503 home
1355 1460 1396 1501 es.
1410 1444 1483 1519 Ergo
1497 1454 1528 1503 ut
1549 1445 1658 1521 integra
1675 1444 1757 1506 silet

109 1546 207 1589 servus
222 1548 251 1587 es
263 1531 347 1601 hujus
361 1531 449 1603 ipsius
463 1539 517 1589 tam
532 1548 668 1604 perverse
681 1535 829 1594 voluntatis
842 1543 904 1592 ture.
960 1531 1037 1603 plena
1065 1533 1229 1601 humanitas,
1254 1533 1362 1606 colligat
1385 1541 1412 1590 et
1434 1543 1461 1591 te
1474 1534 1545 1592 intra
1567 1551 1598 1592 se
1622 1535 1698 1592 sinus
1710 1536 1757 1611 qui

109 1618 153 1675 An
167 1636 220 1676 uon
236 1621 388 1687 serenaret
402 1620 555 1680 dominatur
569 1621 712 1696 iniquitas!
729 1623 762 1680 lit
776 1624 903 1682 maxime.
958 1636 1052 1679 omnes
1075 1621 1181 1695 recipit.
1211 1621 1342 1696 Alioquin
1365 1622 1430 1696 quid
1455 1623 1503 1681 tibi
1530 1622 1655 1697 prodest,
1679 1625 1758 1696 iuxta

108 1709 166 1767 Nisi
191 1717 219 1768 tu
238 1709 306 1769 lorte
319 1709 458 1787 indignius
471 1710 577 1783 judices
594 1712 734 1771 bominem
747 1714 805 1782 tibi,
825 1730 905 1788 quam
921 1688 1070 1780 fl'rarbnm
1082 1710 1202 1781 Domini,
1217 1711 1241 1768 si
1251 1712 1394 1769 universos
1407 1711 1533 1780 lucreris,
1547 1724 1574 1770 te
1586 1729 1672 1770 unum
1690 1730 1757 1788 per·

109 1797 202 1854 uitium
223 1798 366 1855 dominari.
383 1798 454 1868 Quid
472 1798 596 1871 interest,
619 1803 713 1861 volens
735 1802 848 1874 servias,
869 1820 904 1859 an
958 1800 1025 1857 dens
1040 1801 1152 1875 (satri.
1169 1817 1226 1868 xer,
1243 1798 1408 1872 titionum
1424 1804 1460 1859 cb
1474 1819 1532 1859 rem
1547 1819 1608 1860 curn
1623 1818 1720 1860 omnes
1731 1813 1757 1861 te

108 1887 229 1944 invitus?
244 1887 311 1944 Nam
326 1888 378 1945 etsi
401 1896 493 1947 coacta
512 1890 629 1948 servitus
642 1891 830 1962 miserabilior,
856 1894 905 1950 sed
957 1889 1085 1962 habeant,
1112 1898 1172 1947 esto
1193 1889 1273 1947 etium
1293 1898 1323 1947 tu
1344 1906 1377 1948 ex
1400 1890 1560 1948 habentibus
1585 1907 1663 1948 unua.
1685 1888 1756 1961 Quid

108 1976 232 2033 allectata
255 1977 379 2035 miserior
394 1988 446 2034 est.
470 1980 506 2037 Et
523 1979 586 2052 quid
607 1980 648 2037 ris
670 1995 716 2038 me
733 1980 831 2050 iacere,
858 1984 904 2042 in·
957 1977 1032 2035 selus
1051 1978 1185 2035 fraudaris
1202 1994 1315 2037 munere
1337 1979 1396 2036 tui!
1413 1980 1560 2054 Usquequo
1583 1978 1695 2052 spiritus
1709 1996 1757 2040 ra·

107 2065 192 2147 quisi
207 2066 243 2124 Ut
251 2065 299 2122 tibi
313 2067 347 2122 ab
360 2067 402 2125 bis
416 2069 643 2143 occupationibus
657 2086 762 2142 parcas.
777 2070 907 2146 impossi-
956 2066 1034 2138 dens,
1047 2077 1075 2126 et
1098 2084 1152 2126 nou
1176 2068 1284 2127 rediens
1308 2070 1395 2142 (Paul.
1411 2086 1501 2128 rtxvn.
1518 2068 1585 2144 39)l
1606 2068 1756 2145 Usquequo

106 2155 163 2213 bile
177 2155 291 2214 fortasse
310 2156 494 2230 respondebis,
519 2159 627 2217 facilius
652 2160 787 2219 cathedrae
800 2162 904 2222 raledi-
957 2174 1011 2215 uon
1025 2156 1124 2232 recipis
1140 2166 1165 2216 ta
1176 2166 1203 2215 et
1218 2160 1278 2231 ipse
1294 2160 1366 2217 inter
1380 2160 1450 2217 alios
1463 2161 1522 2218 rice
1537 2160 1603 2220 tuai
1615 2161 1754 2233 Sapienti-

107 2261 171 2303 cere
184 2260 277 2318 posse.
291 2246 375 2304 liecte
387 2247 449 2316 hoc,
464 2247 489 2305 ai
502 2264 647 2339 rumpere,
657 2256 685 2307 et
697 2265 754 2308 non
765 2250 853 2328 magis
864 2248 905 2310 in.
957 2246 1007 2302 bus
1018 2256 1046 2304 et
1060 2246 1249 2318 insipientibus
1263 2247 1370 2306 debitor
1384 2265 1429 2316 ιιι
1441 2256 1468 2306 et
1481 2249 1533 2306 soli
1547 2265 1634 2322 negas
1647 2258 1674 2308 tc
1687 2249 1756 2307 tibtt

107 2344 279 2409 terrumpere
293 2336 345 2393 ista
357 2338 489 2395 hortarer.
956 2335 1061 2394 Stultus
1075 2343 1103 2394 et
1123 2337 1241 2409 sapiens,
1254 2354 1351 2397 serrata
1371 2343 1398 2394 et
1410 2336 1489 2406 iiber,
1504 2336 1582 2396 diues
1596 2346 1624 2395 et
1638 2354 1754 2413 pauper,

107 2474 176 2544 sius,
191 2491 224 2534 ao
239 2479 313 2547 qnod
327 2477 413 2552 magis
431 2479 464 2535 ad
474 2478 662 2552 splendomm,
677 2487 866 2556 quodamque
878 2489 905 2540 et
957 2475 1052 2558 liguris
1061 2476 1756 2559 causarum,deredonibusetobligationibus,deJ'u·

109 2550 172 2619 vitae
185 2549 456 2624 commodaepeeure
469 2558 605 2623 putentur.
958 2547 1083 2617 duciis,de
1092 2551 1234 2605 renuntias
1244 2558 1271 2603 et
1283 2548 1618 2622 appellationibuaetatiie
1628 2568 1753 2625 quaecum

145 2621 181 2676 At
194 2637 255 2692 quae
268 2619 320 2676 ista
342 2630 504 2692 praepoatera
525 2625 588 2681 vitre
612 2629 640 2678 et
662 2622 810 2679 studiorum
825 2624 904 2692 ratio,
958 2619 1048 2689 sopire
1062 2617 1124 2675 lites
1142 2619 1270 2685 debeant,
1286 2635 1395 2690 semper
1409 2620 1514 2676 cineres
1537 2620 1624 2678 litium
1638 2625 1753 2683 exeuant

108 2698 139 2746 ut
154 2693 202 2747 toti
218 2691 299 2749 bodie
313 2692 365 2746 sint
380 2693 407 2748 in
421 2692 527 2768 legibus
540 2694 695 2759 iustiniani,
711 2710 824 2765 quorum
848 2698 905 2752 tota
955 2691 1010 2760 jam
1026 2692 1138 2761 sopitos.
1156 2711 1169 2744 ι
1194 2693 1232 2747 lta
1251 2693 1295 2747 ille
1320 2692 1434 2764 epistola
1455 2707 1508 2763 qua
1532 2693 1662 2750 clericum
1682 2697 1755 2767 regis

108 2763 236 2818 uoluntas
251 2774 278 2818 et
291 2762 416 2835 voluptas
428 2779 487 2819 esse
501 2765 619 2820 debebat
640 2765 667 2819 in
689 2765 749 2839 lege
774 2767 905 2823 Domini?
958 2762 1062 2831 angliae
1078 2779 1093 2817 a
1107 2763 1197 2819 studio
1221 2762 1454 2832 lurisprtrdeutiae,
1469 2765 1503 2819 ad
1526 2781 1660 2821 sacrarum
1682 2767 1756 2824 litta-

108 2834 204 2890 Nonne
218 2835 271 2890 boc
283 2834 344 2915 ipso
356 2835 419 2891 rita
433 2851 534 2910 genere
545 2843 572 2892 et
585 2835 708 2894 instituto
727 2839 834 2909 (utpote
848 2837 904 2895 cle-
960 2848 1050 2889 rarum
1064 2834 1165 2904 studia,
1180 2833 1264 2891 veluti
1283 2835 1363 2891 statui
1381 2835 1565 2892 ecclesiastico
1579 2838 1667 2911 magis
1684 2854 1753 2895 con-

110 2904 168 2974 riei‚
183 2905 210 2961 id
224 2909 276 2970 est,
293 2922 320 2959 m
334 2914 434 2963 sortem
449 2907 557 2963 Domini
571 2907 699 2979 cooptati)
722 2908 905 2979 profitentur?
958 2921 1039 2977 grue,
1049 2914 1187 2975 provocat,
1199 2906 1224 2961 iu
1236 2907 1320 2962 Tubis
1330 2907 1431 2962 nostris
1445 2906 1559 2975 Discipl.
1573 2909 1641 2965 eccl.
1654 2911 1712 2965 tub.
1725 2916 1752 2981 6,

109 2976 206 3032 Nonne
222 2977 333 3047 hujusce
346 2978 384 3034 rei
400 2978 504 3051 seipsos
516 2977 636 3051 quetidie
651 2978 904 3047 commonefaciunt,
955 2992 1023 3102 geg.
1038 2979 1101 3034 553.
1113 2978 1159 3033 Sic
1168 2987 1195 3033 et
1208 2978 1280 3050 apud
1292 2976 1389 3035 Darou.
1403 2985 1468 3034 tom.
1480 2977 1540 3058 llll,
1556 2994 1589 3033 ao
1601 2983 1682 3048 tlte,
1694 2986 1751 3050 uit,

109 3062 172 3103 cum
199 3056 336 3118 praeeunte
358 3049 492 3119 Propheta
513 3049 609 3107 beatos
632 3048 693 3107 illos
722 3051 904 3121 pronuntiant,
974 3046 1222 3105 oan.Sarisberien.
1238 3048 1368 3104 Thomam
1387 3048 1617 3121 arehiepiscopum
1632 3051 1753 3108 ῦοοιοο-

110 3133 225 3190 quorum
239 3122 371 3178 voluntas
380 3126 424 3179 eat
435 3124 466 3179 iu
482 3123 542 3195 lege
555 3122 676 3187 Domini,
688 3125 717 3180 et
730 3123 762 3178 in
778 3124 835 3196 tege
845 3127 906 3194 ejus
959 3119 1086 3186 riensem,
1103 3122 1150 3193 qui
1165 3119 1272 3174 demum
1297 3135 1347 3187 pro
1361 3119 1483 3175 Ecclesia
1502 3121 1638 3194 gloriosus
1652 3130 1754 3195 martyr

110 3189 344 3249 meditenturdie
357 3210 391 3249 sc
405 3194 507 3253 mete?
519 3194 579 3249 lam
591 3207 657 3250 reru
670 3192 709 3249 illi
723 3193 906 3264 inscripseris
959 3191 1102 3257 occubuit,
1120 3207 1135 3246 a
1156 3191 1248 3246 studio
1271 3190 1362 3261 legum
1386 3190 1551 3258 dehortatur,
1575 3199 1669 3262 utpote
1692 3210 1754 3265 que

110 3261 207 3319 diuims
221 3263 342 3334 hospites
356 3280 387 3320 ac
406 3280 470 3336 pere
494 3263 586 3336 rini,a
605 3264 681 3321 libris
696 3265 748 3337 plia
770 3273 797 3322 et
822 3267 906 3338 spiri·
958 3263 1047 3335 magis
1061 3261 1209 3320 curiositati
1232 3278 1313 3335 quam
1329 3261 1437 3320 utilitati
1454 3264 1584 3322 serviani.
1602 3282 1616 3315 r
1634 3265 1751 3332 ilallem,

109 3331 226 3389 tualibus
239 3334 331 3400 alieni,
355 3352 387 3393 ac
409 3284 549 3403 fastidiosi,
566 3336 594 3391 ln
616 3335 715 3395 Codice
738 3342 766 3393 et
787 3337 906 3413 Digestis
958 3331 1055 3405 inquit,
1069 3350 1119 3391 ιοι
1136 3334 1271 3391 ruminare
1291 3332 1421 3402 issimus,
1437 3343 1466 3391 et
1477 3334 1508 3391 D.
1524 3334 1647 3405 Gregorii
1662 3338 1753 3393 liora·

110 3404 232 3461 Novellis
245 3421 277 3462 ac
291 3405 413 3473 libeliis,
428 3407 536 3483 iegibus
551 3407 688 3464 uelitibus
708 3408 809 3478 majori
824 3419 905 3486 gustu
958 3402 999 3459 les
1014 3405 1096 3461 libros
1106 3407 1240 3463 evolvere.
1250 3405 1466 3475 Quistleciione
1476 3406 1567 3480 legum
1577 3415 1603 3462 el
1618 3420 1751 3465 aeonum

111 3482 137 3531 et
150 3476 290 3558 uoluptate
304 3483 457 3534 versantur.
481 3479 550 3535 Com
572 3478 664 3536 codice
683 3479 904 3551 Evangeliorum,
958 3477 1289 3549 compunctionumque»

109 3562 142 3602 ac
155 3555 238 3616 gestas
255 3555 408 3603 unctorum
421 3549 490 3604 nibil
509 3550 564 3604 illia
578 3550 742 3615 commercii,
758 3550 810 3606 nisi
833 3553 906 3624 quael
992 3547 1116 3604 Similem
1140 3548 1234 3606 carolo
1261 3549 1417 3605 Borromaeo
1448 3547 1622 3606 sanctissimo
1643 3550 1754 3615 praemii

109 3619 193 3674 verba
211 3619 378 3674 Psalmorum
401 3619 498 3687 raptim
512 3620 666 3692 cursimque
689 3621 906 3694 demurmurant,
957 3626 1075 3674 mantem
1089 3618 1173 3676 luisse
1185 3619 1282 3689 lego·
1300 3619 1429 3677 Dsitatam
1444 3619 1565 3685 enimin
1588 3619 1752 3691 uitacriptor

109 3698 136 3744 et
151 3688 233 3743 Cbori
253 3704 366 3759 pensum
380 3688 538 3749 festinanter
551 3690 703 3749 absolvunt.
719 3690 787 3749 Hinc
801 3693 833 3747 ad
848 3709 907 3764 pro
958 3686 1037 3754 vitae,
1051 3689 1305 3757 iurisconsultorum
1326 3689 1475 3755 seientiam,
1492 3705 1545 3763 qua
1567 3637 1656 3746 iuerat
1671 3706 1751 3749 oecu-

110 3759 185 3821 tana,
200 3759 301 3814 nedum
316 3775 384 3815 vana
407 3759 496 3817 studia
510 3777 569 3815 sesa
593 3768 763 3818 convertunt.
780 3761 848 3830 Quae
861 3764 905 3820 bic
957 3767 1036 3831 patus
1050 3760 1216 3826 adolescens,
1236 3759 1347 3815 minime
1368 3760 1425 3828 jam
1449 3760 1476 3815 in
1496 3761 1621 3831 pastorali
1639 3776 1704 3817 cura
1717 3762 1751 3818 ad

108 3828 247 3886 meditatio
261 3831 358 3887 diriuae
368 3831 461 3906 legis?
474 3830 777 3905 quaesacrarumrerum
785 3840 812 3889 et
825 3834 905 3891 statui
958 3829 1135 3902 sepertinere
1157 3830 1301 3887 arbitratus
1320 3837 1372 3884 est.
1396 3830 1560 3903 theologica
1578 3840 1605 3888 et
1624 3834 1753 3891 canonica

109 3900 292 3958 ecclesiastico
308 3903 516 3971 congruentium
528 3904 675 3961 tractariui
688 3904 721 3959 ttt
740 3911 829 3961 manen
847 3907 905 3961 cla·
958 3909 1061 3958 tautum
1075 3902 1162 3965 notit,
1179 3909 1309 3973 quantum
1325 3899 1452 3957 cardinali
1467 3918 1594 3975 magnum
1608 3904 1752 3960 ecclesiam

108 3985 181 4028 mant
208 3973 324 4031 uotidie:
337 3976 474 4045 Dummodo
482 3976 665 4050 dilecilepem
676 3977 906 4044 iuum,Domiue!
959 3971 1064 4044 regenti
1084 3970 1191 4029 efficere
1211 3987 1291 4043 posse
1305 3986 1463 4028 concessum
1482 3981 1535 4029 eat.
1557 3973 1599 4029 lix
1617 3974 1754 4050 theologia

109 4048 170 4101 totu
184 3990 509 4106 Jiemedttattomeamt
519 4046 532 4104 l
543 4055 596 4103 etc.
607 4049 906 4106 llirumainouucren·
958 4042 1110 4115 Scripturas
1124 4040 1228 4099 divinas
1246 4041 1416 4115 potissimum
1435 4044 1609 4115 sequebatur,
1626 4052 1750 4103 tumve·

110 4123 153 4170 tur
179 4123 276 4173 testem
303 4119 394 4175 cordis
422 4120 463 4174 sui
490 4119 586 4187 Deum,
603 4126 649 4175 aut
672 4126 744 4175 certe
765 4120 904 4193 propriam
958 4126 1028 4172 teres
1050 4117 1143 4171 Patres
1183 4113 1398 4185 interpretesque
1421 4113 1503 4183 iilos,
1527 4112 1574 4189 qui
1597 4114 1754 4173 solidiorem

107 4188 307 4258 conscientiam,
345 4205 380 4246 ne
411 4190 482 4248 lorte
515 4202 644 4263 arguatur
676 4188 826 4258 mendacii,
859 4190 904 4262 qui
958 4201 1068 4243 sensum
1090 4159 1297 4257 amplectuntur.
1317 4184 1457 4242 Canonum
1479 4201 1510 4243 ea
1529 4185 1641 4244 amentia
1656 4188 1753 4260 periu-

107 4259 247 4331 utriusque
266 4260 636 4329 testimonieeoueineuntur‚
652 4261 718 4318 nihil
738 4263 830 4320 minus
842 4263 905 4318 dili·
958 4258 1047 4315 cunda
1068 4266 1138 4328 erat,
1152 4273 1214 4329 quaa
1232 4259 1338 4314 Petrum
1362 4273 1453 4315 mures
1475 4264 1506 4315 ct
1526 4265 1586 4316 acta
1601 4274 1753 4329 repreasen-

107 4344 180 4412 gcre·
197 4347 279 4402 quam
299 4332 372 4403 quod
400 4349 449 4390 ore
476 4331 645 4405 profitentur.
666 4333 803 4404 Quorsum
830 4335 902 4393 enim
914 4324 1037 4417 mans,
1058 4329 1188 4412 Ecclesiae
1209 4328 1402 4401 cumponenda
1425 4337 1506 4403 atque
1521 4329 1686 4414 ‚ordinandae
1706 4348 1752 4389 ra·

106 4400 227 4473 quetidie
242 4401 385 4460 recitamus
399 4405 543 4462 Psalmosi
566 4420 657 4462 nonne
679 4412 710 4462 ut
724 4419 756 4462 eo
797 4417 904 4465 ruentes
958 4410 1059 4459 taonem
1070 4400 1310 4459 continetDolens
1324 4408 1412 4459 autem
1422 4416 1619 4460 eoscommuna
1633 4418 1753 4461 consue·

105 4472 197 4529 verbis
220 4474 399 4548 sensibusque
422 4475 592 4531 Psalmcrum
609 4474 724 4533 allectus
747 4475 775 4532 iu
796 4494 901 4548 uamus,
959 4471 1051 4529 tudine
1062 4471 1248 4530 luniummodo
1267 4486 1385 4529 canones
1403 4472 1439 4528 etl
1458 4474 1688 4546 interpretandum
1704 4491 1751 4530 ae-

106 4551 134 4599 et
147 4558 238 4601 mores
256 4544 366 4603 monitis
381 4545 480 4605 dirime
494 4546 719 4605 conformemus?
730 4544 799 4617 Quis
812 4556 902 4605 autem
958 4543 1017 4614 ligi,
1034 4543 1079 4614 qui
1103 4544 1138 4600 ad
1155 4544 1217 4600 lites
1239 4542 1393 4615 judiciaque
1407 4544 1517 4616 valent,
1539 4543 1678 4602 constituit
1693 4546 1754 4617 ipsa

104 4617 194 4672 credat
208 4632 257 4674 eos
271 4617 371 4674 sentire
384 4619 458 4692 quod
479 4626 612 4690 asserunt,
636 4628 685 4675 aut
706 4626 780 4679 certe
833 4637 902 4678 ros
956 4618 1003 4688 qui
1016 4615 1052 4672 iia
1071 4615 1239 4673 declarandis
1262 4624 1398 4685 preesset,
1420 4617 1495 4673 unde
1516 4632 1592 4673 sacra
1616 4616 1753 4699 majurum

104 4685 191 4744 diuini
216 4689 290 4749 Vatis
321 4701 453 4748 asseuum
486 4698 610 4764 repetunt
632 4690 768 4765 quotidie,
829 4701 903 4750 atum
956 4688 1089 4758 instituta,
1100 4687 1211 4760 stritus,
1222 4687 1413 4759 optimumque
1426 4687 1555 4745 Ecclesiae
1563 4687 1756 4747 admiserimu-

103 4757 226 4838 dieentea
240 4760 327 4831 illum,
346 4761 394 4835 qui
407 4761 435 4818 in
448 4762 512 4833 tege
525 4763 635 4821 Domini
649 4771 787 4822 scrutatur
800 4771 828 4819 et
842 4780 902 4821 me·
955 4758 997 4815 dae
1012 4774 1098 4833 genua
1113 4759 1278 4816 hauriretur.
1295 4776 1307 4813 a
1320 4756 1383 4840 lib.
1400 4774 1450 4827 vu,
1465 4775 1525 4832 cap.
1545 4762 1589 4815 tt.
1604 4828 1611 4843 ·
1690 4831 1696 4842 ι

105 4828 206 4885 ututur
221 4831 264 4888 die
276 4849 308 4890 ac
321 4836 425 4891 nocte‘?
440 4834 511 4906 Quid
521 4834 632 4902 mirum,
647 4834 670 4890 si
685 4834 752 4891 tales
762 4834 903 4892 rideamus
991 4832 1074 4888 Porro
1089 4830 1231 4901 superiora
1254 4844 1346 4885 emnia
1369 4845 1431 4885 oum
1489 4845 1541 4887 ano
1563 4829 1627 4886 salis
1641 4845 1748 4902 accipe.

104 4913 189 4956 succo
204 4915 273 4958 rere
286 4904 393 4976 pietatis
410 4904 541 4990 paulatim
555 4905 678 4975 destitui;
698 4905 773 4962 nullo
794 4906 901 4963 diviua·
955 4901 1078 4984 Subrium
1094 4901 1272 4984 enimnlegum
1286 4899 1429 4983 scieratiam¹
1440 4845 1586 4986 effingam,
1600 4916 1655 4958 non
1671 4917 1751 4974 quau·

103 4986 164 5026 rum
186 4986 276 5027 rerum
301 4991 336 5030 re
355 4985 422 5032 eturr
456 4978 568 5048 influxu,
599 4979 702 5032 aenaim
730 4976 791 5034 sine
816 4992 900 5034 seusu
955 4982 1019 5040 atur,
1036 4973 1374 5042 sedjusutraeatventate
1389 4972 1652 5044 patroctnroutalem,
1668 4988 1751 5031 nauso

103 5057 273 5123 exarescere.
295 4992 456 5119 magumque
470 5049 580 5120 penitus
593 5047 690 5106 amori.
777 5098 780 5104 .
954 5045 1064 5115 sapiens
1086 5045 1206 5101 damnat.
1229 5043 1260 5126 ld
1278 5042 1539 5127 solumvmoneotur
1560 5045 1631 5102 sacri
1647 5044 1752 5103 ordinis

138 5113 207 5170 Hine
226 5114 319 5171 Petrus
331 5118 474 5184 blesensia,
487 5120 528 5177 vir
549 5118 732 5187 docdssirnus,
747 5126 774 5175 et
787 5118 846 5189 ipse
858 5117 902 5174 le·
954 5117 1090 5184 homines,
1115 5123 1143 5172 ut
1165 5124 1288 5174 novemnt
1306 5131 1456 5188 praecipuas
1476 5116 1520 5172 sui
1537 5122 1623 5172 status
1647 5128 1751 5189 partes,

100 5202 167 5257 gum
182 5186 381 5257 peritissimus:
400 5209 411 5239 e
429 5188 495 5257 lies,
516 5188 544 5245 in
566 5188 614 5254 uit,
637 5188 720 5263 plena
739 5187 902 5245 discriminis
954 5196 981 5243 et
994 5186 1092 5255 officia,
1107 5193 1199 5242 ament
1217 5186 1301 5260 digna
1322 5193 1349 5242 et
1363 5186 1452 5244 debita
1466 5186 1602 5245 vocationi
1617 5202 1674 5243 suar
1689 5196 1752 5244 stu-

100 5266 144 5314 est
167 5258 194 5313 in
210 5257 317 5315 clericis
343 5275 407 5315 nsua
428 5261 530 5332 legum.
576 5267 649 5316 otum
671 5261 743 5317 euim
766 5260 903 5319 bominem
955 5259 1001 5315 dia
1016 5279 1023 5316 :
1039 5268 1066 5317 et
1080 5267 1246 5331 praepostere
1270 5258 1398 5327 occupari
1412 5268 1526 5317 caveant
1543 5275 1549 5315 :
1566 5275 1600 5315 ne
1614 5260 1755 5335 negligant

100 5329 169 5384 adeo
189 5329 240 5386 sibi
254 5328 382 5398 vindieat,
391 5336 421 5387 ut
434 5346 497 5388 eum
510 5329 660 5403 suspendat
675 5348 691 5389 a
705 5332 901 5476 spiritualibus.
955 5330 1026 5388 seire
1045 5330 1073 5387 in
1088 5328 1194 5402 primis,
1217 5342 1278 5399 quae
1297 5331 1488 5414 perlectionem
1509 5330 1552 5388 sui
1566 5338 1651 5388 statua
1663 5330 1754 5409 mama

101 5415 117 5454 a
133 5400 233 5484 diuinis
246 5403 353 5483 avellat,
362 5400 442 5474 epist.
453 5404 498 5460 ib.
510 5400 617 5461 Et'alibi
629 5420 636 5461 :
649 5402 712 5462 llaec
731 5403 756 5462 le
776 5420 823 5461 um
834 5410 901 5461 uae
955 5403 1100 5479 alapaque
1112 5405 1290 5473 promoveant
1304 5417 1311 5456 :
1327 5416 1508 5485 aomanorum
1523 5398 1678 5477 precipuis,
1695 5418 1753 5461 ma·

99 5471 178 5545 tatto)
192 5490 236 5556 ιιι
249 5484 379 5549 umquam
388 5473 499 5556 pusillos
512 5473 634 5560 estquis
648 5424 904 5559 semperqitigrtde
952 5474 1044 5557 iorem
1072 5472 1279 5557 vitiorium-at
1299 5468 1513 5557 adcurscuram
1538 5478 1570 5533 at
1583 5472 1706 5545 'bduttrl
1724 5492 1751 5533 tn

99 5546 330 5613 consummaui
340 5563 417 5620 quast
427 5545 461 5606 de
472 5542 621 5615 maleficus,
637 5546 679 5604 vel
689 5548 765 5620 quati
775 5550 903 5610 ueitrus
955 5546 1126 5620 impendant.
1146 5546 1182 5604 V.
1201 5540 1352 5605 undenum
1366 5552 1451 5622 eptae
1465 5540 1638 5608 dueum&
1646 5542 1695 5605 ltu.
