3728 5940
188 195 238 255 bot
668 192 695 249 S.
709 188 875 249 hhhhtttttt
895 180 1033 246 hhhhlls
1050 180 1367 248 authu-vauterius
1779 196 1836 256 652

188 331 287 397 potest.
304 321 383 383 Liber
392 333 464 392 ‚ergo
481 317 596 394 testeris,
614 323 759 389 autequam
775 329 869 371 servus
883 311 986 372 efficta·
1000 322 1024 404 Α
1036 326 1118 384 quarn
1131 320 1158 370 et
1173 315 1216 371 his
1229 315 1275 387 qui
1290 331 1383 374 teram
1396 315 1611 390 Hierosolymam
1627 327 1690 375 sunt
1705 323 1834 393 proiecti.

186 408 235 470 ris.
257 408 362 466 Sulticit
378 407 424 464 tibi
434 405 506 479 quod
528 405 686 462 dictumest
701 404 734 460 de
750 403 924 460 testamentis.
941 400 982 457 De
1036 401 1071 456 Et
1089 402 1167 458 multi
1190 405 1298 476 quidem
1327 405 1424 480 signati
1448 413 1510 462 sunt
1538 406 1596 477 ipsu
1619 407 1703 481 loco,
1720 422 1837 470 ceteros

187 497 335 556 liliisaudi.
369 497 474 552 blortuo
499 503 583 566 patre,
608 500 735 565 quaerunt
763 492 935 560 divisionem,
959 490 982 545 si
1036 499 1127 546 autem
1141 492 1175 547 ad
1191 495 1349 565 opussimul
1368 495 1583 567 provocavimus,
1598 506 1626 552 ut
1644 499 1689 569 qui
1705 502 1841 558 eberis·

187 587 292 644 uobiles
318 591 402 651 sunt;
432 583 584 641 meliorest
599 598 672 656 saepe
687 598 780 639 eorum
796 581 918 654 aspersio
933 597 982 654 per
1036 580 1130 636 stianis
1145 582 1258 637 necdum
1279 582 1376 655 signati
1400 590 1462 639 suut
1476 583 1509 638 ad
1523 584 1593 640 aiam
1608 586 1832 660 Hierusolymam,

187 674 328 740 mundum,
344 688 425 746 quam
440 671 606 729 haereditatis
634 671 740 729 divisio.
758 672 785 728 Si
815 671 983 727 laboratores
1036 668 1162 726 noverint
1175 671 1298 726 eamdem
1313 686 1373 727 sese
1388 672 1581 746 indulgentiam
1609 674 1658 731 hac
1684 677 1833 750 adepturos

186 771 258 834 sunt,
276 761 374 819 ludant
388 760 462 832 quud
484 758 633 831 voluu13si
662 767 832 827 mercatores,
847 759 928 815 tutior
942 765 983 813 est
1037 758 1216 828 expeditione,
1241 761 1264 816 si
1288 767 1376 815 tamen
1400 761 1573 833 praestiteriut
1592 763 1618 818 in
1642 779 1675 819 ea
1695 781 1744 838 pro
1768 783 1822 824 cuu

186 853 282 909 divisio
311 866 391 922 quam
406 848 571 915 cummunio,
588 863 623 902 ue
638 847 718 904 nnius
733 847 910 905 infortunium
924 845 982 901 aliis
1036 845 1097 904 silio
1112 846 1305 919 episcoporum
1326 859 1353 906 et
1380 851 1544 924 principum.
1570 852 1638 909 illud
1653 855 1724 909 euim
1738 855 1833 912 omni·

185 942 342 1014 imputetur.
372 939 455 993 Mater
477 945 568 993 autem
596 935 686 992 lursan
700 936 849 993 remaritari
865 934 980 1007 quaerit;
1037 935 1125 992 modis
1142 935 1340 1004 interdicimus,
1363 955 1397 996 ne
1419 955 1471 1014 qua
1494 941 1597 998 ratione
1625 940 1717 999 ineant
1744 942 1834 1000 foedus

76 1032 79 1037 ’
187 1029 269 1090 stulte
296 1026 371 1100 agit;
400 1025 449 1093 sed
476 1033 508 1081 ut
534 1032 647 1097 peecata
667 1041 718 1080 sua
733 1023 866 1098 deploret,
880 1023 981 1079 utinam
1036 1040 1098 1080 cum
1110 1025 1160 1093 eis,
1176 1041 1266 1099 noque
1281 1042 1330 1099 pro
1344 1027 1469 1099 pccuma,
1485 1044 1572 1102 neque
1592 1045 1641 1100 pro
1657 1030 1767 1098 tributo,
1783 1033 1837 1090 do«

186 1119 248 1191 ipsa
276 1131 358 1173 senex
388 1113 502 1184 accipiat
522 1114 659 1183 juvenem,
678 1129 740 1169 uam
755 1129 809 1170 uun
824 1112 921 1185 ipsam,
936 1110 982 1167 sed
1036 1130 1095 1185 uec,
1111 1115 1256 1173 auxiliante
1270 1117 1336 1186 Deo,
1352 1125 1398 1173 aut
1412 1116 1483 1174 ritus
1505 1116 1575 1188 ipsc,
1596 1127 1643 1176 aut
1657 1120 1729 1178 natio
1740 1120 1834 1176 delea-

186 1222 236 1264 sua
249 1196 389 1280 quentin
413 1201 512 1275 quibus
540 1200 647 1269 habitis,
664 1201 736 1259 bibet
750 1217 812 1259 cum
834 1216 868 1258 eo
881 1199 982 1258 doloris
1036 1211 1090 1258 tur.
1110 1203 1193 1260 vohis
1218 1220 1284 1261 sune
1303 1205 1439 1278 loquimur
1460 1207 1673 1280 archiepiscopis
1692 1219 1719 1264 et
1737 1209 1835 1282 coepi-

186 1294 298 1352 caticum
313 1307 393 1365 quem
409 1287 520 1361 optarit,
539 1287 573 1342 ad
597 1288 670 1360 quod
685 1304 743 1344 eam
760 1289 893 1360 perducat
910 1299 983 1344 meta
1037 1289 1127 1362 scopis
1155 1291 1270 1360 vestris,
1306 1294 1437 1366 opponite
1473 1296 1601 1364 omnino,
1634 1306 1662 1354 ut
1691 1297 1836 1353 maximam

187 1399 245 1440 suae
259 1381 322 1439 ritae
337 1377 498 1435 damnabilis
514 1376 668 1446 senectutis,
676 1376 778 1435 Amen.
1037 1394 1123 1450 super
1136 1378 1179 1434 his
1203 1379 1305 1453 geratis
1320 1381 1540 1448 sollicitudinem,
1554 1391 1582 1440 et
1597 1391 1835 1458 quantumcunque

222 1479 278 1536 opo
292 1476 403 1550 gratias.
1037 1467 1160 1539 potestis,
1180 1467 1300 1524 studium
1318 1468 1471 1527 adhibeatis
1485 1478 1512 1527 et
1529 1472 1707 1546 diligentiam,
1723 1484 1752 1531 ut
1766 1474 1838 1531 tiri.

184 1596 320 1669 (mma,
333 1594 472 1649 mamm
483 1588 634 1658 ⁶25„ng
647 1590 709 1647 ,nde
722 1591 804 1662 infra
822 1590 898 1647 inm
946 1589 988 1644 Β,
1004 1601 1026 1683 Β
1041 1556 1101 1659 liter
1113 1554 1160 1655 fiat
1174 1573 1183 1624 ς
1197 1562 1224 1611 et
1240 1556 1389 1655 seeundum
1409 1558 1496 1615 Deum
1517 1560 1628 1618 ministri
1645 1562 1744 1620 Christi
1758 1564 1836 1630 estis,

220 1660 809 1732 popa,diversorumads,nerpardpm‚,pp
822 1604 991 1730 mag)
1043 1655 1070 1704 et
1089 1646 1190 1703 idcirco
1208 1643 1358 1702 fiducnhus
1381 1660 1398 1702 a
1419 1647 1496 1704 robis
1519 1649 1648 1723 exigitur,
1674 1661 1702 1707 ut
1725 1651 1835 1727 negotio

441 1773 611 1833 Epmogp
629 1775 751 1834 gpppffl⁸
824 1797 827 1802 ,
1040 1741 1110 1811 eius,
1126 1735 1197 1807 quod
1213 1733 1247 1788 ad
1262 1748 1311 1791 ros
1324 1743 1438 1806 spectat,
1463 1736 1620 1810 invigiletis.
1644 1740 1701 1796 Nos
1723 1757 1837 1815 qunque

1040 1827 1184 1904 plurimum
1213 1821 1241 1876 id
1266 1837 1393 1896 rogamus
1411 1831 1439 1880 et
1458 1826 1632 1884 obsecramus
1654 1828 1682 1883 iu
1704 1829 1836 1887 Domino.

420 1887 458 1931 ΑΒ
472 1886 627 1930 ⁰⁸¹V¹¹⁸⁰⁸
640 1888 770 1930 'mm‘
1038 1918 1097 1979 Erit
1110 1921 1200 1971 autem
1214 1910 1296 1980 huius
1311 1913 1453 1981 exercitus,
1468 1924 1495 1973 et
1513 1913 1540 1970 in
1556 1916 1688 1985 testibus,
1704 1927 1731 1974 et
1748 1920 1775 1975 in
1791 1935 1836 1976 ar·

186 1986 225 2043 ild
238 1979 417 2065 θφρθᾶἱΐῑθιῖθ
431 1979 464 2036 ‘''l
478 1983 587 2036 terram
600 1986 739 2036 “limam-
751 1981 865 2038 Festum
875 1979 922 2062 ss:
937 1979 985 2035 ¹³⁶·
1038 2011 1101 2076 mis,
1116 2011 1144 2061 et
1162 2000 1252 2059 faleris
1269 2001 1428 2075 caeterisque
1454 2003 1581 2062 omuibus
1606 2007 1700 2063 eadem
1728 2024 1790 2080 quae
1809 2020 1838 2066 ct

222 2058 261 2110 m
275 2055 304 2108 ‘t
317 2052 401 2108 ΡΜ
415 2066 468 2124 q¹⁴⁰
482 2050 558 2122 “pud
571 2049 783 2122 “mmmm
801 2051 984 2118 wnmwm’
1038 2095 1149 2156 alterius
1175 2088 1311 2147 exercitus
1335 2090 1499 2159 obseruatio,
1523 2094 1624 2167 quippe
1649 2112 1717 2168 quos
1740 2098 1836 2155 cadem

224 2125 363 2196 dtildm·
486 2192 575 2261 (Anno
592 2193 685 2262 ΗΠ.)
1038 2182 1178 2245 retributio
1192 2177 1289 2234 munit.
1315 2178 1418 2237 Placuit
1440 2188 1530 2239 autem
1549 2184 1675 2241 omnibus
1699 2185 1726 2240 in
1749 2187 1836 2242 Fran·

185 2291 315 2367 [Bonnam
334 2287 426 2348 Codex
449 2286 652 2360 diplomaticus
667 2291 696 2345 et
709 2286 871 2360 epistolaris
891 2286 985 2344 lloro-
1038 2276 1166 2331 kenelmi
1189 2266 1372 2343 ⁰⁰⁰ssi⁹d⁸li⁵2
1400 2277 1535 2340 ‘luamus
1558 2273 1696 2345 exemplar
1721 2273 1842 2330 marum·

220 2358 529 2426 vice.0lomucii1836,
546 2364 585 2428 te,
612 2366 631 2417 t.
646 2360 666 2431 l,
694 2376 722 2430 p.
738 2362 801 2424 253,
831 2373 864 2414 aa
890 2357 983 2414 codice
1037 2363 1188 2420 litterarum
1215 2355 1316 2428 ubique
1343 2363 1516 2428 portaretur,
1544 2368 1571 2416 et
1599 2362 1720 2435 episcopi
1755 2373 1837 2438 atque

220 2451 273 2491 ¹¹¹⁸·
288 2429 464 2490 0¹⁰¹¹¹¹¹⁰⁰¹¹⁸i
479 2444 542 2486 Μ·
558 2444 609 2486 ¹¹V
623 2429 728 2503 ⁸iss⁰⁸¹⁰
743 2426 876 2500 cml]
1038 2446 1187 2525 presbyteri
1200 2444 1302 2516 pupulo
1319 2443 1371 2501 Dei
1391 2447 1601 2518 annuntiarent,
1627 2459 1655 2506 et
1673 2466 1720 2508 eos
1740 2460 1838 2509 contra

220 2537 307 2598 861
337 2537 361 2578 ¹¹
388 2534 512 2593 Dominis
536 2542 565 2591 el
589 2534 712 2593 Patribus
727 2533 883 2592 reverendis
892 2531 982 2588 trehi-
1038 2541 1131 2596 hostes
1148 2534 1239 2592 crucis
1253 2531 1361 2602 Christi,
1373 2532 1420 2605 qui
1434 2545 1498 2592 sunt
1510 2539 1580 2593 ultra
1594 2538 1647 2594 albi
1663 2538 1736 2611 (sic),
1753 2542 1837 2615 signo

184 2626 320 2702 episcopis
355 2625 516 2696 ceterisque
546 2622 682 2696 episcopis
708 2631 735 2680 et
763 2622 932 2697 principibus
955 2631 983 2678 et
1038 2619 1837 2699 sanctacruciscousiguareutetarmarent3quiuimirutn

183 2713 454 2776 universislidehbus
480 2711 541 2782 Dei,
555 2712 734 2781 Bassianus,
762 2711 979 2774 Clare-Vallen-
1037 2731 1132 2773 omnes
1159 2709 1278 2768 infesto
1306 2711 1494 2781 apostolorum
1517 2715 1588 2773 Petri
1616 2725 1643 2774 et
1660 2717 1738 2775 Pauli
1758 2721 1843 2792 apud-

184 2808 223 2864 sis
238 2810 348 2864 vocatus
362 2801 453 2869 abbas,
470 2799 592 2872 spiritum
604 2798 768 2860 fortitudinis
780 2807 807 2856 et
821 2798 924 2856 saluus.
1035 2802 1201 2879 llagdeburg
1215 2798 1359 2858 coutemre
1372 2800 1482 2860 debent.

220 2896 282 2951 Nou
305 2891 400 2949 dubito
425 2889 492 2962 quin
507 2889 627 2949 auditum
646 2889 681 2945 sit
693 2889 722 2947 in
737 2897 810 2946 terra
832 2887 984 2956 austrasii
1251 2905 1420 2964 Eppgpogg
1442 2909 1586 2967 gpgvffl·

183 2985 288 3043 celebri
317 2994 444 3039 sermone
471 2976 620 3049 vulgatum,
650 2978 786 3050 quomodo
814 2977 974 3034 suscitatert
1073 3011 1111 3054 m
1124 3011 1309 3055 mmm„
1323 3012 1429 3068 ΝΜ,
1444 3013 1599 3058 mm„
1613 3018 1650 3060 Π
1669 3016 1800 3063 „opum

183 3072 307 3148 spiritum
335 3083 432 3145 regum
461 3067 533 3123 Deus
560 3073 588 3122 et
600 3065 752 3139 principum
775 3067 809 3124 ad
831 3066 982 3122 laciendum
1367 3085 1512 3128 acuatum

182 3159 328 3259 ”1¹¹qu*
358 3157 386 3212 in
406 3152 568 3256 ‚nffimflhm
589 3160 618 3210 εἰ
642 3154 831 3226 mmmm
857 3153 982 3252 ⁶⁰⁸²&
1037 3178 1137 3237 Omnes
1150 3175 1402 3248 udeepeditioaem
1417 3179 1839 3254 hierosotpmttaamniavttati

183 3253 326 3307 Chisslfflm
340 3259 491 3303 ¹¹0¹¹¹11²¹⁵···
507 3243 634 3314 Mamm
654 3242 756 3301 b⁰¹1u¹1¹
771 3257 871 3315 masfla
884 3241 981 3298 fflifflae
1069 3250 1198 3320 demque
1212 3250 1495 3323 nepotiumepiseopo
1509 3254 1675 3314 dorsatensi
1688 3273 1842 3316 commens-

185 3335 365 3394 miserutionis
392 3331 517 3389 uberim
542 3329 732 3388 Verumtamen
758 3329 833 3386 sidet
847 3330 897 3385 boc
924 3344 981 3383 ma·
1071 3320 1131 3376 dal·

187 3429 277 3501 lignus
297 3433 323 3481 et
338 3422 440 3480 invidet
454 3436 529 3478 more
551 3436 616 3489 suo;
632 3420 741 3476 frendet
749 3419 875 3475 dentibus
903 3425 931 3474 ct
944 3426 983 3475 ta·
1339 3409 1427 3479 lhnno
1443 3412 1534 3484 titt.)

185 3516 287 3587 bescit·,
312 3514 412 3570 multos
426 3510 523 3568 amittit
537 3525 571 3567 es
588 3508 632 3566 his
648 3524 718 3583 quos
731 3508 812 3565 uariis
826 3506 985 3564 criminibus
1073 3497 1205 3571 [Because
1220 3496 1268 3555 uli
1290 3514 1378 3571 supro
1397 3517 1425 3573 p.
1447 3503 1511 3572 255,
1527 3519 1560 3559 ex
1573 3504 1670 3562 eodem
1682 3505 1800 3582 codice}

187 3619 213 3666 οι
239 3603 385 3663 „pleribus
410 3601 545 3675 pptigatps
559 3601 665 3657 mnebat
678 3597 870 3672 :perditissimi
884 3597 984 3670 quique
1074 3588 1141 3643 Duci
1158 3587 1330 3645 wmntsiio
1345 3590 1506 3662 ceterisque
1517 3593 1654 3651 nubilibus
1667 3604 1695 3652 et
1709 3597 1838 3655 universo

187 3702 380 3756 conuertuntur
408 3691 576 3749 declinantes
590 3703 607 3743 a
621 3687 702 3755 malo,
727 3686 814 3760 parati
829 3687 919 3744 lacere
932 3686 984 3742 bo·
1038 3680 1141 3749 populo
1155 3676 1302 3747 llohemiae,
1318 3678 1486 3736 Bsautuous
1502 3681 1735 3741 claraevallensis
1750 3685 1839 3745 abbas

186 3801 262 3846 num.
279 3786 332 3841 Sed
345 3781 417 3839 aliud
431 3781 557 3837 damnum
581 3784 691 3837 teretur
712 3777 794 3850 longe
808 3775 924 3844 amplius
951 3774 987 3831 de
1037 3773 1162 3834 vocatus,
1179 3767 1293 3823 salutem
1309 3766 1338 3821 iu
1352 3768 1472 3825 Christo.

187 3873 365 3935 consertione
398 3868 531 3945 gentium,
561 3882 623 3924 cum
657 3865 760 3924 audivit
788 3864 986 3938 plenitudinem
1075 3857 1126 3911 Est
1140 3855 1206 3911 mihi
1221 3870 1310 3912 sermo
1326 3857 1360 3911 ad
1376 3870 1425 3914 vos
1440 3857 1474 3916 ds
1489 3859 1600 3935 negotiu
1614 3861 1725 3931 Christi,
1740 3863 1768 3919 iu
1784 3879 1844 3939 qun,

189 3979 286 4031 eorum
308 3962 489 4030 introituram,
517 3966 544 4016 et
565 3972 665 4041 omnen
697 3971 810 4030 quoque
831 3955 914 4011 lsrael
928 3952 987 4009 lure
1040 3956 1081 4003 est
1105 3945 1187 4002 etism
1201 3947 1275 4001 salus
1288 3960 1363 4002 tera.
1380 3945 1460 4015 Quod
1477 3948 1583 4020 loquor,
1600 3957 1630 4007 ut
1650 3951 1843 4023 indignitatem

189 4052 356 4114 saltandum.
377 4048 475 4107 Hocei
499 4061 570 4103 nuuc
585 4055 695 4117 tempus
710 4043 851 4099 imminere
865 4041 985 4108 videtur,
1042 4050 1166 4108 persona
1198 4034 1341 4091 scribentis
1367 4042 1476 4092 excuset
1499 4039 1581 4109 -apud
1615 4055 1665 4097 ros
1691 4043 1841 4101 auctoritas

190 4153 218 4206 et
230 4153 286 4204 tota
301 4140 397 4199 hande
411 4136 510 4210 satagit
523 4141 632 4194 versuta
640 4132 751 4201 malitia,
764 4130 989 4205 quemadmodum
1042 4123 1171 4192 Dumiui3
1185 4131 1297 4180 excuset
1310 4124 1492 4183 consideratio
1512 4127 1633 4184 utilitatis
1653 4115 1771 4204 'vesum
1788 4147 1839 4188 es-

188 4234 280 4294 obriet
293 4238 368 4293 tanto
381 4230 464 4286 bono.
474 4224 617 4283 suacium
628 4222 741 4295 proinde
754 4236 849 4279 semen
863 4233 981 4294 nequam
1042 4223 1131 4288 cunct,
1144 4227 1205 4287 quae
1219 4212 1248 4269 iu
1264 4212 1342 4270 uobis
1357 4223 1400 4271 est
1417 4212 1531 4272 intentio
1555 4217 1703 4275 charitatis.
1719 4220 1841 4278 llodicus

188 4324 260 4382 lilios
272 4321 414 4377 sceleratos
428 4329 559 4389 paganos,
574 4327 653 4386 quos,
668 4318 699 4367 ut
710 4326 774 4382 pace
788 4317 876 4368 restra
903 4309 979 4368 dhe-
1046 4303 1155 4378 quidem
1168 4318 1240 4370 sum,
1255 4304 1305 4359 sed
1324 4317 1380 4360 uon
1393 4304 1500 4362 modice
1525 4306 1607 4379 cupio
1621 4322 1717 4365 omues
1738 4324 1789 4365 ros
1811 4308 1840 4364 in

189 4414 251 4480 rim,
280 4407 361 4465 nimis
388 4405 434 4461 diu
460 4401 588 4459 sustinuit
615 4399 827 4458 Chsistianorum
848 4398 988 4470 tortitudo,
1043 4392 1192 4454 abcenbus
1208 4393 1273 4449 Jesu
1294 4391 1403 4451 Christi.
1419 4394 1469 4451 llic
1482 4394 1558 4453 aelus
1578 4405 1658 4471 urget
1678 4406 1707 4454 ut
1723 4398 1841 4456 scribam

190 4498 344 4579 perniciose
361 4493 520 4552 insidiantes
528 4491 712 4559 dissimulans,
734 4492 861 4549 calcaneo
875 4508 925 4549 suo
939 4507 990 4549 uec
1042 4485 1114 4557 quod
1128 4481 1256 4539 libentius
1270 4482 1330 4540 rita
1345 4497 1412 4540 voce
1430 4484 1558 4541 cordibus
1571 4486 1670 4544 uestris
1694 4487 1842 4546 inscribere

191 4600 335 4652 conterens
349 4585 437 4660 capita
447 4589 579 4640 venenata
591 4581 657 4655 Sed,
677 4581 741 4654 quia
755 4582 820 4640 uicit
834 4582 988 4656 Scriptura:
1042 4573 1209 4640 laborarem,
1224 4570 1257 4639 si,
1274 4578 1303 4626 ut
1318 4571 1444 4629 voluutas
1468 4588 1523 4630 non
1537 4574 1623 4643 deest,
1643 4585 1801 4647 suppeteret
1815 4584 1844 4636 et

193 4685 266 4744 alate
275 4680 392 4740 minum
405 4674 584 4733 enoltobitar
593 4689 651 4742 cor,
666 4670 799 4746 detergo,
807 4673 864 4730 Deo
874 4674 990 4739 volente,
1043 4661 1166 4720 facultas.
1182 4660 1236 4719 Sed
1250 4659 1360 4732 spuitus
1374 4662 1482 4735 quidem
1492 4672 1632 4735 promptus
1647 4671 1699 4729 est,
1709 4678 1775 4720 caro
1791 4656 1841 4721 au·‘

195 4775 332 4831 uteorum
348 4763 567 4840 superbiacitius
582 4762 748 4830 humilietur,
765 4775 792 4820 et
806 4777 860 4820 nou
880 4769 992 4834 propter
1043 4761 1098 4809 tem
1118 4749 1234 4809 infirmt-
1260 4748 1455 4823 obtemperare
1477 4765 1532 4810 uon
1555 4757 1644 4825 potest
1665 4753 1841 4824 corruptibile

194 4865 247 4921 hoc
255 4859 415 4933 impediatur
423 4851 793 4926 tiallierosolymitaus3quia
802 4851 991 4910 enimterbutn
1043 4857 1142 4914 eorpus
1167 4841 1264 4897 animae
1279 4839 1426 4912 desiderio,
1450 4857 1502 4899 nee
1530 4841 1642 4916 spiritus
1665 4840 1840 4905 velocitatem

193 4955 248 5011 hoc
268 4950 358 5010 crucis
372 4945 496 5022 parvitati
520 4951 620 5001 nosttae
651 4941 783 4999 Dominus
801 4939 992 5013 evangelizan-
1042 4932 1129 4990 moles
1142 4939 1250 4989 terrena
1262 4928 1332 4988 valet
1346 4931 1476 4989 comitare
1492 4951 1501 5005 3
1526 4931 1575 4989 sed
1598 4930 1672 5005 quod
1696 4931 1760 4988 hinc
1773 4947 1841 5005 que·

193 5045 260 5101 dum
276 5039 422 5104 ‘cummisit
437 5032 663 5095 oonsiliodomini
676 5030 749 5104 regis
763 5040 790 5088 et
803 5030 991 5103 episcoporum
1044 5040 1144 5092 remur,
1158 5025 1264 5079 abssas
1283 5021 1360 5080 robis
1380 5022 1467 5095 portio
1483 5022 1568 5080 nostri
1583 5039 1591 5092 3
1610 5022 1658 5079 sed
1674 5037 1736 5094 qua
1749 5019 1842 5078 utilior

196 5140 225 5191 et
257 5130 430 5203 principum,
466 5128 512 5198 qui
550 5129 731 5180 couvenerant
765 5118 989 5187 Franltonotort,
1043 5121 1095 5183 est,
1110 5127 1158 5172 nor
1173 5118 1306 5179 nostrum,
1330 5126 1417 5185 usque
1434 5111 1469 5167 ad
1483 5127 1532 5168 tos
1555 5111 1695 5167 dilatatum
1719 5114 1772 5180 est,
1789 5103 1843 5162 etsi

191 5219 387 5278 ‘denuntiamus
419 5213 518 5272 araturi
546 5211 757 5269 Christianorum
786 5208 868 5264 robur
894 5206 991 5263 adaer-
1042 5219 1143 5278 eorpus
1170 5215 1316 5258 onerosum
1345 5208 1476 5257 terrarum
1501 5198 1673 5272 intercapedo
1702 5195 1841 5255 detineat.

196 5327 244 5368 sus
266 5311 337 5380 illos,
361 5317 389 5365 ct
410 5305 446 5361 ad
467 5303 597 5359 delendas
621 5300 738 5375 penitus,
757 5306 805 5354 aut
824 5305 898 5355 certe
920 5311 990 5353 cou-
1043 5294 1142 5352 Audiat
1154 5306 1219 5366 ergo
1230 5290 1390 5347 universitas
1402 5297 1492 5347 vestra
1500 5289 1616 5349 verbum
1628 5288 1740 5354 bonum,
1752 5285 1843 5342 auditu

188 5398 339 5457 ‘vertendas
351 5396 474 5456 nationes
497 5391 557 5449 itlas
570 5391 678 5466 siguum
693 5388 808 5446 salutaro
838 5385 989 5460 aucupare,
1042 5385 1155 5446 verbum
1169 5380 1273 5455 salutis,
1291 5391 1319 5439 et
1332 5379 1446 5438 oblatam
1462 5378 1637 5456 indulgentiae
1655 5376 1763 5450 copiam
1788 5377 1840 5432 dc·

195 5491 316 5553 eamdent
331 5487 371 5549 eis
388 5483 579 5563 promittentes
591 5477 785 5560 indulgentiam
807 5481 987 5554 peccaturum,
1042 5474 1112 5537 totis
1125 5470 1390 5551 quibusdamaoime
1409 5469 1524 5534 buath
1540 5463 1839 5552 impietatumque
