3728 5940
112 207 141 272 ll
726 214 901 279 rumano
926 218 1121 280 nanthario.
1565 221 1569 229 “
1722 220 1757 282 18

107 332 236 394 burbonici
251 334 418 393 bibliotheca
433 345 491 393 1661
509 338 708 410 suppeditabat,
722 340 853 399 incidisse
867 345 895 400 in
908 345 1047 420 epilogum
1064 345 1126 402 libri
1141 346 1175 402 66
1194 344 1340 418 Diligendo
1360 345 1429 416 1166,
1446 345 1474 400 16
1488 343 1568 402 661116
1589 343 1761 417 6161616116-

105 439 167 480 nm:
183 422 289 479 deinde
303 423 333 479 16
348 425 512 498 opusculum
533 427 568 483 de
583 426 685 484 hmore
700 429 748 485 bei
764 445 796 487 ac
816 432 949 504 [lignitate
968 434 1083 490 amoris:
1099 448 1168 506 qnos
1187 435 1271 491 libros
1286 435 1375 493 61666.
1395 434 1500 491 Claudii
1516 433 1684 492 Chevallonii
1700 449 1761 490 cnm

104 512 155 568 aliis
170 512 298 568 edendos
312 514 497 585 suppedinavit
509 531 581 573 anno
597 518 677 572 1617.

131 599 191 656 lion
206 616 264 656 nna
280 602 397 672 hujusce
419 604 874 676 1666661ιί666661116166166611
900 624 961 666 6661
973 610 1079 665 interim
1095 611 1229 669 Antonius
1252 611 1426 667 Marcellinus
1440 610 1519 666 aliam
1550 610 1696 667 editionem
1709 611 1762 666 ba·

102 689 258 759 6116166666
272 691 402 746 16666616
418 679 580 764 1161666166
594 694 721 750 66616611
736 699 839 755 6616111
854 713 925 754 6666
941 701 1137 764 1651661661,
1153 701 1226 772 qnod
1247 702 1305 772 ipsc
1319 699 1760 755 66661116666166116161661616-

101 781 212 852 plarium
232 779 314 836 iidem
335 781 479 838 collatione
499 783 576 848 iacta,
593 800 654 840 cnm
670 801 744 840 nova
761 801 887 848 censura,
913 802 1037 859 novoque
1063 789 1159 844 ordine
1184 803 1319 860 opernm;
1347 796 1380 842 ut
1405 786 1521 857 primum
1537 787 1624 844 locum
1639 795 1762 845 tenerent

101 871 262 940 6111166666,
280 871 492 943 subsequentem
508 873 649 943 Epistulae,
665 875 774 930 tertium
789 876 940 940 Tractatns,
956 885 1120 947 postremum
1136 877 1232 948 spuria
1251 884 1277 932 et
1291 877 1389 932 611666.

128 959 209 1015 11666
221 959 367 1016 editionem
382 962 523 1018 antevertit
537 961 648 1028 Veneta,
667 965 749 1034 cujus
764 965 884 1021 meminit
899 967 1016 1021 ioannes
1030 966 1156 1022 Gillotins
1170 965 1322 1035 Campanus
1338 964 1364 1018 in
1387 964 1545 1035 praelatione
1559 963 1593 1017 ad
1612 964 1758 1021 editionem

99 1047 291 1115 lbsellianam,
316 1049 387 1120 apud
419 1051 537 1107 Parisios
560 1067 632 1108 anno
660 1055 732 1108 1571
763 1063 949 1126 procuratam:
977 1055 1021 1110 nbi
1045 1056 1125 1110 etiam
1145 1053 1307 1110 mentionem
1331 1052 1416 1122 injicit
1442 1052 1637 1122 recognitionis
1655 1053 1731 1109 166166
1747 1071 1762 1110 6

99 1136 236 1210 theologis
254 1136 464 1210 Parisienaibus,
480 1140 527 1211 qni
550 1147 701 1210 postremas
723 1141 857 1198 editiones
872 1151 925 1198 mm
948 1158 998 1198 suo
1020 1143 1123 1212 privato
1136 1153 1246 1215 conatu,
1271 1160 1351 1215 qnam
1366 1160 1399 1199 611
1419 1143 1563 1200 6611611666
1576 1151 1700 1200 veterum
1714 1158 1763 1200 co·

100 1225 199 1286 616161,
214 1240 285 1294 qnos
300 1225 328 1280 16
354 1224 505 1283 Galliarum
528 1227 701 1284 bibliothecis
730 1245 875 1301 corrogare
896 1231 979 1294 licuit,
994 1235 1173 1287 restituerunt
1194 1249 1201 1286 :
1217 1230 1307 1303 utqui
1327 1240 1391 1304 6661
1406 1239 1453 1302 161,
1469 1239 1612 1303 tantosque
1626 1231 1708 1298 viros,
1728 1231 1765 1287 ait

103 1313 367 1389 illuminataque
392 1315 553 1388 instaurare,
575 1326 604 1373 et
622 1319 722 1374 sanatis
738 1321 834 1375 iterum
860 1319 961 1375 mederi
985 1326 1108 1386 tentaret,
1134 1318 1294 1389 labefacere,
1320 1321 1472 1392 malumque
1493 1319 1592 1376 inferre
1616 1321 1763 1377 rideretur.

103 1402 263 1474 Quanquam
284 1404 355 1460 idem
378 1402 506 1461 Gillotins
528 1405 632 1471 subdit,
656 1422 686 1462 se
699 1406 835 1478 adjecisse
856 1408 986 1476 quasdam
1012 1410 1196 1465 correctiones
1216 1424 1269 1464 non
1290 1408 1763 1480 6661166666,616166666166166

103 1491 291 1549 distinctiones
306 1493 423 1561 capitum
437 1496 464 1549 in
477 1495 559 1550 libros
574 1496 692 1568 quinque
706 1494 739 1550 de
754 1496 976 1553 consideratione
990 1497 1024 1551 ad
1039 1497 1198 1569 Eugenium,
1229 1505 1255 1553 et
1274 1497 1300 1551 in
1316 1497 1435 1553 libellum
1449 1497 1483 1551 de
1500 1498 1637 1568 Praecepto
1653 1507 1678 1553 et
1702 1499 1765 1553 Dis-

103 1581 274 1650 pensatione,
287 1597 360 1652 qnos
371 1582 504 1639 1166116116
517 1583 634 1655 Cnycius
651 1584 892 1658 Cutemburgensis
903 1586 936 1641 ad
948 1596 1049 1656 septem
1064 1587 1248 1656 manuscripta
1269 1587 1433 1656 exemplaria
1454 1594 1618 1641 correxerat.
1644 1587 1764 1659 Exponit

104 1669 332 1742 deindeoperam
346 1686 435 1739 snam,
452 1682 508 1729 tum
523 1673 550 1727 in
572 1676 747 1730 secernendis
766 1675 895 1731 Beruandi
906 1676 1034 1746 operibns
1048 1677 1144 1732 nativis
1160 1693 1175 1731 6
1189 1675 1298 1745 6661116,
1316 1682 1372 1728 tum
1386 1674 1414 1728 in
1438 1673 1536 1729 6611616
1559 1674 1592 1727 66
1609 1682 1710 1729 1661116
1734 1682 1763 1731 61

106 1760 280 1816 commodum
295 1761 418 1816 ordinem
436 1762 605 1835 redigendis:
622 1765 729 1819 tametsi
748 1765 819 1822 inter
833 1766 953 1837 genuina
967 1764 1095 1820 Gillotins
1113 1764 1205 1835 sunnin
1220 1762 1349 1819 nonnulla
1369 1761 1411 1817 661
1422 1762 1478 1832 jam
1491 1760 1565 1817 edita
1582 1763 1703 1835 reliquit,
1719 1764 1764 1820 661

107 1847 227 1904 166616
242 1848 425 1919 6616611666
441 1851 569 1906 Floribus
583 1866 616 1908 611
633 1853 663 1908 S.
679 1851 808 1908 bernardi
821 1852 950 1923 operibus
959 1853 1090 1908 collectis.

141 1937 245 1993 berum
258 1940 636 2006 661666166666,616611661
655 1956 728 1996 anno
745 1941 825 2008 1666,
850 1939 901 1994 6116
915 1939 997 1996 editio
1011 1940 1121 1995 Parisiis
1135 1939 1271 2010 proderint
1285 1939 1356 2011 apud
1381 1937 1553 1994 Guillelmnm
1581 1935 1721 1992 hierlinum
1737 1941 1764 1992 et

108 2026 298 2084 Sebastianum
311 2028 466 2096 Nivellium,
488 2029 627 2099 praemissa
641 2028 757 2101 epistola
777 2028 912 2084 brancisci
928 2027 1102 2096 Comestoris,
1118 2045 1179 2084 mox
1200 2028 1309 2094 laudati,
1326 2026 1360 2082 ad
1375 2026 1535 2098 episcopum
1558 2025 1763 2081 Genevensem:

106 2116 149 2170 cui
172 2116 286 2173 editioni
304 2116 410 2188 adiecta
430 2126 472 2175 est
492 2119 633 2191 16666611
657 2118 835 2192 berragiana,
856 2118 968 2174 basileae
982 2119 1055 2189 apud
1074 2118 1194 2174 haeredes
1215 2117 1326 2173 loannis
1347 2115 1472 2188 Hervagii
1491 2115 1608 2187 vulgata,
1628 2129 1710 2184 opera
1735 2127 1767 2169 nc

107 2204 203 2259 616616
215 2205 310 2262 Jacobi
329 2205 445 2262 Pamebi
467 2207 623 2280 brugensis,
646 2207 694 2278 qni
718 2206 845 2263 Bernardi
872 2221 970 2277 parvos
992 2208 1138 2263 Sermones
1162 2221 1274 2261 numero
1300 2204 1446 2271 sexdecim,
1470 2211 1528 2260 lum
1553 2204 1710 2259 Parabolam
1731 2202 1767 2257 66

109 2291 216 2349 Christo
231 2300 260 2351 et
272 2291 407 2362 Ecclesia,
432 2295 496 2350 item
521 2293 733 2367 soliloquiorum
757 2295 864 2360 librum,
888 2294 981 2351 atalia
1001 2295 1132 2351 nonnulla
1150 2295 1288 2350 bernardo
1310 2292 1453 2366 supposita
1476 2292 1590 2363 protulit
1612 2292 1641 2347 16
1665 2291 1765 2348 16666.

108 2380 750 2441 116666666616661166611116661166616666
768 2384 847 2439 aliam
860 2383 998 2439 bernardo
1022 2383 1216 2457 1666661666,
1234 2398 1250 2438 6
1272 2382 1416 2439 branciaco
1435 2382 1592 2438 Comestore
1615 2390 1766 2450 acceptam,

109 2469 223 2525 Lutetiae
236 2470 330 2528 itidem
344 2472 416 2544 apud
435 2472 557 2529 Garolam
572 2471 694 2529 Guillard
709 2471 790 2542 adjici
805 2471 919 2528 curauit.

140 2558 302 2615 1111661166
315 2561 440 2631 ejusdem
453 2561 548 2618 saeculi
562 2561 697 2616 editiones
708 2577 776 2630 pene
792 2559 960 2631 innumeram
979 2574 1008 2616 61
1022 2559 1112 2616 ruilus
1127 2560 1184 2616 iere
1195 2576 1281 2616 annus
1291 2559 1396 2625 abierit,
1412 2557 1458 2630 qui
1470 2572 1524 2611 non
1538 2557 1629 2629 aliqua
1638 2555 1767 2612 bernardi

110 2661 223 2717 opernm
238 2648 357 2706 editione
374 2649 455 2706 luerit
468 2650 592 2720 insignis.
608 2649 734 2706 Omnium
751 2649 950 2721 elegantissima
965 2648 1015 2705 init
1030 2650 1075 2705 illa
1089 2665 1150 2721 quae
1166 2665 1237 2706 anno
1252 2652 1321 2705 1666
1344 2649 1396 2703 sub
1412 2647 1535 2718 symbolo
1550 2645 1626 2701 66616
1640 2645 1710 2702 16616
1724 2653 1767 2701 661

109 2750 171 2790 6616
186 2735 302 2806 epistole
316 2737 511 2808 nuncupatoria
523 2738 637 2794 Joannis
650 2737 755 2794 Gillotii
764 2727 807 2793 ‘ad
822 2739 854 2794 ll.
872 2740 902 2797 Ρ.
919 2738 1073 2794 Gnidonem
1087 2737 1262 2795 Coronatium
1275 2739 1398 2793 abbatem
1414 2734 1611 2800 Vallis-clare,
1626 2733 1765 2804 ejusdem·

111 2839 164 2894 que
175 2824 333 2895 prefadoue
348 2827 380 2882 ad
396 2827 535 2884 lectorem.

144 2912 312 2982 Quinetiam
331 2914 427 2972 eodem
441 2916 541 2971 saeculo
556 2914 678 2988 plerique
692 2915 820 2971 bernardi
835 2915 980 2971 Sermones
994 2929 1055 2971 cum
1074 2913 1219 2987 Opusculis
1238 2915 1265 2970 in
1286 2913 1422 2971 Gallicum
1438 2913 1536 2970 idioma
1553 2909 1674 2967 translati
1690 2915 1764 2976 sunt,

109 3016 207 3074 nempe
220 3016 293 3057 anno
308 3006 388 3069 1616,
403 3019 453 3076 par
466 3005 614 3061 Hubertum
636 3005 780 3061 hescotnm
804 3004 963 3062 canonicum
982 3005 1144 3076 regularem,
1159 3004 1205 3058 666
1221 3006 1322 3077 absque
1347 3003 1493 3074 Epistolis3
1514 3017 1576 3074 quae
1590 3000 1618 3055 iu
1641 2997 1765 3056 versione

108 3088 174 3145 item
189 3089 293 3148 Gallica
305 3092 370 3147 anni
385 3095 454 3149 1612
470 3109 517 3164 661
533 3093 684 3165 Philippum
699 3096 734 3150 Le
748 3094 795 3150 Bel
815 3094 954 3151 doctorem
972 3094 1152 3150 Parisiensem
1167 3094 1279 3163 adjecta
1302 3101 1377 3159 sunt,
1393 3092 1475 3151 61161
1491 3091 1518 3146 16
1542 3088 1688 3147 6611661166
1702 3103 1766 3144 661·

111 3178 239 3235 6166611.
255 3179 434 3238 6666116116
449 3198 465 3237 a
478 3182 506 3238 S.
522 3183 650 3239 1161661116
665 3183 807 3240 Fuliensis.

145 3265 178 3324 t.
193 3267 255 3324 lam
278 3284 344 3327 vero
355 3271 429 3344 quod
448 3271 543 3328 attinet
557 3271 591 3326 ad
613 3273 705 3329 161166
724 3272 854 3329 editiones
879 3273 978 3329 saeculo
1003 3282 1094 3328 nostro
1109 3270 1204 3340 166166,
1219 3286 1314 3326 omnes
1340 3285 1499 3342 percensere
1522 3283 1567 3324 res
1589 3265 1672 3323 inerit
1694 3278 1765 3337 pene

109 3353 217 3421 6116116,
240 3373 293 3414 666
311 3359 424 3416 minime
444 3359 606 3418 necessaria.
630 3361 702 3416 Duas
725 3368 829 3417 tantum
854 3370 946 3416 notare
969 3357 1483 3432 16661166661161666611116666111
1507 3357 1632 3413 monachi
1659 3353 1765 3409 Cister-

108 3444 300 3515 6666166661
325 3448 536 3518 1661,61161616
559 3449 802 3519 16666161166161,
826 3450 983 3517 66611669,
1008 3467 1069 3506 cnm
1093 3450 1211 3507 6611661
1233 3449 1334 3521 aliquot
1353 3448 1528 3522 epistolarum
1550 3446 1717 3514 accessione,
1740 3450 1768 3498 61

109 3536 301 3605 666166161616
325 3538 519 3611 nuncupatoria
543 3538 687 3611 Tiraquelli
712 3538 792 3596 6611.
814 3540 843 3597 P.
867 3539 1042 3595 Edmnndum
1068 3539 1178 3595 aCrucn
1198 3539 1320 3595 abbatem
1343 3537 1566 3605 cisterciensem
1591 3545 1671 3607 atque
1686 3534 1766 3589 etiam

108 3639 171 3680 cnm
186 3624 344 3696 6616161661
359 3627 517 3693 praeiatione
529 3628 643 3687 Gillotii.
1035 3646 1048 3653 ·

143 3713 209 3770 llaec
221 3713 328 3772 Pinardi
343 3715 425 3772 editio
439 3717 534 3772 eodem
550 3731 620 3771 6666
635 3716 800 3790 antwerpia
815 3717 887 3787 apud
903 3717 1033 3773 16666616
1058 3716 1254 3790 lieerbergium
1271 3731 1365 3771 recusa
1380 3722 1431 3783 est,
1449 3723 1530 3786 atque
1545 3713 1608 3769 inde
1626 3710 1765 3768 multoties

109 3803 222 3871 repetita
236 3804 324 3860 donec
348 3803 456 3859 tandem
470 3803 575 3878 optima
601 3807 721 3860 omnium
741 3814 767 3862 et
791 3804 991 3862 accuratissima
1014 3805 1115 3877 prodiit
1143 3807 1299 3861 66661611
1326 3804 1419 3860 iacobi
1441 3802 1554 3861 hierloni
1577 3800 1692 3871 llorstii,
1716 3798 1767 3855 viri

108 3890 223 3960 piissimi
237 3908 269 3947 ac
280 3891 439 3956 doctissimi,
455 3895 589 3963 recensio,
606 3909 667 3966 qnae
681 3893 746 3948 alias
761 3910 856 3950 omnes
871 3894 1032 3959 obscuravit,
1049 3894 1199 3964 sepissima
1213 3894 1341 3963 deinceps
1355 3895 1387 3947 ad
1404 3893 1508 3960 prelum
1523 3903 1657 3948 16666616.

144 3979 192 4035 bl.
213 3979 285 4050 Quid
300 3981 335 4036 ab
349 3980 452 4036 erudito
467 3981 525 4037 6116
540 3982 568 4036 16
582 3982 634 4036 alla
647 3981 765 4037 66111666
780 3984 930 4053 6166111616
944 3981 988 4051 611,
1004 3981 1098 4053 666616
1118 3981 1263 4037 observare
1277 3978 1363 4054 juvat.
1386 3982 1519 4052 Principio
1536 3981 1624 4035 mirari
1640 3994 1670 4033 se
1690 3977 1765 4044 dicit,

107 4067 180 4140 quod
197 4083 259 4123 cnm
274 4068 346 4124 inter
361 4069 452 4125 omnia
466 4079 622 4126 sanctorum
637 4071 748 4126 Petrum
764 4086 856 4144 opera,
874 4071 964 4128 nnllns
985 4069 1153 4144 frequentius
1166 4078 1287 4127 versetur
1303 4069 1329 4122 in
1349 4069 1481 4134 manibus,
1508 4084 1589 4142 quam
1603 4065 1765 4132 Bernardns,

107 4173 179 4213 nnus
204 4165 292 4214 161666
317 4159 386 4215 adeo
409 4160 540 4215 hactenns
563 4160 703 4233 neglectus
725 4161 770 4228 sit,
792 4167 821 4216 ut
849 4160 1066 4233 frequentissime
1090 4160 1210 4233 qnidam,
1237 4174 1343 4230 semper
1363 4165 1451 4213 tamen
1473 4158 1555 4229 idem,
1577 4157 1630 4211 imo
1653 4155 1768 4212 subinde

105 4244 266 4317 deformior,
288 4248 494 4320 corruptiorque
513 4249 644 4321 prodiret,
671 4259 799 4322 tanquam
821 4250 865 4306 vel
881 4249 1020 4322 indignus,
1035 4250 1076 4306 vel
1094 4264 1148 4304 666
1168 4249 1294 4321 indigens
1316 4248 1463 4307 curatione.
1483 4247 1513 4301 ld
1527 4246 1556 4302 iu
1575 4262 1658 4303 cansa
1682 4244 1767 4302 inissa

105 4335 229 4407 6611666
243 4336 373 4393 61661666
397 4336 552 4394 adhibuerit
573 4338 846 4410 1666666111611616
869 4338 977 4411 quidem
998 4337 1086 4394 omnia
1110 4337 1237 4394 bernardi
1259 4353 1340 4409 opera
1360 4338 1386 4391 in
1405 4353 1451 4392 sex
1473 4344 1562 4391 tomos
1583 4334 1765 4400 distribuisse,

104 4433 135 4480 nt
148 4423 255 4494 primns
276 4424 416 4495 epistolas3
429 4428 565 4482 secundus
590 4443 732 4484 sermones
748 4427 781 4483 de
806 4427 939 4499 Tempora
962 4437 989 4482 61
1005 4428 1038 4482 66
1055 4427 1174 4497 8666116;
1197 4426 1294 4484 1611166
1308 4441 1446 4482 sermones
1460 4425 1486 4479 16
1497 4424 1625 4486 Cantica:
1653 4432 1765 4496 quartus

102 4520 234 4572 tractatus
256 4513 369 4587 varios,
391 4515 501 4588 quintus
520 4516 626 4588 aliena3
657 4526 751 4573 661166
784 4516 901 4588 denique
935 4517 1050 4573 duorum
1077 4516 1163 4571 saneti
1192 4515 1309 4572 doctoris
1350 4515 1566 4586 discipulorum,
1581 4512 1722 4570 Gilleberti
1738 4520 1765 4568 et

104 4603 252 4670 Guerrici,
277 4619 360 4676 opera
373 4607 634 4678 complecterentur,
661 4606 781 4663 adhibita
795 4622 843 4676 pro
859 4606 919 4662 loco
942 4605 1041 4662 trutina
1059 4621 1091 4663 66
1114 4621 1237 4662 6666616.
1264 4603 1364 4661 Deinde
1385 4620 1414 4660 66
1429 4606 1569 4661 Tractatus
1588 4601 1718 4672 incapite
1739 4608 1766 4658 et

105 4693 243 4749 66666666
265 4691 446 4763 distinxisse3
471 4703 527 4750 turn
551 4695 672 4767 epistolis
695 4695 857 4770 singulisne
876 4695 1034 4751 tractatibus
1058 4706 1217 4767 argumenta
1238 4711 1288 4752 sen
1302 4694 1448 4772 summaria
1472 4689 1685 4763 616111166616
1708 4689 1767 4744 haec

105 4798 161 4839 666
175 4783 333 4855 pepercisse
354 4777 503 4856 diligentie
520 4800 610 4857 nequa
632 4786 794 4856 sumptibus,
810 4784 955 4857 quominus
970 4784 1097 4841 canariis
1112 4785 1248 4839 66116166
1263 4785 1404 4862 regionum
1430 4779 1612 4841 blibliothecis
1626 4777 1768 4835 bernardi·

107 4888 169 4927 nam
184 4871 332 4928 editionem
346 4881 470 4946 augerem
486 4874 589 4929 tametsi
605 4875 699 4940 multa,
715 4891 800 4948 quasa
815 4872 953 4931 nonnullis
969 4873 1130 4938 1661666161,
1148 4881 1210 4944 puta
1224 4889 1240 4929 a
1253 4875 1413 4943 Possevino,
1427 4871 1552 4941 aliisquo,
1568 4868 1698 4940 consequi
1713 4883 1768 4924 non

108 4962 236 5032 potuerit.
253 4961 356 5017 Praeter
380 4961 604 5033 ea,prieambula
623 4964 763 5035 complura
785 4963 903 5034 adjecta3
927 4961 1016 5019 Vitam
1036 4962 1065 5018 S.
1081 4963 1507 5034 Β616616166616161111116,6661
1530 4959 1645 5015 61661616
1668 4957 1767 5030 'elogiis

105 5055 136 5106 ci
156 5049 333 5124 chronologia
356 5038 532 5121 praemissam.
557 5052 680 5125 Denique
702 5053 821 5123 adjectas
848 5053 1036 5108 adnotationes
1062 5051 1191 5121 prolixas,
1215 5062 1312 5125 praeter
1326 5053 1393 5107 alias
1417 5049 1555 5107 breviores
1579 5049 1693 5120 sparsim
1717 5063 1766 5118 per

106 5148 192 5196 161616
211 5154 283 5210 6666
301 5138 417 5196 16661166
439 5141 472 5195 61
497 5143 659 5215 marginem,
684 5158 743 5199 cum
770 5143 904 5198 indicibus
928 5141 1097 5198 uberioribus
1123 5143 1242 5199 locorum
1272 5142 1427 5213 Scripturas,
1453 5155 1545 5195 rernm
1567 5147 1594 5194 61
1617 5139 1763 5194 6611161616

106 5228 242 5285 Ceterum
264 5243 295 5284 se
311 5230 447 5286 conscium
458 5246 523 5287 -esse
545 5232 672 5289 immensi
694 5232 811 5297 laboris,
828 5248 881 5304 quo
907 5231 1052 5288 editionem
1065 5230 1175 5286 omnino
1198 5227 1422 5286 correctissimum
1446 5227 1562 5283 reddere
1580 5232 1693 5282 6666166
1717 5222 1764 5290 sit;

106 5318 159 5374 etsi
179 5318 415 5393 typographorum
434 5318 575 5392 diligentia
592 5322 663 5378 votis
682 5322 737 5377 6616
754 5337 806 5376 666
832 5323 909 5392 61666
924 5321 1103 5392 responderit.
1129 5318 1218 5375 Aliam
1240 5316 1350 5390 quidem
1374 5317 1535 5382 editionem,
1555 5324 1583 5371 61
1605 5314 1764 5381 6661161661,

104 5417 134 5464 61
156 5407 368 5477 accuratiorem,
394 5409 505 5480 parabat
532 5411 575 5466 vir
597 5411 710 5469 doctus:
738 5413 785 5468 666
813 5411 876 5468 hnic
905 5411 1046 5487 proposito
1073 5410 1234 5465 immortuus
1265 5415 1306 5463 est
1333 5405 1377 5463 die
1399 5407 1491 5479 aprilis
1518 5404 1663 5479 vigesima,
1696 5419 1767 5461 anno

108 5497 190 5558 1611.
