3728 5940
108 155 162 221 929
594 191 597 194 <
711 155 810 221 bittit
829 152 873 215 tlt
893 151 1027 217 ttllltts
1039 150 1173 219 matti.
1701 165 1758 247 pn

107 281 250 348 stolorum,
267 276 396 336 initiatrix
422 276 497 346 lidei,
513 278 602 352 gloria
632 278 724 351 populi
751 279 899 347 christiani,
959 277 1077 336 lentibus
1090 279 1148 337 sive
1162 278 1307 350 pecoribus
1320 288 1416 338 cautus
1429 283 1464 341 sit
1477 300 1526 357 pro
1546 296 1630 360 cspm
1643 291 1755 362 quidem

106 368 271 441 qasteos
288 381 425 437 sempera
438 367 572 439 principio
587 379 729 441 prepterea
749 384 844 440 passus
861 376 903 425 est
957 384 1052 425 eorum
1075 382 1226 440 proponere
1249 371 1432 427 mutummodo
1454 372 1547 430 lesum
1567 375 1715 447 Christum,
1727 389 1756 436 et

109 457 273 530 oppugnari,
294 464 323 513 ut
337 454 402 512 viris
419 452 536 513 fortibus
551 456 622 514 sieut
636 457 754 525 virtutis,
770 456 808 513 ita
831 457 905 513 iores
958 459 1030 513 bunc
1042 454 1209 514 crucifixum.
1226 456 1302 513 Unus
1315 465 1403 514 ιιιιιιιι
1417 458 1543 534 idemque
1555 465 1635 522 cibus
1647 482 1680 524 ex
1693 481 1753 525 ιω-

105 545 214 604 onnesio
227 553 255 602 ct
270 543 375 602 sdudu
403 543 494 612 Salve,
518 553 591 602 terra
612 546 813 615 promissionis,
842 559 903 617 quae
956 545 1067 602 leubus
1083 544 1191 615 pascuis
1204 545 1324 602 suaviter
1335 545 1445 619 quidem
1462 553 1490 604 et
1508 549 1687 609 mminatura
1705 571 1754 625 peu

107 634 172 691 alirn
187 633 329 690 duenslac
342 631 437 690 etmel
471 634 526 690 tuis
553 634 684 691 duntaxat
709 633 903 693 habitatoribus
956 647 1029 701 core,
1057 641 1085 689 et
1111 633 1285 690 manducatur
1303 634 1337 690 ab
1356 634 1481 703 homine;
1503 645 1530 694 et
1553 637 1612 695 tiro
1627 640 1708 709 vires,
1727 654 1754 698 et

104 737 177 780 nune
191 722 316 780 universo
338 720 400 777 orbi
424 721 543 779 remedia
566 723 674 793 seruus,
696 724 759 782 rite
782 723 900 795 porrigis
956 720 1068 794 parvulo
1083 719 1177 777 tribuit
1191 721 1394 779 nutrimentum.

104 809 353 879 stimantelerra,
383 809 505 882 inquam,
521 811 638 869 houset
660 811 848 884 optimeque
875 810 903 865 in
1232 862 1369 922 CAPUT
1401 866 1462 922 vu

103 896 294 955 fecundissimo
314 897 362 955 illo
389 897 448 954 eine
475 909 522 956 tuo
549 915 582 956 es
601 914 666 957 arca
684 899 790 971 paterni
808 898 900 956 cordis
1470 910 1476 923 ·

102 986 214 1043 caeleste
236 1001 350 1059 manum
383 986 545 1059 suscipiens,
584 994 673 1045 tantas
708 1003 742 1045 ex
778 1002 901 1058 superne
1252 981 1291 1039 lle
1308 979 1461 1037 Nazareth.

102 1075 203 1131 semine
214 1083 361 1145 martyrum
385 1082 493 1148 segetes
519 1076 666 1147 protulisti,
681 1084 708 1133 et
729 1075 903 1134 nihilomibns
993 1077 1038 1132 te.
1052 1073 1179 1132 Cernitur
1192 1085 1222 1132 ιι
1235 1077 1380 1148 Nazareth,
1398 1093 1459 1151 qum
1480 1078 1675 1151 interpretetur
1692 1083 1753 1153 μοι,

102 1177 135 1218 ιι
150 1163 388 1236 reliqnoemnium
401 1162 521 1220 fidelium
534 1180 636 1237 genere
661 1163 776 1222 fructum
807 1162 903 1219 lertilis
958 1165 984 1218 in
1008 1163 1108 1236 queis
1131 1163 1178 1237 qai
1201 1173 1281 1221 natus
1304 1165 1332 1219 in
1352 1165 1509 1223 Bethlehem
1530 1175 1601 1236 erat,
1623 1176 1755 1243 tanquam

103 1253 182 1322 gleba
208 1252 385 1321 tricesimum,
401 1259 429 1309 ιι
446 1253 654 1325 ιιιιιιιιιιιιιιι,
678 1261 706 1309 ιι
726 1252 902 1310 centesimum
956 1250 1061 1308 tructus
1076 1250 1104 1307 in
1118 1249 1187 1309 llere
1201 1250 1368 1322 coalescens,
1379 1255 1548 1312 nutritusest
1560 1256 1632 1314 Deus
1646 1257 1752 1316 lomes:

104 1354 184 1411 super
199 1355 307 1397 omnem
322 1350 421 1398 terram
440 1341 621 1412 multipliciter
636 1342 796 1412 procreasti.
826 1338 902 1396 llnde
956 1347 985 1393 ut
1008 1338 1085 1395 lloris
1108 1341 1178 1396 odor
1200 1338 1304 1397 tructus
1325 1355 1453 1414 saporem
1474 1343 1700 1414 praecurrente
1722 1346 1756 1404 de

101 1434 128 1482 ιι
141 1427 175 1484 de
184 1444 281 1499 magns
294 1428 466 1486 multitudiue
477 1428 630 1486 dulcedinis
644 1436 697 1486 ture
704 1427 903 1499 iucundissime
957 1427 1068 1484 naribus
1101 1428 1310 1501 Prophetarum,
1341 1430 1465 1486 introitus
1496 1447 1526 1487 se
1558 1431 1756 1504 Apostolorum

92 1515 196 1593 yssthti
210 1524 237 1572 et
263 1516 468 1587 opulentissime
483 1517 610 1591 aegiorui
637 1518 797 1575 memoriam
812 1517 901 1573 ιιιιιιι·
957 1513 1050 1587 liquor
1073 1522 1184 1572 sanctus
1206 1514 1380 1588 intenderet3
1400 1516 1559 1590 ludaeisqns
1574 1521 1756 1577 tenniodare

103 1604 530 1677 dantiaesuaritatistuaenbique
544 1605 722 1678 eructantqoi
736 1605 904 1663 evitarunt
918 1579 940 1657 Β
957 1602 1102 1671 contentis,
1118 1612 1199 1678 gustu
1217 1602 1307 1659 solido
1322 1601 1446 1661 reliceret
1461 1604 1639 1664 Christianos.
1655 1607 1754 1666 Sense-

102 1701 130 1747 at
143 1707 227 1765 usqua
248 1691 284 1747 ad
297 1702 447 1750 extremum
462 1703 539 1750 terrae
561 1693 786 1767 magnificentiam
808 1690 903 1767 gloriae
956 1698 999 1746 ret
1013 1699 1105 1748 tamen
1118 1692 1189 1749 brrne
1202 1690 1296 1749 dorem
1309 1692 1555 1766 Nathanael,quod
1568 1711 1650 1766 super
1664 1696 1756 1752 omnia

103 1788 155 1836 tuse
169 1777 316 1852 loquuntur
329 1781 370 1838 eis
394 1782 440 1853 qui
458 1789 486 1839 te
507 1797 563 1839 non
580 1782 716 1853 ridernnt;
732 1791 759 1838 ιι
777 1789 904 1839 enarrem
956 1785 1169 1838 aromatasnave
1179 1779 1324 1838 redoleret.
1336 1780 1564 1839 Undeetaiehat:
1578 1785 1600 1840 A
1615 1784 1757 1843 mauram

102 1868 237 1925 inhabilia
252 1884 313 1940 quae
331 1869 358 1924 in
378 1878 404 1926 te
417 1868 494 1928 dunt
518 1869 643 1928 Gloriosa
662 1871 735 1928 diets
749 1879 814 1928 snnt
827 1869 861 1926 de
877 1877 903 1926 te
954 1867 1166 1942 potestatiqaid
1176 1868 1571 1943 bmsiessctSednequsqusm
1580 1872 1756 1928 miscentes:-

107 1956 202 2014 ciuitss
218 1955 287 2013 Dei:
316 1958 367 2013 sed
388 1957 445 2027 iam
459 1958 544 2015 ernis
558 1959 656 2033 quibus
670 1958 758 2016 affluis
785 1956 899 2026 deliciis,
956 1964 1001 2013 tus
1016 1957 1162 2032 fragantia,
1171 1957 1385 2029 respondentem
1395 1957 1457 2024 sibi,
1472 1958 1538 2014 Veni
1547 1962 1575 2017 et
1589 1959 1754 2031 mnsam

102 2059 154 2100 nos
169 2059 277 2116 quoque
291 2046 731 2116 psueeproieremusinmediem,
747 2047 902 2106 ιιιιιιιιιιιι
956 2060 974 2111 r,
990 2047 1048 2114 to),
1064 2043 1222 2118 Philippum
1246 2052 1358 2102 secutus
1371 2053 1422 2103 est.
1437 2045 1495 2101 lmo
1509 2061 1575 2102 rero
1589 2047 1667 2104 mirae
1686 2047 1757 2104 illins

102 2143 130 2189 et
141 2133 255 2202 gloriam
271 2134 391 2192 nominis
404 2133 453 2192 tui.
954 2133 1096 2190 suavitatis
1110 2133 1255 2189 admodum
1271 2132 1446 2206 respersione
1460 2133 1620 2204 delectatus,
1640 2136 1755 2194 haustu·

361 2221 638 2282 eructabunt.
953 2236 1005 2294 que
1020 2220 1083 2276 boni
1106 2221 1200 2278 odoris
1224 2221 1311 2278 lactus
1328 2223 1436 2294 saporis
1458 2222 1576 2290 avidior,
1592 2223 1679 2281 odore
1697 2225 1756 2296 ipso

347 2314 386 2369 lte
395 2312 557 2372 Bethlehem
572 2314 657 2384 (133).
953 2308 1078 2376 duee,ad
1092 2308 1208 2366 tractum
1223 2325 1310 2381 usque
1320 2309 1379 2364 sine
1393 2325 1472 2367 mora
1480 2311 1627 2381 pervenire
1637 2313 1756 2380 curarit,

141 2403 183 2454 tr.
200 2399 362 2456 Haberente
375 2401 464 2459 omnis
479 2402 506 2457 in
520 2400 665 2458 relectione
675 2401 826 2458 animarum
840 2415 903 2457 sen·
953 2396 1065 2469 cupiens
1078 2397 1186 2468 plenius
1197 2397 1316 2469 experiri
1331 2399 1406 2469 qnod
1424 2398 1545 2454 tenuiter
1563 2410 1753 2470 presenserat,

102 2497 209 2544 aterum
232 2488 388 2544 Bethlehem
409 2489 520 2546 demum
544 2490 634 2562 panis,
657 2489 684 2545 in
699 2505 752 2561 qus
782 2488 901 2560 primunr
956 2501 1130 2557 praesensque
1153 2485 1301 2557 degustare
1316 2484 1390 2556 quod
1403 2484 1690 2545 odoraveratsbsens.
1705 2489 1755 2546 lli-

101 2576 187 2648 isqui
205 2576 239 2632 de
253 2577 322 2633 eoelo
335 2576 514 2634 descenderat
528 2576 575 2649 [nl.
600 2574 759 2648 descenditl,
773 2576 903 2647 ¹pariente
954 2572 1068 2628 deamus
1082 2572 1156 2630 etde
1180 2572 1280 2629 olfactu
1296 2574 1383 2641 Ιιιιι,
1401 2589 1434 2629 ne
1457 2572 1528 2631 terte
1551 2574 1664 2648 aliquid,
1681 2578 1756 2650 quod

103 2662 213 2737 Virgine
250 2665 328 2736 panis
356 2665 433 2721 riuus
472 2665 608 2737 appamit.
646 2665 812 2722 bloustratur
849 2663 903 2737 piis
957 2661 1139 2732 pertineetad
1155 2661 1215 2718 baec
1228 2661 1289 2734 ipss
1302 2677 1363 2734 quae
1376 2661 1546 2724 inmanibus
1558 2669 1630 2732 sunt,
1647 2671 1745 2736 portes

103 2750 345 2821 inidamjumentis
369 2751 540 2825 praesepium,
569 2759 596 2809 et
615 2752 643 2807 in
659 2752 794 2824 praesepio
809 2751 901 2807 lenum
956 2749 1036 2805 derit.
1053 2749 1235 2823 Loquiturde
1249 2749 1296 2808 illo
1311 2750 1454 2822 Scriptura
1468 2749 1508 2807 sic
1524 2770 1531 2805 :
1547 2752 1755 2827 Statimqmt

102 2841 136 2896 de
146 2847 223 2911 prato
237 2840 374 2914 virginali,
390 2855 444 2912 qno
456 2839 497 2898 uel
512 2841 552 2897 sic
565 2850 714 2914 cognoseat
728 2840 779 2896 bos
793 2855 902 2913 posses·
958 2841 1048 2896 tersit
1062 2841 1299 2898 vestimentorum
1313 2842 1374 2911 ejus
1396 2842 1591 2911 fragrantiam
1604 2841 1689 2914 (haud
1701 2842 1754 2900 dn·

103 2943 191 2983 sorem
212 2944 301 2996 suum,
318 2938 345 2983 et
360 2927 454 2985 asiam
469 2943 591 3000 praesepe
607 2928 714 2985 Domini
738 2927 790 2984 ani.
807 2927 904 2986 Omnis
918 2957 940 3035 c
957 2926 1033 2983 bium
1047 2927 1112 2999 quin
1125 2926 1231 2999 Jacob),
1248 2929 1327 2997 Ecce,
1342 2927 1439 3000 inquit,
1455 2928 1523 2986 odor
1535 2929 1592 2999 filii
1604 2931 1664 2988 mei
1679 2932 1753 2988 sicut

103 3016 204 3088 quippe
217 3031 280 3073 cern
302 3016 405 3083 lenum,
434 3023 463 3072 ct
488 3019 577 3074 omnis
592 3017 680 3090 gloria
704 3017 766 3087 ejus
794 3024 824 3073 ut
849 3015 900 3073 llos
955 3015 1093 3087 odorcqri
1104 3016 1255 3088 pleniorii
1269 3015 1753 3086 benedixitltomimasfflemxxvu,

103 3103 247 3176 leni(lsoi.
263 3119 307 3173 ss,
324 3105 362 3177 6).
379 3104 462 3162 Porro
482 3105 564 3162 homo
579 3105 643 3179 quis
669 3120 759 3173 suum,
787 3104 814 3160 in
845 3119 900 3177 qno
955 3103 1011 3172 27).
1027 3102 1186 3159 vestimenti
1201 3102 1376 3176 lrugmutiam
1392 3104 1485 3171 sensit,
1502 3104 1550 3160 sed
1567 3105 1656 3161 vestiri
1680 3121 1754 3177 pre·

104 3190 189 3249 treus
202 3199 253 3261 est,
279 3194 410 3250 honorem
425 3208 479 3251 non
508 3191 697 3266 intelligendo,
724 3200 902 3266 comparatus
954 3192 1068 3247 sentiam
1083 3207 1138 3247 non
1152 3190 1282 3263 morit:
1299 3191 1414 3264 soloque
1429 3191 1664 3265 uestis,tanqusm
1678 3193 1754 3250 ilaris

104 3287 145 3334 est
155 3281 286 3350 jumentis
300 3281 501 3352 insipientibus,
519 3289 545 3337 et
569 3282 666 3337 similis
691 3280 781 3339 iactus
794 3288 836 3338 est
849 3280 903 3337 illis
954 3278 1052 3346 odore,
1068 3279 1219 3336 forinsecus
1233 3275 1394 3347 delectatus,
1407 3279 1484 3352 qussi
1499 3278 1606 3339 hactus
1615 3279 1755 3339 interioris

105 3370 191 3434 (Paul.
208 3386 305 3437 ιιιιιι,
323 3372 380 3440 ι3);
394 3370 512 3427 Verbum
527 3370 604 3444 panis
617 3370 785 3443 Angelorum
799 3369 900 3427 lectum
954 3367 1125 3424 dnlcedinem
1139 3384 1195 3424 non
1212 3366 1343 3440 gustavit,
1357 3367 1421 3425 dnm
1436 3375 1463 3424 ιι
1475 3367 1555 3425 electi
1568 3366 1616 3424 lilii
1634 3368 1716 3426 simtd
1726 3377 1756 3428 et

104 3466 147 3512 est
160 3458 291 3526 pabutum
302 3459 498 3527 Jementorum,
530 3468 560 3515 ut
582 3459 681 3515 habeut
703 3461 794 3515 caruis
809 3459 901 3515 lenum
954 3456 1121 3514 sacramenti
1136 3456 1280 3513 fraudatus
1289 3455 1447 3529 cognitione
1457 3455 1670 3529 remansit.Quo
1681 3473 1756 3532 spes·

105 3545 177 3614 quod
193 3543 318 3612 ruminet,
341 3545 389 3615 qni
416 3547 490 3602 verbi
508 3561 578 3616 pane
605 3547 682 3602 vesci
711 3546 819 3616 penitus
845 3545 902 3600 dis·
955 3551 994 3599 tat
1008 3545 1085 3601 hoel
1099 3545 1293 3602 vestimentum
1317 3543 1439 3616 prolecto
1463 3544 1586 3617 spiritus,
1601 3546 1692 3604 littere
1714 3553 1757 3603 est

105 3630 193 3688 suerit
208 3648 216 3687 ε
233 3645 374 3703 quousque
389 3648 437 3702 per
466 3632 604 3689 homiuem
619 3633 706 3688 ὓιιιιιι
737 3633 821 3703 priori
836 3633 901 3690 red·
956 3639 984 3686 et
997 3645 1063 3686 caro
1076 3631 1285 3687 Verbi.Sedne
1301 3646 1373 3686 nnnc
1387 3632 1757 3705 quidemtudaensinesms

105 3718 177 3776 ditus
204 3717 336 3791 dignitati,
348 3728 374 3774 et
399 3735 432 3776 ιι
454 3733 554 3790 pecore
582 3734 678 3776 renus
701 3733 850 3775 conversus
876 3719 903 3774 in
957 3716 1087 3785 Verbum,
1104 3719 1130 3773 in
1144 3717 1253 3775 homine
1268 3717 1318 3773 seit
1331 3718 1478 3790 deitatcm3
1494 3734 1545 3776 nec
1563 3720 1613 3776 sub
1636 3722 1756 3793 mutina

58 3807 65 3817 ‘
105 3805 252 3874 hominem,
269 3822 331 3864 cum
342 3808 423 3863 Paulo
435 3806 526 3864 dicere
542 3806 637 3880 possit,
649 3807 711 3865 litei
724 3808 904 3878 cognovimus
957 3805 1055 3863 littera
1062 3820 1171 3861 sensum
1181 3805 1304 3879 pervidet
1314 3805 1633 3882 spirituatemzterisque
1641 3809 1755 3882 palpans

108 3895 252 3954 Christum
261 3896 417 3953 secundnm
427 3911 552 3963 carnem,
569 3896 616 3953 red
625 3895 770 3966 nuncjnm
783 3910 904 3953 menno·
959 3892 1029 3949 hoedi
1051 3891 1162 3965 pellem,
1184 3909 1246 3967 qeoe
1270 3892 1473 3950 similitudinem
1497 3896 1619 3966 majoris,
1640 3897 1693 3955 boc
1715 3909 1756 3956 est

105 3986 198 4042 nimus
214 3987 253 4058 (ll
263 3986 323 4042 Cor.
341 4002 366 4054 ι,
378 3987 434 4057 td).
450 3984 528 4054 Quod
538 3999 665 4041 ssuenon
679 3983 798 4040 arbitror
811 3999 905 4055 quem·
958 3980 1041 4052 primi
1052 3987 1079 4036 et
1088 3981 1192 4056 antiqui
1203 3982 1558 4055 peccatoriserpresacrat,
1569 3982 1651 4045 551
1664 3987 1757 4045 adnn-

107 4075 176 4148 piam
192 4076 283 4134 dicere
297 4090 377 4147 posse
391 4074 530 4143 veraciter,
545 4073 598 4130 nisi
612 4073 658 4146 qui
669 4072 745 4146 prins
754 4088 817 4129 cum
826 4073 905 4129 Petro
960 4070 1022 4126 dam
1036 4086 1092 4127 non
1102 4071 1227 4142 pervenit
1236 4068 1388 4128 veritatem.
1400 4070 1461 4127 lion
1474 4085 1541 4128 sene
1554 4070 1583 4129 in
1596 4087 1679 4130 earne
1692 4090 1756 4148 pea-

106 4182 140 4221 ex
152 4180 201 4221 ore
217 4164 345 4223 Veritatis
358 4165 425 4222 illud
439 4164 503 4220 item
517 4162 633 4220 audierit
649 4180 656 4218 ε
677 4160 762 4220 Verbo
775 4178 839 4236 qnoe
857 4174 905 4235 eqo
920 4130 943 4208 n
960 4159 1023 4230 ceti,
1035 4159 1085 4216 sed
1100 4159 1128 4214 in
1141 4159 1315 4215 similitudine
1328 4158 1422 4216 carnis
1431 4159 1544 4232 peccati,
1556 4160 1604 4235 qni
1617 4169 1756 4233 pennatum

109 4253 219 4311 locotus
228 4271 294 4311 acm
304 4254 386 4320 nobb,
397 4253 517 4327 spiritns
529 4257 559 4310 et
569 4253 632 4309 vtio
641 4256 726 4318 sont5
735 4266 800 4308 coro
810 4255 906 4309 notem
960 4264 1013 4304 non
1028 4247 1127 4317 lacere,
1138 4249 1188 4305 sed
1204 4248 1301 4305 tollere
1315 4249 1451 4317 veniebat,
1462 4249 1598 4321 apparuit,
1609 4265 1642 4307 ee
1655 4251 1757 4310 milieet

107 4358 164 4398 mort
176 4342 288 4414 prodest
311 4343 464 4416 quidquem
479 4343 572 4414 (loco.
586 4356 625 4408 ιι,
641 4339 697 4411 bb).
714 4338 844 4411 Aliequin
858 4339 906 4412 qui
959 4337 993 4392 dc
1003 4352 1086 4395 causa
1100 4352 1183 4410 quum
1197 4339 1256 4409 ipse
1266 4352 1321 4393 non
1336 4338 1430 4410 tacuit,
1439 4343 1474 4395 ot
1488 4341 1601 4414 quinon
1610 4341 1756 4399 vtdetttvi·

107 4431 133 4485 iu
155 4429 243 4486 uerbis
265 4431 365 4486 christi
388 4431 469 4487 uitam
485 4429 599 4496 inuenit,
628 4443 738 4485 carnem
767 4429 824 4498 jam
851 4442 907 4484 non
961 4427 1057 4492 dcent,
1074 4429 1102 4482 ct
1118 4426 1277 4501 quivident
1295 4428 1451 4498 concipient
1465 4427 1559 4500 (toan.
1574 4442 1612 4498 tx,
1629 4429 1685 4504 39).
1699 4427 1757 4487 ttae

108 4518 268 4591 requirit,‚et
281 4526 324 4574 ast
338 4518 371 4575 de
380 4533 492 4576 numero
503 4520 644 4575 beatorum
658 4517 705 4590 qui
716 4531 770 4573 non
781 4516 907 4573 riderent
961 4530 1029 4587 ergo
1038 4514 1214 4573 similitudine
1222 4515 1353 4587 deceptus
1364 4514 1511 4588 Propheta,
1522 4531 1612 4574 cecus
1621 4517 1758 4591 hodieque

108 4620 134 4665 et
146 4608 321 4665 erediderunt
335 4607 430 4679 (lenm
442 4624 487 4678 ιι,
503 4608 628 4680 sepher
641 4606 794 4684 enimepus
807 4605 906 4663 estrei
961 4620 1044 4675 quem
1058 4603 1144 4661 nescit
1156 4603 1300 4671 benedicit,
1315 4602 1382 4660 dum
1396 4620 1475 4676 quern
1497 4603 1597 4662 lectitat
1619 4604 1646 4660 in
1667 4605 1756 4675 libris,

109 4695 185 4754 lactis
199 4697 338 4768 poculum,
349 4695 401 4751 nisi
411 4696 543 4770 parru103
563 4696 606 4753 ιιι
623 4695 679 4752 leni
693 4695 835 4768 pabulum,
854 4692 907 4748 nisi
960 4693 1071 4766 ignorat
1083 4700 1109 4750 ιι
1122 4695 1148 4749 in
1163 4692 1302 4749 miraculis
1317 4712 1324 4746 ι
1340 4699 1368 4746 et
1387 4708 1467 4765 quem
1491 4693 1610 4764 propriis
1632 4700 1758 4751 attrectat

110 4784 201 4857 utique
212 4786 343 4856 jumento.
369 4783 421 4855 Qut
450 4794 539 4842 sutem
563 4799 617 4843 non
632 4783 746 4842 oll'endit
759 4782 786 4837 in
808 4781 904 4848 uerbo,
960 4782 1093 4848 manibus,
1110 4779 1229 4854 ligando,
1244 4780 1415 4855 flagellando,
1427 4780 1631 4851 colaphizando,
1646 4780 1758 4841 minime

110 4870 155 4926 ille
166 4873 301 4940 perlectus
315 4886 356 4933 est
366 4874 417 4942 ιιι,
424 4875 512 4932 solido
522 4873 601 4945 plene
615 4871 687 4928 vesci
696 4870 757 4928 cibo
772 4869 904 4926 idoneus:
960 4879 1051 4927 tamen
1064 4868 1107 4926 ιιι
1119 4876 1308 4940 resurgentem
1322 4866 1373 4940 [ei.
1385 4868 1564 4944 resurgendo]
1577 4867 1713 4943 intelligit.
1727 4866 1757 4926 Si

111 4968 148 5025 et,
164 4959 226 5016 licet
239 4963 266 5018 in
288 4964 386 5022 sudore
408 4962 498 5021 nultus
512 4962 565 5027 sni,
580 4975 675 5032 panem
690 4958 765 5017 verbi
779 4957 904 5026 comedit,
960 4956 1033 5013 enim
1046 4955 1247 5029 cognovissent,
1259 4969 1398 5028 nunquam
1419 4955 1562 5012 Dominum
1580 4956 1675 5028 glorie
1689 4972 1756 5016 eru-

111 5050 214 5119 sbsque
231 5050 391 5107 difensione.
406 5050 459 5108 Sed
473 5062 500 5108 et
527 5063 684 5106 securusae
697 5048 755 5104 sine
769 5046 904 5115 smndslo,
960 5044 1106 5101 citisissent
1134 5045 1159 5114 (l
1183 5045 1244 5102 dor.
1272 5058 1303 5112 ιι,
1332 5046 1372 5114 8).
1400 5043 1596 5104 Percurremus
1620 5046 1757 5106 succinam

112 5137 229 5210 loquitur
260 5138 309 5194 Dei
329 5139 488 5209 sapientiem
507 5138 635 5195 duntaxat
659 5138 729 5194 inter
758 5136 903 5210 perlectos,
961 5147 1089 5189 sermone
1108 5139 1136 5188 et
1157 5139 1257 5189 cetera
1274 5132 1336 5189 loce
1359 5140 1463 5202 senon,
1479 5140 1507 5190 et
1529 5134 1552 5190 si
1577 5149 1632 5192 nou
1655 5135 1755 5205 omnm,

112 5225 297 5297 spiritualibus
310 5225 457 5299 spiritualia
484 5240 652 5298 comparans,
667 5241 729 5284 cum
749 5233 839 5282 tamen
864 5224 905 5280 iu·
960 5223 1055 5280 saltem
1070 5220 1183 5294 aliqua:
1200 5218 1329 5295 quoniam
1353 5235 1415 5294 qune
1433 5218 1563 5279 admirari
1584 5238 1635 5297 per
1649 5223 1757 5298 singula

149 5430 228 5506 (ιιι)
247 5426 383 5500 Deinceps
398 5427 433 5483 ad
448 5427 531 5485 tinem
545 5427 689 5484 Tmetstua
703 5444 736 5485 ιι
750 5426 818 5486 loeis
833 5427 918 5486 meris
931 5425 1062 5500 mpstieos
1076 5423 1147 5482 eruit
1160 5438 1270 5482 senem.
1360 5432 1363 5439 ’
