3728 5940
89 169 129 230 33
730 163 901 228 emano
924 162 1119 228 Giilflfhhfrfs·
1716 171 1753 241 31
1782 210 1791 219 -

70 310 150 366 quo
168 289 392 350 sanctitmniales
407 290 460 348 snb
476 289 619 365 Guiburge
641 291 769 360 abatissa,
799 291 963 366 «depositis
981 290 1108 351 omnibns
1129 289 1209 348 lineis
1232 288 1395 347 indumentis
1417 300 1499 362 atque
1524 291 1647 363 pelliciis,
1676 295 1755 387 mlta,

89 381 188 440 tunicis
202 381 288 437 laneis
314 382 477 451 utebantur,
493 388 520 436 et
538 395 591 437 non
605 384 692 439 solum
713 382 803 442 nendo
816 383 860 442 vel
884 383 1012 450 arendo,
1038 381 1087 436 sed
1102 379 1224 437 etiamid
1239 377 1313 450 agris
1339 377 1477 446 fodiendo,
1502 389 1528 438 et
1541 397 1602 438 cum
1615 385 1703 440 securi
1725 396 1755 446 st

89 474 183 546 ligone
196 471 295 526 silvam
308 473 441 526 succisam
463 473 649 541 exstIrpandm
675 473 767 543 spinas
782 483 809 529 et
823 489 920 542 vepres
941 471 1095 537 evellendo,
1113 471 1236 525 manibus
1253 468 1370 540 propriis
1383 470 1493 526 assidue
1513 471 1677 542 laborantes,
1691 491 1754 532 cum

89 563 201 617 silentio
221 560 323 616 victum
337 560 387 614 sibi
411 561 578 631 quaerebant,
594 562 732 633 vitamque
752 561 1022 618 Clarae-VallensIum
1040 561 1235 616 monachorum
1250 558 1400 630 peremnia
1415 560 1596 617 imitabantur.
1618 585 1631 612 s

128 648 259 706 XXXVI.
276 650 394 719 Longius
409 649 618 721 progrederetur
633 650 730 717 oratio,
748 652 770 707 si
790 659 924 723 quotquot
937 653 1089 706 Bernartius
1102 650 1136 702 ad
1153 643 1423 703 morrastieamvitam
1439 651 1580 718 pertraxit,
1596 651 1756 710 illustriores
1775 704 1780 713 .

91 742 234 811 utriusque
244 753 328 794 sexus
339 737 470 803 homiues,
483 753 552 807 quos
561 739 664 795 scilicet
673 739 809 808 novimus,
821 739 849 794 in
859 738 981 795 medium
1012 737 1224 793 adduceremus:
1235 737 1330 807 quales
1344 734 1420 792 fuere
1429 735 1572 807 ilenricus,
1581 740 1713 797 Ludovici
1723 741 1760 800 v1

91 830 261 885 Francorum
283 826 354 900 regis
377 826 460 890 lilius,
484 826 677 901 hirmengardis
698 828 842 884 Britannia
865 830 982 894 ducissa,
1008 826 1118 883 hdelais
1144 823 1331 895 lotharingia,
1355 824 1446 896 etalii,
1462 825 1574 897 aliaque
1593 829 1754 888 innumerae.

91 920 195 974 Verum
208 915 274 971 illud
290 915 369 986 paulo
385 904 475 970 minus
494 916 699 985 praedicandum
712 925 740 973 et
765 918 928 983 mirandum,
944 917 1015 989 quod
1039 914 1194 972 bominibus
1217 914 1245 969 in
1263 915 1364 969 saeeulo
1378 914 1582 971 remanentibus
1607 917 1756 988 piissimam

93 1015 122 1063 et
135 1004 313 1061 rectissimam
322 1003 431 1061 vivendi
446 1006 579 1061 rationem
603 1007 747 1077 persuasit.
766 1026 780 1057 r
800 1006 923 1062 Adhaesit
942 1005 967 1060 ei
983 1021 1039 1077 prae
1057 1003 1184 1061 omnihus
1202 1002 1312 1075 quidem
1329 1003 1545 1074 exprincipibus
1566 1021 1657 1061 comes
1671 1008 1757 1065 Theo·

92 1095 209 1162 baldus,
222 1103 248 1151 et
261 1109 303 1160 se,
318 1100 346 1148 et
356 1109 406 1149 sua
419 1094 448 1150 in
462 1094 584 1151 subsidia
599 1093 782 1151 Clarae-Vallis
793 1095 928 1167 exposuit,
944 1103 972 1150 ct
986 1093 1014 1148 in
1028 1093 1153 1150 manibus
1166 1091 1270 1148 abbatis
1284 1091 1376 1162 posuit
1397 1091 1512 1148 animam
1532 1109 1619 1162 suam,
1635 1094 1756 1166 deposita

93 1181 237 1238 altitudine
252 1181 403 1253 principali,
419 1197 449 1236 se
463 1181 532 1238 iuter
552 1196 646 1238 servos
668 1182 717 1237 Dei
731 1198 894 1239 conservum
907 1182 1049 1248 exhibens,
1075 1196 1129 1236 non
1151 1179 1302 1248 domiuum,
1328 1189 1357 1236 ut
1377 1180 1499 1236 obediret
1510 1182 1544 1237 ad
1567 1184 1667 1255 omnia,
1681 1202 1757 1258 quae·

93 1287 202 1342 cunque
214 1271 317 1327 domne
326 1269 400 1326 illitis
413 1270 498 1327 intimi
513 1272 694 1341 postulassent
707 1271 777 1344 (32).
796 1294 807 1324 ι
833 1271 905 1341 Quid
921 1279 1012 1326 tantvm
1032 1270 1168 1341 priuceps,
1183 1275 1309 1325 monente
1332 1277 1358 1324 et
1372 1270 1497 1325 hortante
1514 1271 1661 1340 bernardo,
1684 1289 1757 1344 pras·

95 1359 207 1426 stiterit,
224 1368 280 1414 tum
295 1359 323 1414 in
337 1359 536 1428 construendis,
559 1360 683 1416 dotandis
696 1361 878 1433 juvandisque
898 1360 1079 1428 monasterds,
1095 1357 1191 1414 tamin
1207 1358 1301 1430 egenis
1319 1359 1503 1428 sublevandis,
1525 1370 1581 1417 tum
1595 1360 1711 1434 denique
1730 1363 1758 1420 in

95 1450 250 1506 exercendo
264 1448 362 1519 optimi
390 1449 522 1521 principis
545 1448 646 1517 officio,
663 1449 738 1506 testis
758 1458 799 1507 est
818 1451 955 1507 Ernaldus
976 1448 1071 1516 abhas,
1097 1464 1130 1505 ex
1144 1462 1198 1520 quo
1221 1448 1362 1520 premissa
1385 1449 1543 1506 retulimus:
1574 1460 1656 1507 testes
1678 1454 1759 1510 ctiam

94 1538 229 1595 lternardi
242 1537 363 1611 epistolae
377 1537 411 1594 de
424 1539 532 1594 eodem.
560 1539 707 1596 Theohaldi
731 1541 807 1611 pium
822 1540 943 1597 studium
963 1542 1139 1596 aemulabatur
1160 1537 1260 1595 nobilis
1274 1549 1301 1594 et
1324 1539 1439 1595 illustris
1464 1539 1564 1597 femina
1586 1542 1706 1614 beatrix,
1730 1552 1760 1600 ut

96 1629 233 1684 discimus
245 1643 278 1683 ex
292 1626 407 1697 epistola
425 1628 573 1684 centesima
586 1630 691 1685 decima
709 1640 811 1686 octava.
833 1631 968 1701 Denique,
983 1638 1113 1701 quantum
1126 1629 1255 1684 bernardi
1280 1628 1423 1685 auctoritas
1436 1631 1464 1684 in
1477 1630 1647 1701 corrigendis
1669 1632 1761 1689 homi·

95 1732 166 1772 num
183 1718 306 1772 moribus
318 1716 442 1787 valuerit,
459 1717 582 1789 exemplo
597 1729 639 1775 est
652 1720 795 1776 conversio
813 1718 949 1775 Guillelmi
966 1717 1117 1791 Aquitania
1131 1718 1218 1788 ducis,
1243 1733 1323 1788 quem
1337 1733 1370 1772 ex
1386 1718 1601 1786 pertinacissimo
1624 1721 1760 1777 schIsma·

96 1805 152 1860 tico
175 1804 450 1877 obsequentissImum
469 1813 495 1861 et
520 1806 673 1877 piissirnum
701 1808 848 1879 priucipem
880 1806 970 1863 olfecit
988 1807 1056 1877 (33).
1086 1806 1122 1861 Ut
1144 1805 1238 1876 paucis
1257 1822 1320 1862 cum
1344 1805 1474 1862 Ganfrido
1489 1808 1647 1865 absolvam:
1667 1809 1759 1880 «Quae

97 1896 203 1951 scelera
226 1910 280 1951 nou
294 1895 403 1970 arguit?
417 1911 477 1967 quae
499 1896 560 1952 odia
575 1912 628 1953 non
643 1896 789 1953 exstinxit?
803 1913 863 1968 quae
885 1897 1012 1953 scandala
1027 1909 1080 1950 uon
1094 1894 1279 1965 compescuit?
1291 1911 1353 1967 qum
1368 1895 1514 1951 schismata
1529 1911 1582 1952 non
1598 1897 1760 1954 resarcivit?

99 2000 168 2054 quas
181 1986 301 2040 haereses
315 1999 368 2041 non
384 1982 533 2041 confutavit
547 1985 627 2056 (31)2
644 2005 657 2037 a
675 1985 774 2042 Verum
790 1987 848 2041 haec
861 1987 915 2042 duo
930 1996 1080 2056 postrema,
1095 1999 1192 2055 nempe
1205 1999 1266 2056 quae
1281 1984 1315 2038 ad
1334 1984 1479 2041 schismata
1497 1996 1524 2042 et
1539 1988 1655 2044 hareses
1673 1986 1761 2058 perti·

99 2081 177 2139 nent,
193 2073 356 2143 peculiarem
369 2072 480 2147 erigunt
495 2075 695 2131 tractationem.

392 2230 404 2307 I
422 2233 468 2291 tv.
487 2263 524 2276 -
538 2236 575 2290 lte
587 2235 741 2291 schismate
755 2235 887 2292 rnechte
896 2249 948 2307 per
961 2239 1092 2292 sanctam
1111 2232 1288 2291 hemardum
1306 2250 1472 2306 compresse.

135 2390 283 2450 XXXVII.
297 2392 353 2447 Etsi
364 2391 508 2462 baronius,
523 2393 623 2466 aliique
638 2394 784 2466 scriptores
803 2392 990 2460 ecelesiastici,
1007 2393 1041 2449 de
1057 2392 1195 2455 shismate,
1211 2401 1272 2463 post
1295 2392 1408 2449 licuerit
1421 2394 1442 2447 ll
1456 2393 1570 2460 obitum,
1594 2409 1665 2451 anno
1680 2397 1761 2464 ttae,

102 2480 294 2537 Innocentium
317 2479 387 2537 iuter
410 2492 438 2538 et
460 2481 620 2538 hnacletum
650 2482 776 2548 conflato,
802 2485 885 2538 multa
910 2483 1058 2553 seripsere;
1074 2482 1302 2538 nonnullatamen
1320 2481 1445 2552 ampliori
1469 2482 1648 2552 explicatione
1670 2492 1761 2569 egent,

100 2586 164 2642 quae
177 2585 211 2626 ex
225 2579 349 2626 veterum
364 2578 613 2639 monumentorum,
639 2572 753 2628 lectione
767 2573 895 2643 supplere
909 2571 1079 2640 conabimur,
1105 2571 1138 2627 ad
1156 2570 1324 2626 illustrandas
1339 2570 1469 2626 bernardi
1484 2574 1535 2627 boc
1555 2573 1588 2627 dc
1602 2583 1763 2646 argumento

101 2659 247 2732 epistolas;
263 2669 351 2733 atque,
369 2669 399 2716 ut
414 2659 508 2716 ordine
522 2660 650 2731 procedat
663 2661 762 2727 oratio,
779 2663 867 2733 primo
882 2660 992 2732 quidem
1007 2660 1209 2732 inquirendum,
1224 2660 1319 2732 quales
1331 2659 1482 2731 Gregorius
1496 2661 1530 2717 de
1544 2661 1642 2717 Sancto
1657 2662 1763 2737 angele

101 2747 261 2814 cardinalis,
277 2757 304 2804 et
317 2747 412 2804 Petrus
426 2748 524 2804 leonis
546 2750 619 2819 (nam
635 2751 693 2806 haec
715 2748 866 2806 Innocentii
889 2758 917 2805 et
932 2748 1052 2806 hnacleti
1073 2749 1159 2820 prima
1183 2751 1291 2803 nomina
1315 2752 1404 2823 erant)
1426 2761 1488 2805 antc
1513 2751 1631 2805 schisma
1652 2750 1763 2808 fuerint.

104 2837 211 2892 Deinde
224 2836 337 2907 propius
350 2836 546 2894 consideranda
560 2837 709 2895 innocentii
722 2838 827 2905 electio,
844 2840 956 2909 ejusque
970 2839 1119 2895 accidentia
1134 2849 1160 2894 et
1182 2837 1364 2907 conditiones,
1380 2848 1460 2910 atque
1474 2840 1595 2897 anacleti
1616 2838 1763 2911 oppositio.

104 2926 246 2981 Postremo
261 2924 327 2996 quid
343 2925 440 2981 eriude
455 2937 630 2984 consecutum
646 2927 691 2992 sit,
711 2926 941 3003 investigandum.

137 3013 293 3069 XXXVIII.
311 3014 404 3070 Petrus
423 3015 533 3086 Leonis,
548 3032 581 3072 ex
595 3025 677 3091 gente
699 3017 818 3074 leonina
832 3017 979 3084 hnmanae,
1000 3033 1033 3072 es
1058 3018 1190 3074 monacho
1216 3015 1381 3072 cluniacensi
1406 3025 1513 3072 creatus
1527 3026 1569 3073 est
1592 3017 1706 3088 prImnm
1727 3017 1764 3090 (st

100 3101 244 3170 Onuphrio
257 3103 404 3172 credimus)
417 3119 433 3159 a
448 3104 570 3162 Paschali
586 3107 620 3175 ll,
635 3107 763 3162 diaconus
778 3106 922 3162 cardinalis
943 3107 982 3162 tit.
999 3117 1152 3162 sauctorum
1172 3107 1277 3162 Cosmae
1290 3115 1317 3161 et
1335 3105 1458 3161 Damiani
1472 3126 1478 3160 :
1494 3106 1555 3161 dein
1572 3122 1588 3162 a
1606 3107 1715 3162 Callisto
1728 3106 1762 3175 ll,

100 3191 247 3263 presbyter
265 3191 412 3247 cardinalis
430 3194 535 3249 Sanctae
550 3195 639 3250 hieriae
668 3203 741 3250 trans
762 3195 892 3260 Tiberim,
917 3194 959 3249 tit.
975 3194 1089 3266 callisti,
1117 3209 1187 3250 anno
1214 3196 1293 3251 11211.
1322 3216 1333 3243 r
1356 3194 1417 3249 Fuit
1441 3194 1485 3249 hle
1507 3196 1612 3265 Petrus,
1635 3216 1646 3247 s
1668 3195 1708 3250 uti
1730 3210 1765 3251 ex

100 3280 241 3335 Chronico
254 3280 459 3337 liaminiaeensi
474 3283 611 3353 discimus,
629 3303 642 3334 a
664 3283 736 3339 Petri
748 3283 828 3353 hlirrs,
844 3283 892 3339 filii
905 3283 1012 3339 LeouIs.
1028 3282 1086 3339 Leo
1104 3299 1167 3342 vero
1180 3299 1195 3338 a
1208 3283 1348 3339 Iudaismo
1361 3285 1469 3354 paseha,
1484 3304 1496 3334 a
1511 3284 1536 3337 ivl
1552 3292 1593 3339 est
1606 3285 1759 3352 transitum,

103 3386 117 3419 r
140 3367 246 3423 faciens
260 3369 293 3422 ad
313 3369 460 3442 Christum,
489 3371 616 3428 abeona
640 3372 781 3444 baptizari,
805 3380 832 3427 et
855 3373 915 3442 ejus
937 3373 1047 3428 nornine
1071 3374 1169 3427 meruit
1193 3371 1328 3444 insigniri.
1352 3375 1499 3428 »Leonem
1514 3373 1552 3427 IX
1572 3373 1758 3444 interpretare.

103 3477 116 3510 r
139 3457 190 3513 llic
204 3457 255 3522 vir,
278 3478 290 3508 a
308 3459 411 3515 scilicet
425 3461 478 3516 Leo
493 3476 525 3516 cx
539 3460 649 3526 Indaeis,
674 3483 686 3514 r
706 3462 770 3533 quia
785 3461 983 3518 scientissimus
997 3469 1063 3534 erat,
1080 3461 1106 3516 in
1121 3461 1198 3518 curia
1217 3462 1338 3517 Ronraua
1358 3460 1516 3535 magnificus
1530 3462 1656 3529 effectos,
1671 3461 1765 3537 genuit

99 3546 189 3601 tilium
204 3546 313 3603 nomine
329 3548 447 3614 Petrum,
465 3564 570 3621 magnae
586 3549 675 3615 famae,
692 3565 854 3622 magumque
868 3550 995 3622 potentiae
1009 3558 1071 3621 post
1086 3549 1218 3606 futurum.
1234 3551 1273 3606 Ea
1288 3558 1450 3622 tempestate
1465 3550 1536 3606 inter
1552 3567 1644 3624 regom
1663 3552 1764 3607 Teuto-

102 3636 240 3704 nicornm,
256 3635 353 3707 quiex
371 3637 543 3693 successione
556 3639 643 3693 Caroli
666 3641 753 3711 Ilagni
778 3639 962 3695 Romanorum
987 3638 1114 3711 patrimus
1128 3648 1195 3710 erat,
1211 3647 1238 3694 et
1255 3639 1399 3696 Ecclesiam
1425 3640 1576 3696 Romanam
1600 3638 1646 3696 illa
1669 3638 1764 3696 turhu·

101 3724 254 3778 tenrtsslma
269 3726 302 3780 de
325 3724 489 3782 investituris
504 3735 564 3781 orta
586 3736 628 3782 est
646 3728 750 3782 seditio.
765 3729 795 3782 In
810 3744 863 3800 qua
882 3727 924 3784 vir
938 3727 982 3782 ille
996 3728 1023 3782 in
1050 3736 1151 3783 motum
1175 3728 1259 3783 armis
1278 3739 1415 3799 strenuus,
1440 3728 1552 3785 consitio
1576 3728 1714 3799 providus,
1740 3737 1767 3784 et

101 3812 232 3868 Ecclesiae
253 3813 382 3869 Romanae
407 3814 491 3870 fedelis
514 3815 627 3886 assitit,
644 3825 673 3870 ut
688 3816 713 3870 ei
731 3832 794 3872 cam
808 3818 912 3871 caeteris
937 3815 1141 3881 munitionibus,
1168 3833 1231 3889 qnae
1253 3817 1347 3872 llomae
1369 3825 1444 3883 sunt,
1460 3817 1534 3872 illam
1559 3834 1677 3890 qnoque,
1702 3833 1764 3891 quae

102 3902 179 3957 illius
194 3903 270 3956 urbis
284 3901 389 3959 videtur
403 3905 525 3960 obtinere
540 3904 751 3969 similitudmem,
776 3905 870 3959 turrim
886 3903 947 3960 dico
961 3904 1118 3969 Crescentii,
1134 3921 1193 3974 quar
1213 3915 1315 3975 aparte
1330 3905 1479 3960 Galliarum
1494 3907 1521 3962 in
1546 3920 1621 3979 parte
1645 3905 1768 3964 Tiberini

102 3991 197 4063 pontis
212 3991 263 4045 sita
277 3998 328 4055 est,
345 4006 415 4063 papa
429 3994 619 4058 committeret,
636 4004 738 4048 etcum
754 4009 809 4064 prae
824 3992 929 4049 caeteris
944 3991 1104 4048 familiarem
1119 3993 1241 4047 haberet.
1258 3994 1315 4048 llac
1330 3996 1473 4049 occasione
1489 3995 1645 4050 mirabiliter
1659 4011 1767 4052 excres-

103 4096 179 4146 cens,
194 4079 316 4151 quotidir.
331 4079 373 4134 sui
390 4080 484 4137 melior
497 4081 675 4146 efficiebatur,
691 4090 718 4137 et
737 4082 845 4148 divitiis,
863 4081 1089 4152 possessionibus,
1105 4080 1254 4136 honoribus
1273 4081 1507 4154 augmentabatur.
1530 4102 1543 4133 a
1564 4082 1628 4136 llaec
1648 4082 1768 4153 praemit·

105 4171 189 4224 tenda
205 4169 324 4238 fuerunt,
339 4171 467 4240 quoniam
482 4186 515 4225 ex
535 4172 606 4226 Petri
620 4189 729 4243 genere,
746 4172 895 4237 Iudaismo,
914 4171 1040 4238 potentia,
1065 4182 1138 4227 turre
1162 4170 1310 4226 Crescentii
1333 4175 1430 4240 (arcem
1454 4161 1543 4227 Sancti
1558 4170 1656 4243 hugeli
1676 4169 1769 4243 appel·

107 4259 178 4327 lant}
193 4273 246 4327 qua
260 4259 408 4314 anacletus
427 4274 456 4314 se
470 4261 614 4325 tutabatur,
632 4263 727 4327 pendet
751 4262 787 4315 rei
810 4272 893 4333 gestae
913 4259 1018 4316 notitia.
1044 4260 1135 4332 Pergit
1158 4260 1381 4332 chronographus
1405 4259 1643 4317 hlauriniacensis:
1663 4281 1675 4314 r
1695 4260 1769 4316 Inter

105 4352 235 4400 eaeteram
250 4347 381 4416 sobolem,
398 4348 476 4418 cujus
490 4347 608 4419 plurima·
622 4349 792 4404 multitudine
807 4364 887 4404 sexus
900 4348 1055 4420 ustriusque
1075 4349 1266 4420 aquibusdam
1282 4348 1465 4405 Antichristus
1483 4350 1660 4421 gloriabatur,
1675 4349 1769 4438 genuit

106 4436 181 4489 hunc
199 4435 318 4500 Petrum,
335 4436 369 4491 de
382 4451 437 4507 quo
461 4453 549 4492 sermo
571 4452 642 4492 nunc
656 4445 715 4492 est:
741 4438 785 4509 qni
812 4437 907 4492 litterIs
931 4437 1084 4507 traditus,a
1107 4436 1268 4510 quibusdam
1289 4438 1445 4495 Antichristi
1471 4439 1655 4511 praeambulus
1677 4438 1770 4511 appel·

107 4524 225 4590 labatur.
244 4545 257 4573 ι
277 4525 335 4581 linc
347 4525 500 4581 convicium
524 4541 558 4582 ex
580 4527 805 4597 consequentibus
829 4542 878 4582 seu
891 4540 923 4582 ex
943 4536 1041 4582 eventu
1057 4525 1083 4580 ai
1101 4525 1258 4597 Impositum
1278 4527 1440 4584 existimem.
1469 4549 1480 4578 a
1502 4529 1556 4583 Iste
1579 4528 1658 4583 studii
1682 4527 1769 4602 gratia

105 4612 211 4668 Gallias
225 4619 304 4686 atque
326 4614 444 4671 Parisius
465 4613 550 4671 adiit:
571 4624 674 4671 etcum
700 4615 868 4688 repatriaret,
884 4614 955 4687 apud
980 4614 1145 4679 cluniacum.
1170 4614 1333 4671 ditissImum
1347 4625 1427 4688 atque
1451 4618 1649 4673 sanctissimum
1674 4629 1771 4672 coeno·

107 4699 186 4757 bium
210 4702 390 4758 monachilem
413 4702 536 4759 habiturn
563 4704 660 4760 induit.
685 4704 886 4778 aliquantisper
909 4703 975 4759 inibi
1000 4703 1170 4778 regularibus
1191 4703 1407 4760 iustituti0nihus
1427 4704 1589 4778 imbutus‚a
1612 4719 1681 4776 papa
1707 4703 1771 4760 Pas·

107 4789 182 4844 ebali
200 4789 224 4844 ll
238 4790 322 4860 patris
336 4791 519 4848 admonitione
538 4792 680 4848 retrahitur
703 4793 736 4847 ad
759 4794 876 4860 curiam
890 4800 917 4848 et
940 4791 1084 4847 cardinalis
1099 4791 1211 4849 effectus
1234 4800 1353 4864 tempore
1377 4794 1478 4849 Callisti
1494 4808 1580 4864 papae,
1600 4808 1661 4848 eum
1675 4783 1771 4850 ecdem

108 4877 256 4952 Gregorio,
271 4879 317 4950 qui
333 4889 426 4951 postea
449 4881 620 4937 Innocentius
631 4881 665 4949 ll,
683 4884 780 4937 missus
794 4883 827 4937 ad
848 4881 959 4952 Gallias,
976 4882 1096 4947 Carnoti,
1120 4881 1281 4954 Belvaciquc
1295 4880 1407 4938 concilia
1422 4881 1576 4937 celebravit.
1592 4900 1605 4934 a
1631 4883 1713 4938 Nulla
1727 4882 1771 4939 hic

111 4968 213 5022 mentio
230 4968 264 5022 de
280 4969 357 5025 titulo
377 4969 484 5025 diaconi
507 4969 658 5037 cardinalis,
685 4987 765 5043 quem
787 4971 894 5027 titulum
920 4971 997 5026 Petro
1018 4970 1115 5026 Leonis
1141 4986 1156 5024 a
1180 4971 1307 5026 Paschale
1328 4985 1485 5028 eoncessum
1509 4968 1591 5027 fuisse
1613 4969 1772 5043 Ouuphrius

109 5056 212 5113 tradit:
228 5071 280 5127 qua
292 5057 321 5112 in
336 5074 364 5113 re
379 5061 468 5128 potior
482 5069 523 5114 est
536 5061 682 5115 auctoritas
694 5059 897 5133 chronographi
911 5059 1140 5124 Mauriuiacensis,
1152 5062 1212 5131 ejus
1230 5061 1357 5131 temporis
1370 5056 1490 5131 aequahs.

148 5145 283 5203 XXXIX.
297 5145 448 5219 Gregorius
462 5148 592 5205 diaconus
606 5149 749 5205 cardinalis
764 5148 804 5203 tit.
830 5147 920 5204 Sancti
933 5148 1030 5221 Angcli
1045 5149 1078 5203 nh
1095 5149 1202 5204 Urbano
1219 5149 1241 5203 tl
1259 5155 1366 5203 creatus
1380 5146 1491 5215 dicitur;
1508 5164 1540 5206 ac
1553 5149 1653 5207 deinde
1667 5150 1771 5223 legatus

110 5233 258 5290 aCallisto
276 5236 300 5291 ll
319 5236 346 5290 in
361 5234 475 5292 Galliam
494 5236 596 5294 missus
610 5253 669 5293 cum
686 5238 762 5295 Petro
779 5236 886 5305 hecub,
908 5252 979 5294 anno
995 5238 1075 5308 ttat,
1091 5237 1204 5311 Sagium
1217 5235 1351 5293 Neustriae
1365 5236 1500 5294 civitatem
1515 5254 1578 5294 cum
1592 5253 1625 5295 eo
1647 5240 1772 5312 artemii,

150 5377 196 5444 (32
233 5378 302 5436 Vitae
315 5377 385 5434 libro
405 5394 436 5451 rr,
451 5395 481 5437 n.
497 5382 541 5437 52.
1012 5380 1069 5453 (31)
1090 5381 1170 5453 lata,
1186 5379 1256 5436 libro
1270 5395 1313 5437 tu.
1329 5397 1358 5438 n.
1379 5381 1423 5438 30.

149 5445 198 5519 (33
230 5449 355 5522 lhid.,n.
370 5451 405 5508 33
423 5467 487 5527 sqq.
