3728 5940
54 199 115 260 209
794 187 971 252 anatona.
1653 195 1708 256 no

57 323 109 397 qui
124 320 234 389 dedisti,
244 319 299 379 scis
312 325 442 393 quantum
455 318 552 376 dedisti
567 317 610 376 rel
623 316 653 374 ill
667 317 731 386 ima,
742 316 785 375 vel
796 314 863 372 mibi
874 307 900 393 fl
912 317 975 389 quia
988 334 1038 378 nec
1060 321 1238 379 necessariam
1252 335 1313 377 asse
1339 322 1478 391 putabam,
1506 321 1642 396 Quidquid
1665 338 1698 380 ve

56 412 138 469 illum
156 426 259 469 amare.
284 410 318 466 ιιι
340 410 475 480 quomodo
498 406 593 480 aliquis
613 416 745 472 nostram,
760 406 806 461 cni
832 414 860 460 tu
912 408 969 479 tibi,
984 410 1028 465 vel
1039 410 1133 467 amicis
1149 410 1201 466 tuis
1215 419 1286 467 recte
1297 409 1338 467 vis
1353 427 1361 482 3
1377 410 1423 483 qui
1437 410 1511 467 dedit
1529 409 1607 483 velle,
1622 412 1668 468 det
1681 419 1709 468 et

57 518 117 558 noa
131 499 235 570 dixisti,
249 498 329 554 audet
343 498 442 564 dicere,
459 518 471 549 a
493 497 558 554 Plus
576 513 679 565 amans,
695 496 784 550 minus
798 494 859 549 dili·
912 497 1042 569 perlicere
1068 514 1115 571 pro
1146 501 1215 557 bona
1241 500 1387 566 voluntate,
1412 499 1486 555 omui
1501 501 1565 557 mibi
1579 498 1708 560 amicitiae

57 605 112 664 gor
129 605 136 645 ε
154 609 166 641 s
184 588 236 643 nisi
251 586 322 643 forte
332 586 444 658 quijam
457 586 485 641 in
499 586 603 642 lumine
614 597 659 642 tuo
669 586 758 641 videat
768 584 857 639 lurnen
908 589 971 658 iure
985 589 1107 656 colende,
1124 590 1165 663 pie
1179 606 1209 647 ac
1224 590 1450 647 reverendissime
1463 600 1551 663 pater.

57 694 153 751 snum,
164 677 192 732 id
207 684 259 745 est,
269 676 297 730 in
307 675 410 731 lumine
426 676 744 749 tuaereritatisagnoseat
758 679 857 746 quanto

56 768 153 823 ardeat
169 765 234 837 igne
253 763 417 819 eharitatis?
1092 733 1260 791 EPISTOLA
1288 733 1431 791 LXXXVI
1447 736 1529 807 (258)-

96 861 125 913 3.
141 857 202 928 Ego
221 861 327 923 autem,
351 853 478 918 Domine,
493 851 599 908 interim
614 860 755 908 contentus
767 850 860 906 videre
1214 875 1250 916 A„
1265 874 1394 916 guum

56 946 85 1002 iu
106 944 210 1000 ¹⁰³¹*oe
231 953 276 999 ²¹¹⁰
300 945 429 999 tenebras
455 958 537 1008 'neas’
562 943 738 1015 q¹¹⁰³d⁰⁸q¹¹⁰
766 950 859 996 mnes
911 975 1076 1034 Monachum
1091 976 1709 1047 fogiticrrmdurcincrepatumctincrepen-

57 1034 203 1091 θθᾶθῡῑθῐῐῐ
218 1033 246 1088 ln
265 1032 385 1087 tenebris
398 1040 425 1087 ⁰²
439 1033 534 1087 umbra
554 1033 654 1097 milis·
670 1039 697 1087 ⁰²
711 1048 758 1102 W
773 1039 800 1087 ῖθ
814 1046 858 1085 ¹⁰·
948 1049 1015 1103 dune
1030 1048 1162 1104 remittit.
1177 1048 1235 1115 lpse
1252 1064 1315 1104 earo
1341 1046 1499 1111 Gatillelmo,
1520 1048 1711 1104 mutationem

56 1124 183 1183 velentur
209 1122 388 1195 cogitationes
416 1121 549 1188 cordium,
577 1129 604 1176 et
631 1122 771 1177 manilesta
795 1121 861 1176 fiant
947 1118 1710 1193 nutritamparatammeditanttparsaaerarcsuant.

57 1213 220 1271 abscondita
236 1215 417 1279 tenebrarum,
431 1211 584 1283 fugatisque
603 1213 722 1268 tenebris
735 1217 789 1282 jam
805 1229 858 1270 uon
948 1217 1042 1273 Frater
1061 1219 1230 1272 Beanannus
1258 1217 1292 1271 de
1306 1215 1489 1287 Clara-Valle,
1505 1231 1555 1272 sun
1572 1216 1612 1271 illi
1637 1214 1712 1286 quod

57 1304 185 1361 rideatur
199 1303 227 1358 in
252 1303 353 1358 lumine
382 1311 428 1358 tao
444 1301 494 1356 nisi
509 1301 598 1356 lumen
615 1318 622 1354 :
647 1301 735 1356 sentio
750 1303 859 1374 quidem
913 1322 975 1363 suo.

57 1393 95 1449 de
110 1407 226 1449 munere
240 1400 288 1448 tuo
297 1393 371 1465 quod
386 1407 448 1446 eum
458 1391 584 1463 diligam3
597 1390 645 1446 sed
655 1390 770 1447 necdum
780 1391 859 1449 rideo
949 1399 975 1452 l.
1004 1395 1078 1452 llanc
1091 1395 1157 1451 milri
1175 1403 1205 1450 tu
1219 1393 1387 1451 salutationis
1400 1393 1544 1452 formulam
1564 1393 1710 1463 tradidisti,

58 1481 206 1539 inlumina
226 1489 285 1546 tuo,
299 1480 323 1535 si
337 1480 377 1537 vel
392 1478 456 1534 satis
470 1478 590 1551 diligam.
604 1479 699 1551 Neque
714 1481 785 1536 euim
799 1479 856 1537 scio
914 1484 1097 1553 scribendo·
1127 1483 1197 1540 Snus
1226 1483 1273 1538 ille
1292 1483 1366 1555 quod
1393 1499 1469 1539 suus.
1487 1503 1500 1536 ι
1521 1482 1620 1553 Accipe
1640 1483 1713 1553 qnod

58 1573 81 1629 si
100 1574 158 1642 jam
172 1569 342 1643 pervenerim
360 1569 394 1624 ad
407 1568 490 1639 illam,
506 1584 559 1641 qua
568 1584 647 1625 nemo
661 1571 791 1641 majorem
806 1572 858 1626 ba·
915 1582 988 1629 tuum
1003 1582 1052 1642 cst,
1069 1580 1096 1630 et
1109 1588 1225 1645 agnosce
1239 1573 1443 1643 usurpationem
1456 1570 1641 1627 unanimitatis
1655 1587 1714 1627 esse

57 1661 117 1727 bet,
134 1658 319 1731 dilectionem,
335 1666 365 1714 ιιι
378 1660 493 1714 animam
521 1674 597 1714 suam
612 1666 694 1729 ponat
719 1659 782 1731 qais
811 1675 860 1731 pro
876 1632 1053 1735 'indicium
1069 1671 1097 1719 et
1119 1678 1180 1718 cum
1207 1678 1261 1734 quo
1275 1671 1316 1717 est
1331 1661 1396 1717 mibi
1419 1675 1563 1717 commune
1589 1661 1712 1729 verbum,

57 1748 158 1807 amicis
172 1749 240 1806 anis.
255 1747 324 1804 Nam
337 1749 401 1820 quis
418 1748 577 1820 gloriabitur
591 1755 694 1805 castum
708 1764 739 1805 ae
758 1749 859 1807 habere
913 1751 1032 1808 animum
1051 1766 1105 1808 nou
1120 1751 1229 1807 distare.
1255 1751 1314 1806 lam
1333 1751 1368 1806 ad
1391 1755 1450 1805 tuas
1475 1750 1579 1806 litteras
1597 1749 1716 1808 breviter

57 1854 120 1908 cor,
135 1838 236 1894 nedum
260 1835 406 1908 perlectum
426 1837 478 1893 to
498 1838 622 1904 Domine,
647 1837 696 1911 qui
723 1837 861 1897 illuminas
913 1855 962 1912 pro
977 1849 1098 1912 tempore
1125 1838 1344 1909 respondendnm
1358 1846 1400 1894 est
1416 1855 1422 1892 :
1438 1853 1500 1909 qnae
1514 1853 1575 1894 curn
1598 1837 1664 1893 mibi
1688 1839 1716 1892 in

56 1926 203 1982 lucernam
227 1940 314 1982 meam
330 1965 337 1990 ,
353 1926 400 1997 qni
420 1924 477 1994 jam
491 1923 568 1980 video
582 1933 610 1981 et
624 1924 720 1982 borreo
737 1928 860 1984 tenebras
913 1946 1010 1985 manna
1024 1935 1176 1995 acuerunt,
1189 1925 1294 1983 Natalis
1306 1926 1431 1983 Domina
1446 1933 1547 1982 nostrae
1564 1925 1640 1998 (252)
1657 1924 1718 1982 dies

57 2031 138 2072 meaa
154 2032 162 2071 t
178 2015 252 2072 Deus
273 2029 360 2086 meas,
385 2013 507 2069 illumina
521 2014 593 2085 ipsas
612 2030 722 2088 qunque
737 2017 861 2072 tenebras
911 2017 998 2074 festus
1021 2018 1154 2082 illuxerat,
1183 2018 1263 2087 cuius
1290 2031 1334 2071 me
1359 2022 1444 2071 totum
1459 2017 1520 2093 jure
1540 2014 1592 2070 sibi
1606 2014 1716 2072 davone

57 2120 148 2173 meas,
166 2113 195 2160 ot
213 2103 318 2162 rideam
337 2111 365 2160 et
378 2103 509 2176 gaudeam
524 2102 673 2159 ordinatam
688 2102 716 2159 in
731 2119 775 2160 me
794 2105 860 2160 cba-
912 2105 1062 2175 viadicans,
1075 2106 1139 2161 uilril
1167 2106 1240 2161 alind
1263 2106 1384 2176 cogitare
1399 2104 1517 2161 sinebat.
1534 2104 1587 2161 Sed
1603 2113 1630 2160 et
1645 2120 1718 2161 nan·

60 2193 181 2260 ritatem,
197 2191 286 2249 sciens
301 2200 329 2248 et
351 2191 467 2265 diligens
489 2208 549 2264 qnae
568 2191 707 2265 diligenda
730 2201 794 2249 sunt
809 2211 817 2261 ;
832 2196 860 2249 et
912 2195 966 2252 tius
981 2195 1110 2267 repedare
1124 2195 1266 2265 testinans,
1288 2195 1331 2252 vix
1346 2209 1433 2266 usque
1449 2193 1477 2248 in
1500 2194 1666 2258 crastinum,
1687 2200 1718 2249 ut

58 2289 245 2355 quantumst
267 2283 301 2337 ad
329 2280 394 2352 quid
408 2280 547 2352 diligenda
564 2284 651 2348 sunt;
680 2297 723 2337 me
751 2297 859 2354 quoque
912 2286 970 2341 bac
984 2286 1038 2355 jam
1057 2284 1126 2342 leste
1154 2291 1336 2354 exoccupatus
1361 2283 1556 2355 qualiacunque
1584 2282 1718 2339 rescribe·

59 2370 157 2426 nolens
171 2368 250 2442 diligi
260 2369 312 2425 nisi
331 2369 359 2424 in
383 2376 419 2434 te,
433 2378 461 2424 et
474 2377 604 2440 qnantum
618 2368 772 2444 diligendus
786 2387 856 2436 aum,
911 2390 979 2441 rem,
995 2372 1170 2445 exspectavit.
1190 2372 1344 2444 Fugitivum
1368 2372 1460 2441 itaque
1483 2370 1594 2426 fratrem
1609 2371 1677 2427 dure
1701 2386 1718 2426 a

60 2460 109 2521 Vae
124 2458 224 2514 etenim
240 2458 315 2525 mibi,
331 2457 353 2513 si
367 2457 452 2531 (qnod
466 2457 543 2513 valde
553 2462 714 2530 vereor)aut
727 2474 779 2532 ego
797 2459 859 2530 plns
912 2479 964 2533 me,
979 2467 1074 2532 utpote
1087 2463 1185 2516 durum
1203 2460 1298 2530 corde,
1322 2459 1502 2530 increpatam,
1526 2458 1595 2514 nibil
1619 2460 1717 2515 melius

58 2548 94 2604 ab
108 2548 155 2603 illo
169 2563 249 2620 quam
264 2547 490 2618 merui,autillea
505 2562 548 2602 me
563 2548 653 2603 minus
663 2564 744 2619 qnam
758 2548 857 2621 dignus
909 2551 1016 2608 interim
1036 2548 1121 2622 potui,
1137 2565 1218 2619 qnam
1231 2549 1264 2602 ad
1279 2548 1370 2604 locum
1386 2547 1522 2602 remittere
1537 2546 1610 2603 unde
1632 2545 1715 2619 luge-

59 2637 105 2703 sit,
124 2636 263 2709 diligatur.
279 2638 469 2694 Verumtamen
492 2636 514 2691 si
542 2636 670 2693 meliores
684 2637 770 2711 magis
794 2637 856 2692 dili·
912 2649 952 2697 rat
967 2639 1018 2713 [ot.
1044 2640 1155 2710 exierat)
1177 2655 1185 2693 ε
1205 2637 1306 2710 quippe
1330 2652 1411 2710 quem
1435 2638 1512 2707 juxta
1527 2644 1634 2693 nostras
1647 2652 1716 2692 con-

58 2723 142 2801 gaudi
152 2725 298 2797 suntlsnnt
307 2734 397 2782 annm
410 2724 547 2796 meliores,
559 2725 702 2799 quimagis
712 2725 837 2798 diligunt)
850 2746 857 2779 ι
911 2729 1067 2786 suetudines
1082 2727 1157 2785 domi
1167 2728 1269 2798 absque
1282 2742 1416 2784 consensu
1427 2726 1532 2782 abbatis
1543 2725 1585 2782 sni
1599 2726 1716 2784 retinere

59 2814 126 2886 qnid
141 2813 215 2869 aliod
233 2812 356 2884 dixerim,
370 2830 449 2886 qnam
479 2813 553 2868 illum
578 2814 638 2883 plus
665 2830 708 2870 me
734 2814 854 2886 diligere,
912 2833 967 2875 non
995 2817 1087 2875 debui.
1117 2816 1231 2886 Oportet
1254 2826 1343 2873 antem
1372 2824 1399 2870 et
1417 2833 1433 2872 a
1451 2823 1478 2872 le
1505 2831 1566 2871 eum
1594 2815 1716 2871 similiter

58 2918 142 2975 quem
156 2902 297 2959 meliorem
325 2903 582 2974 essenondnbito3
612 2920 655 2960 me
682 2919 749 2962 vero
767 2905 856 2960 minus
912 2925 1008 2981 aspere
1022 2907 1166 2979 increpari,
1182 2913 1210 2962 et
1229 2907 1263 2962 ad
1286 2905 1416 2962 hamilem
1440 2905 1583 2976 provocari
1602 2904 1713 2965 salisia-

55 2991 137 3049 illum
149 3007 230 3064 quam
245 2993 342 3062 debeo,
357 2991 421 3063 quia
435 2991 523 3048 minus
536 2992 639 3049 valeo?
871 2957 1026 3053 ‘ctionem
1043 3014 1051 3062 ;
1066 2995 1163 3052 deinde
1178 2995 1230 3051 tuis
1243 2993 1390 3052 confortari
1407 2993 1516 3066 litteris,
1532 2995 1565 3049 ad
1589 2994 1712 3050 abbatem

95 3085 123 3140 t.
143 3081 198 3138 Sed
216 3088 317 3154 quanto
339 3082 367 3137 in
387 3091 413 3138 te
427 3082 495 3152 (tibi,
512 3087 596 3151 pater,
615 3079 688 3153 dico)
714 3083 801 3153 major
815 3090 857 3139 est
911 3102 960 3158 pro
980 3100 1012 3142 eo
1028 3085 1147 3140 directis.

57 3171 188 3242 charitas,
212 3178 285 3227 tanto
306 3169 396 3225 minus
415 3169 608 3226 contemnenda
621 3177 691 3226 esta
715 3178 741 3226 te
762 3182 856 3230 nostra
947 3178 972 3230 2.
989 3175 1028 3229 De
1041 3172 1198 3229 infirmitate
1214 3178 1306 3228 nostra
1324 3170 1390 3227 nihil
1406 3169 1506 3226 certina
1518 3169 1599 3226 modo
1613 3169 1710 3228 scisci-

57 3258 237 3332 possibilitaa,
263 3261 335 3331 quia,
359 3260 409 3315 etsi
432 3259 491 3330 plus
518 3258 616 3330 diligis,
642 3260 772 3333 quoniam
797 3263 857 3334 plus
911 3263 979 3320 tanti
994 3263 1042 3320 tibi
1059 3262 1179 3319 indicare
1193 3276 1315 3334 possum,
1331 3260 1384 3316 nisi
1399 3261 1471 3333 quod
1483 3258 1618 3327 infirmae,
1637 3260 1711 3316 etlui

57 3349 136 3404 rates
146 3365 155 3420 ς
165 3363 220 3403 non
234 3354 321 3402 tamen
337 3347 397 3419 plus
407 3345 499 3419 diligis
512 3358 592 3421 qnam
603 3348 683 3406 vales.
700 3351 755 3406 Nos
765 3358 855 3407 autem
909 3361 936 3411 et
951 3369 1010 3409 sum
1033 3368 1106 3423 ;nec
1120 3350 1209 3408 minus
1228 3351 1317 3424 solite,
1338 3366 1390 3408 nce
1403 3350 1518 3408 maltum
1538 3349 1610 3425 plns.
1629 3348 1710 3422 Quod

57 3438 111 3494 etsi
125 3437 215 3493 miuus
228 3437 365 3510 diligimus
374 3453 455 3509 quam
466 3437 607 3504 debemus,
618 3438 757 3513 diligimus
768 3449 856 3497 tantm
909 3458 975 3501 vero
989 3457 1043 3500 non
1058 3441 1119 3498 misi
1137 3458 1218 3515 quem
1229 3440 1362 3505 missurus
1374 3457 1458 3510 eram,
1473 3456 1556 3499 cansa
1570 3448 1622 3509 est,
1634 3441 1709 3511 plas-

58 3526 342 3601 quantumralemns:
358 3533 461 3583 tantum
476 3535 565 3583 autem
580 3527 710 3596 valemus,
726 3539 856 3600 qnantum
910 3549 952 3587 me
978 3533 1128 3588 animarum
1155 3530 1338 3603 scandalum,
1359 3546 1440 3602 quam
1474 3529 1555 3587 unius
1588 3529 1710 3600 corporis

57 3618 225 3688 accepimns.
240 3616 326 3673 Trahe
340 3631 390 3671 nos
408 3624 470 3685 post
483 3624 518 3687 te,
531 3624 561 3671 ut
580 3624 605 3673 te
618 3618 857 3690 apprehendamus
909 3619 1057 3692 periculum
1073 3619 1205 3675 timuisse.
1221 3619 1282 3674 Jarn
1297 3635 1331 3675 ne
1346 3618 1410 3692 quid
1426 3620 1530 3687 borum,
1553 3618 1587 3673 de
1610 3619 1710 3690 quibus

57 3714 87 3762 et
106 3713 197 3762 meam
216 3705 331 3778 amplius
346 3704 517 3776 accipiamus,
537 3706 609 3762 unde
634 3707 736 3779 largius
759 3709 856 3783 dillgn·
910 3708 1054 3777 mandasti,
1069 3706 1180 3763 omnino
1195 3705 1408 3778 pretermittam,
1422 3706 1502 3763 venio
1523 3705 1653 3763 etiamad
1674 3716 1709 3763 te.

58 3812 132 3853 mas.
147 3795 219 3866 Quid
232 3812 300 3869 ergo
317 3805 345 3852 tn
360 3795 455 3853 niteris
469 3812 519 3852 nos
532 3796 744 3865 apprehendere,
757 3805 784 3852 et
799 3795 857 3854 89
911 3797 985 3855 Velle
1001 3807 1026 3853 te
1052 3797 1145 3852 audire
1158 3796 1298 3866 scripsisti,
1315 3795 1380 3866 quid
1395 3804 1420 3852 te
1443 3810 1496 3867 ego
1511 3796 1650 3868 (uuquam
1663 3797 1710 3868 qui

55 3886 350 3960 quererisnoaposse?
360 3903 430 3959 quos
443 3887 655 3959 apprehendisti,
666 3887 689 3942 si
699 3888 854 3956 attendisti3
910 3886 1000 3945 omnia
1016 3895 1060 3940 tua
1074 3885 1173 3956 norim)
1189 3885 1276 3940 lacere
1296 3884 1386 3942 velim.
1404 3885 1461 3941 Sed
1475 3888 1526 3942 boc
1546 3885 1598 3941 uisi
1620 3886 1708 3956 lallor,

56 3988 84 4033 et
100 3976 191 4033 adhoc
201 3976 291 4032 lacere
303 3977 415 4049 poteris,
428 3992 491 4033 cum
502 3976 631 4047 volueris,
642 3975 737 4047 quales
746 3975 856 4048 quidem
911 3975 934 4031 si
948 3974 1028 4033 modo
1040 3973 1167 4042 dicerem,
1184 3989 1233 4029 nec
1246 3980 1274 4028 ιιι
1287 3987 1393 4045 posses,
1404 3989 1454 4029 nec
1468 3988 1520 4046 ego
1530 3974 1708 4030 consulerem.

56 4081 164 4130 sumus,
180 4081 234 4121 non
253 4065 346 4137 quales
374 4068 509 4138 sperabas.
534 4065 633 4122 Nescio
662 4065 762 4139 quippe
789 4066 855 4138 quid
910 4063 979 4121 Volo
1003 4063 1076 4120 enirn
1089 4069 1116 4119 et
1130 4063 1189 4134 ipse
1200 4061 1273 4133 quod
1288 4070 1313 4118 te
1333 4060 1400 4116 velle
1414 4061 1448 4116 de
1467 4061 1561 4131 tejam
1575 4061 1641 4117 olim
1655 4078 1711 4118 non

55 4155 134 4212 aliud
147 4154 261 4210 intueris
275 4155 303 4210 in
328 4156 418 4225 nobis,
433 4156 505 4228 qnod
531 4171 585 4212 non
600 4157 727 4213 babemus
743 4175 750 4223 ;
766 4163 793 4212 et
808 4173 854 4212 se·
911 4156 975 4211 latet
997 4169 1041 4209 me
1064 4152 1152 4223 (260).
1165 4151 1296 4208 Caeterum
1321 4166 1382 4207 mea
1406 4159 1488 4222 atque
1511 4159 1556 4207 tua
1574 4166 1661 4222 nque,
1681 4159 1712 4208 ut

54 4243 149 4317 queris
164 4260 213 4314 pro
227 4245 316 4313 nobis,
344 4245 416 4317 qnod
443 4261 496 4300 non
521 4261 625 4301 snmus.
655 4246 773 4318 Ideoque
802 4262 855 4302 non
911 4259 1018 4315 aequum
1033 4250 1081 4310 est,
1102 4241 1241 4298 voluntate
1263 4240 1423 4312 postposita,
1440 4242 1528 4315 magis
1545 4241 1616 4313 quod
1644 4239 1712 4298 ralla

53 4331 244 4406 consequeris,
261 4331 323 4402 quia
339 4348 392 4388 non
408 4331 580 4392 solllcinrus:
603 4346 629 4390 et
643 4344 673 4390 ut
696 4335 812 4406 denique
827 4336 856 4391 in
874 4294 999 4389 uDeum
1013 4332 1046 4387 de
1061 4342 1086 4387 te
1114 4343 1188 4401 puto,
1219 4336 1247 4407 et
1265 4329 1330 4384 mihi
1346 4340 1376 4387 ut
1404 4330 1450 4387 tibi
1466 4331 1606 4396 suadeam,
1623 4332 1710 4386 tutum

55 4421 173 4496 epistola
197 4423 326 4492 tuajuste
348 4422 479 4491 causaris,
498 4425 571 4478 Dens
591 4422 678 4479 tibiin
697 4422 784 4487 nobis,
800 4440 855 4480 non
910 4420 999 4487 duco;
1030 4426 1057 4474 et
1078 4417 1124 4476 tibi
1153 4419 1175 4473 si
1198 4418 1393 4489 persuadeam,
1418 4434 1473 4476 non
1498 4418 1709 4477 incommodum.

54 4529 108 4570 nos
129 4509 283 4567 deficimus.
307 4513 386 4567 Nunc
400 4527 463 4568 vero
487 4511 509 4566 si
537 4512 600 4569 talia
623 4513 740 4584 placent,
763 4514 855 4586 qualia
910 4510 983 4566 Tene
997 4508 1089 4579 itaque
1104 4522 1164 4564 meo
1184 4507 1299 4565 consilio
1313 4510 1386 4583 qnod
1400 4519 1579 4579 tenes,mane
1602 4508 1630 4564 ia
1654 4523 1709 4580 quo

53 4601 139 4658 modo
160 4609 278 4675 nugatus
291 4616 362 4668 sum,
383 4601 520 4668 mandato,
536 4607 564 4656 et
578 4600 721 4672 adjiciam:
744 4610 775 4658 nt
793 4619 855 4658 cnm
909 4615 960 4667 es,
981 4605 1008 4653 at
1022 4599 1101 4654 stude
1126 4596 1257 4668 prodesse
1276 4599 1375 4668 quibas
1391 4614 1501 4669 praeas3
1524 4614 1574 4655 nec
1593 4612 1709 4668 praesse
1747 4598 1753 4604 ”

54 4687 198 4757 obediero,
214 4689 433 4763 presumptionis
454 4706 508 4746 uon
531 4689 638 4746 timeam
663 4701 762 4747 notam.
780 4693 855 4748 Prae-
907 4685 1011 4761 refuge,
1029 4687 1093 4741 dum
1107 4686 1238 4757 prodesse
1254 4695 1350 4759 potes:
1370 4688 1433 4760 quia
1447 4704 1487 4745 vae
1501 4688 1609 4760 quidem
1624 4685 1673 4742 tibi
1684 4686 1708 4741 si

53 4777 233 4835 latiuncnlam
250 4778 325 4849 (257)
345 4793 424 4850 quam
440 4778 487 4835 tibi
498 4778 567 4834 mitti
581 4779 695 4848 jussisti,
711 4782 853 4837 nonhabui
907 4792 1005 4850 praes,
1019 4784 1046 4832 et
1058 4790 1112 4832 non
1122 4776 1222 4847 prodes
1234 4792 1242 4846 3
1254 4776 1299 4831 sed
1310 4775 1477 4850 vaegrarius,
1488 4775 1709 4848 siqaiaprreesse

52 4867 139 4926 modo
154 4867 189 4924 ad
203 4882 338 4925 manum:
359 4883 445 4939 neque
469 4868 543 4925 enim
568 4870 657 4925 adbuc
677 4869 852 4940 dictaveram,
907 4867 1013 4933 metuis,
1031 4867 1158 4938 prodesse
1173 4864 1287 4939 refugis.

91 4985 169 5055 (257)
182 4984 302 5053 Epistola
316 4983 418 5041 scilicet
432 5002 492 5058 quae
502 4985 650 5069 praeligitar
663 4986 805 5058 apologiae
820 4988 853 5043 ad
907 4984 941 5039 de
954 4980 1132 5051 Bemardo,in
1145 4981 1216 5038 libro
1231 4980 1389 5054 v1,epistola
1401 4981 1452 5036 25:
1464 5002 1476 5033 a
1492 4980 1625 5039 dlumnas
1639 4978 1709 5039 enim

52 5056 182 5116 eamdem
200 5055 387 5124 Guillelmum,
397 5072 458 5126 quae
472 5057 664 5129 huiceprstolae
679 5059 704 5113 in
718 5059 854 5131 plerisque
907 5053 1132 5112 familiarissimas
1148 5052 1197 5108 luit
1208 5054 1324 5111 domina
1339 5058 1456 5134 nostrae,
1475 5052 1519 5135 cni
1546 5067 1601 5110 non
1629 5069 1710 5109 unam

52 5128 441 5203 praemittiturmanucriptis.
467 5130 565 5187 Conler
591 5129 731 5202 epistolam
751 5134 795 5196 88,
824 5149 851 5190 rr.
907 5136 1011 5183 mutum
1028 5125 1189 5198 basilicam,
1218 5125 1267 5181 sed
1291 5124 1372 5181 totins
1398 5127 1501 5180 ordrnrs
1526 5124 1712 5184 cisterciensis

51 5204 80 5267 3,
95 5213 122 5254 et
137 5200 207 5255 alias
221 5200 254 5255 ad
269 5201 454 5258 Guillelmum,
908 5199 1035 5254 basilrcas
1050 5197 1192 5254 dedicavit.
1213 5219 1226 5245 a

87 5271 156 5407 q258
182 5272 288 5341 Scripta
306 5272 378 5328 circa
390 5288 492 5328 annum
507 5275 590 5331 llao.
945 5271 1019 5341 (260)
1036 5269 1166 5339 Capiebat
1178 5266 1305 5322 nimirum
1313 5264 1475 5323 Guillelmns
1488 5267 1612 5326 abdicata
1625 5269 1712 5326 abba·

95 5275 169 5416 ‚²5⁹3
183 5342 413 5413 cisterciensium,
429 5350 459 5400 nt
483 5355 557 5413 puto,
580 5345 714 5414 exemto,
740 5360 856 5418 quorum
908 5341 942 5398 tis
954 5341 1087 5412 dignitate
1108 5354 1138 5393 se
1166 5337 1284 5408 recipere
1310 5339 1345 5393 ad
1371 5339 1622 5401 Claram-Vallem:
1654 5342 1712 5408 sed,

51 5416 146 5473 omnia
160 5414 326 5473 monasteria
346 5415 508 5472 beatissima
524 5415 629 5487 Virgini
666 5419 769 5475 edicata
784 5428 856 5489 sunt,
908 5412 1046 5470 Bernardo
1061 5424 1115 5465 non
1134 5408 1259 5476 sinente,
1286 5409 1442 5487 Signiacum
1468 5413 1592 5487 secessit,
1611 5421 1641 5473 ut
1654 5413 1713 5474 dio·

51 5487 171 5548 Domina
192 5496 285 5546 nostra
299 5486 389 5547 rooari
401 5487 495 5561 coepit.
519 5488 587 5545 lline
602 5488 697 5546 Petras
724 5488 859 5549 cellensis
910 5493 969 5542 tum
982 5492 1024 5541 etl
1037 5497 1129 5556 supra.
1140 5482 1168 5538 lu
1182 5487 1245 5540 nott
1259 5479 1293 5539 td
1306 5483 1451 5557 epistolam
1464 5487 1512 5545 85.
