3728 5940
107 164 164 264 ιιι
547 198 886 263 mneasrnamrmva
901 203 989 269 auat
1005 205 1305 275 eunoun-ata.
1323 207 1359 268 v.
1696 214 1758 283 raa,

108 333 202 408 Neque
231 330 302 385 enim
338 329 432 384 sedere
464 328 550 385 ineis
597 327 643 402 qui
683 341 737 383 non
774 326 900 384 sederent
918 345 941 423 st
957 345 1133 403 consumens,
1146 331 1234 406 ipsam
1256 335 1469 408 purgatissimam
1483 346 1511 397 et
1524 356 1576 398 sno
1590 357 1684 401 amere
1705 343 1752 399 di.

107 427 208 493 pessel.
223 417 329 488 Quaeris
341 416 404 491 qnid
420 416 471 491 [ul.
485 416 576 491 qnam]
595 417 667 473 iliam
696 414 812 473 sentiam
834 431 898 473 aas·
956 418 1115 492 gnissimam
1129 421 1234 489 reddat,
1248 419 1365 482 Comere
1378 424 1462 483 estin
1475 426 1623 499 Cherubin,
1633 430 1680 504 qui
1690 431 1752 502 pls·

109 510 240 566 sionem?
263 500 401 564 Summam
430 505 662 578 tranquillitatem,
690 503 900 577 placidissimam
955 506 1049 566 nitudo
1072 510 1195 568 seientiae
1208 510 1341 580 ἀίοιιιιιιι,
1356 502 1638 577 ὓιιιιι;ιιίιιιίιιιιιι
1651 519 1748 577 demi-

106 598 287 664 aerenitatem,
304 611 394 666 paoem
417 611 479 667 qnae
495 603 643 665 exsuperat
655 608 765 650 omnem
792 592 900 650 intelle·
956 612 1021 652 num
1034 612 1106 669 esse,
1123 598 1171 671 qui
1184 599 1260 657 solus
1273 601 1360 658 solam
1373 585 1477 661 neseiat
1493 605 1683 674 ignorantiam,
1697 608 1746 680 qni

105 685 495 758 etum.Talisestqnisedetin
508 683 623 741 Tironis
644 683 900 751 Dominnsaabaotb,
956 691 1029 742 lotus
1051 687 1085 744 ait
1099 687 1155 758 lua,
1179 691 1378 747 attenuarem
1393 707 1427 749 ee
1442 708 1496 750 uon
1511 693 1567 751 sint
1580 695 1659 767 nllm3
1677 678 1751 759 aetna

103 775 229 846 judieans
256 775 347 830 omnia
368 789 429 829 eum
457 768 658 846 tranquillitate,
692 771 899 845 pleeilissimus,
955 770 1109 841 sitooulus,
1136 784 1163 832 et
1189 777 1365 848 quiminime
1390 780 1538 853 aliquando
1558 781 1671 849 fallitur,
1686 785 1751 857 qnia

105 866 308 938 serenissimus,
327 865 523 937 pacatissimus.
545 866 579 923 Et
606 864 674 921 tales
694 862 748 921 sibi
761 863 902 921 eonstituit
956 861 1065 923 minime
1079 865 1228 935 mauditum
1249 867 1296 940 qui
1311 875 1388 924 extra
1405 884 1436 924 se
1455 885 1509 926 non
1526 879 1630 942 qnaerat
1644 871 1748 939 lumen,

106 957 241 1026 Tirenus,
270 955 420 1012 simillimos
442 954 504 1012 sibi.
532 955 662 1011 Putemus
684 952 822 1010 Cherubin
864 969 897 1008 ea
954 951 998 1007 eui
1012 952 1187 1011 admoveatur
1201 964 1230 1011 nt
1245 956 1343 1022 videat,
1359 958 1419 1029 ipse
1441 958 1487 1032 qui
1503 959 1585 1026 videt,
1602 959 1662 1034 ipse
1678 962 1750 1019 unde

100 1045 165 1117 ipso
187 1044 327 1119 sapientiae
355 1045 507 1117 laureare
529 1043 662 1100 altissimi
686 1042 848 1110 haurientes,
875 1050 903 1099 et
954 1041 1035 1098 videt.
1056 1041 1173 1100 Cernere
1192 1050 1234 1101 est
1248 1047 1276 1099 in
1294 1045 1421 1117 Turonis,
1436 1063 1517 1120 quam
1536 1063 1590 1104 non
1605 1059 1751 1120 anspertus

109 1134 285 1191 refundentes
298 1134 400 1191 fluenta
414 1133 534 1192 scientim
548 1132 682 1190 universis
697 1130 807 1187 eivibns
831 1131 902 1196 snisjl
954 1131 1027 1186 omni
1042 1132 1203 1190 innocentiae
1224 1133 1311 1202 judex
1338 1134 1430 1192 sedeat
1444 1137 1471 1192 in
1487 1137 1542 1208 his,
1569 1136 1616 1209 qui
1630 1137 1751 1197 ciream·

104 1225 138 1279 Et
152 1225 214 1282 vide
227 1241 260 1280 ne
276 1227 298 1279 is
309 1226 353 1290 ait,
367 1241 447 1297 quem
458 1223 593 1297 propheta
605 1221 902 1295 loquebatur,llnminis
956 1220 1046 1275 venire
1064 1221 1143 1292 nolit,
1171 1223 1363 1282 circumveniri
1382 1241 1435 1283 non
1463 1225 1560 1298 pessit,
1580 1227 1684 1300 quippe
1712 1228 1752 1285 aie

103 1312 223 1385 impetus
260 1312 399 1371 laetificans
421 1314 555 1370 civilatem
585 1312 632 1368 [lei
664 1311 755 1382 (Paul.
779 1327 843 1377 nav,
858 1311 897 1382 ὅ).
953 1324 1058 1379 amans,
1085 1320 1113 1367 et
1141 1309 1180 1368 aie
1213 1312 1320 1369 videns.
1348 1313 1405 1373 Neu
1429 1325 1506 1371 vaoat
1536 1314 1626 1373 sessio
1648 1331 1655 1372 :
1681 1323 1755 1374 ιιιιι·

106 1404 230 1457 Putemus
246 1401 385 1473 Seraphin,
394 1401 504 1475 spiritus
518 1408 590 1456 totos
604 1399 696 1454 divine
711 1401 772 1471 igne
784 1414 898 1455 aumen-
954 1398 1094 1470 quillitatis
1108 1398 1215 1476 insigne
1230 1407 1282 1458 est.
1298 1402 1340 1459 De
1353 1402 1428 1458 vultu
1445 1403 1491 1461 tali
1500 1403 1637 1473 judieirms
1661 1421 1753 1464 meum

105 1505 160 1555 sos,
175 1491 340 1548 succendere
364 1491 500 1554 univorsa,
520 1500 549 1545 nt
568 1487 669 1562 singuli
696 1488 769 1545 aives
783 1489 897 1561 aingnlae
955 1488 1070 1558 prodeat
1093 1496 1170 1561 opto,
1197 1489 1243 1546 eui
1271 1490 1336 1547 insit
1349 1506 1435 1559 amor,
1451 1507 1529 1549 error
1541 1493 1623 1564 absit,
1643 1502 1671 1551 et
1685 1510 1751 1566 per-

103 1579 158 1635 sint
179 1580 294 1636 lneernae
313 1579 436 1636 ardentes
457 1590 485 1636 et
502 1578 622 1636 ineuntes
637 1596 645 1649 3
661 1577 788 1635 ardentes
809 1576 899 1633 eham·
954 1574 1082 1633 turbatio.
1097 1577 1214 1634 Cernere
1227 1586 1268 1633 est
1282 1577 1311 1633 in
1325 1579 1571 1647 nominationibus,
1585 1589 1696 1652 quantae
1709 1582 1744 1639 ait

103 1675 168 1733 tate,
184 1668 305 1725 lucenam
332 1669 497 1742 cognitione,
918 1626 1087 1721 'Dominus
1099 1665 1257 1734 maiestatis,
1273 1667 1352 1738 eujus
1366 1677 1433 1725 nutu
1456 1668 1604 1740 imperiam
1630 1680 1755 1737 masur,

138 1760 164 1811 9.
180 1757 203 1814 Ο
219 1757 336 1829 Eugeni,
347 1776 426 1829 qmrn
438 1759 538 1813 benum
551 1765 592 1812 est
605 1756 706 1813 uoshie
720 1768 784 1812 esse
795 1753 802 1809 Ι
815 1770 896 1826 quam
953 1764 981 1809 et
994 1752 1107 1826 imperio
1122 1753 1286 1812 universitas
1300 1763 1381 1831 atque
1399 1758 1536 1815 eternitas
1550 1759 1658 1816 termini
1674 1767 1749 1816 sunt.

103 1845 162 1903 iore
176 1846 282 1909 melina,
298 1846 320 1900 si
335 1846 446 1917 qnando
459 1853 549 1900 tamen
570 1843 618 1900 toti
637 1858 782 1914 sequamur
796 1857 851 1914 qno
866 1858 898 1898 ea
953 1842 1068 1899 Cernere
1080 1853 1121 1899 est
1139 1845 1166 1898 in
1180 1844 1379 1916 Prirtoipatibns
1395 1847 1554 1920 principium
1573 1864 1605 1905 ea
1620 1864 1676 1921 quo
1690 1866 1750 1905 om·

103 1942 178 2007 parte
195 1933 382 2004 praecessimus
397 1935 403 1990 l
421 1933 604 1990 Praeoedimna
631 1932 732 2002 animo,
747 1939 775 1986 et
789 1946 824 1986 ne
839 1931 898 2002 ipso
952 1931 1012 2000 nia;
1034 1942 1059 1987 et
1074 1934 1240 2006 quemodoa
1258 1936 1368 1992 nardina
1381 1936 1492 2008 usuam,
1507 1937 1548 1992 sia
1562 1937 1596 1992 ab
1612 1936 1673 2010 ipae
1690 1938 1748 2012 regi

102 2023 290 2094 quidemloto,
306 2025 352 2077 sed
369 2030 446 2094 parte
471 2022 579 2078 modica
602 2020 690 2077 nimis.
714 2019 835 2075 dilectus
857 2022 900 2091 ja·
951 2020 1162 2078 universitatem.
1187 2022 1304 2080 Cernere
1331 2033 1374 2081 eat
1397 2024 1426 2081 in
1450 2025 1641 2097 Potestatibus
1664 2042 1746 2100 qnam

100 2120 163 2166 cent
178 2112 249 2167 molo
272 2127 402 2182 corperea
428 2110 587 2183 praegravnti
611 2118 638 2165 et
653 2111 710 2165 luto
734 2109 898 2166 baerentibus
949 2109 1109 2180 potestative
1121 2109 1194 2168 idem
1208 2112 1335 2185 princeps
1351 2129 1421 2184 quos
1436 2112 1516 2186 regit,
1527 2114 1655 2188 pmtegit,
1671 2130 1741 2172 oon·

101 2199 255 2268 desideriis,
271 2201 329 2256 sela
342 2201 451 2257 interim
469 2200 545 2256 arida
560 2211 587 2255 et
602 2199 691 2255 tennis
717 2199 897 2256 consideratio
949 2199 1044 2256 trarias
1058 2206 1204 2272 potestates
1217 2216 1313 2258 aroana
1327 2209 1356 2256 et
1380 2203 1556 2277 propulsans.
1570 2204 1688 2261 Cernere
1703 2212 1745 2261 est

102 2291 241 2360 praevelat.
257 2291 290 2344 Et
305 2297 393 2346 temen
402 2305 435 2344 ex
450 2289 554 2345 tantillo
568 2288 643 2362 quod
655 2290 713 2359 jnm
725 2288 815 2354 datur,
830 2288 897 2344 libet
950 2285 1138 2344 invirtutibus
1153 2301 1233 2345 uuam
1245 2288 1344 2362 ubique
1357 2289 1497 2363 aequaliter
1510 2301 1610 2362 praesto
1621 2306 1682 2348 esse
1692 2289 1747 2348 vir·

100 2378 269 2434 exclamare:
284 2379 500 2436 Dominedileut'
513 2378 641 2436 decorem
663 2377 762 2434 domm
782 2381 853 2439 sun,
868 2381 897 2435 el
951 2381 1046 2443 tutem,
1068 2391 1118 2447 per
1135 2391 1214 2447 qnam
1234 2381 1337 2444 omnia,
1354 2375 1495 2447 vivificam,
1511 2377 1659 2444 elisaeam,
1674 2376 1749 2433 invi·

100 2468 193 2527 locum
209 2467 392 2525 habitationis
402 2468 500 2540 pieriae
510 2466 652 2538 luoe(Prul
660 2481 730 2532 xxv,
743 2466 781 2537 8).
792 2465 862 2535 Quid
875 2467 897 2520 si
951 2463 1067 2533 sibilem,
1090 2462 1321 2536 immobilemque,
1347 2464 1438 2520 omnia
1469 2475 1558 2520 tamen
1589 2473 1746 2525 moventem

102 2554 895 2628 totamseeolligatanima,etrednetisaiieotibns,eenna-
952 2551 1062 2619 utiliter,
1087 2561 1225 2609 tenentem
1253 2553 1359 2610 fortiter
1388 2572 1395 2608 :
1422 2569 1484 2627 quae
1511 2569 1574 2612 enm
1604 2553 1747 2613 luminu

102 2644 136 2701 tis
150 2645 226 2712 loeis,
241 2644 339 2717 quibus
352 2644 449 2717 eaptivi
475 2652 611 2711 tenentur,
626 2643 748 2700 timendo
767 2659 828 2715 qum
842 2658 897 2699 nen
953 2641 1048 2696 usitata
1069 2639 1166 2697 eiieeta
1193 2641 1265 2715 apud
1293 2642 1419 2700 mortales
1444 2642 1591 2714 eruperit,
1616 2643 1748 2701 antrannis

102 2743 217 2804 oportet,
230 2733 345 2790 amando
359 2748 485 2806 qnaenon
502 2734 589 2797 deeet,
604 2732 720 2788 delendo
733 2747 895 2806 vane,gau·
952 2731 1009 2786 aive
1024 2729 1149 2803 prodigia
1179 2738 1286 2788 vocant.
1315 2732 1434 2789 Cernere
1455 2739 1593 2802 postremo
1607 2739 1636 2788 el
1653 2731 1751 2789 mirari

102 2819 899 2894 dendovanins,onmhisineatletalibertatevolutnm,pul-
953 2818 1039 2875 estin
1066 2819 1178 2892 Angelis
1202 2827 1228 2877 et
1251 2818 1428 2892 Archangelia
1446 2821 1587 2879 veritatem
1601 2827 1682 2892 atque
1695 2836 1747 2878 ea·

102 2919 154 2979 art,
169 2908 272 2978 impetu
285 2910 404 2979 spiritns,
418 2917 445 2967 et
464 2910 492 2965 in
506 2908 671 2982 pinguedine
686 2909 779 2981 gretia
800 2909 897 2965 illaba·
913 2947 939 3030 ο
954 2906 1112 2979 perientiam
1127 2909 1201 2966 vonis
1228 2908 1309 2976 illius,
1326 2910 1466 2979 Quoniam
1488 2912 1544 2984 ipsi
1558 2918 1631 2968 euru
1644 2914 1688 2969 eat
1709 2909 1745 2966 de

103 2999 335 3055 turlNennecnm
345 2997 458 3069 emperit
468 2997 861 3064 oirouirelueidasmaneiones,
871 3008 898 3055 et
952 2995 1067 3063 taediali
1078 2998 1155 3054 Patr.
1172 3001 1198 3067 5,
1214 2998 1262 3067 7),·
1277 2998 1324 3069 qui
1339 2996 1432 3053 taliam
1442 3013 1495 3054 nos
1507 3007 1533 3055 et
1546 3008 1681 3054 maturam
1692 3014 1749 3055 nou

102 3086 193 3143 sinum
207 3087 285 3143 illum
300 3087 381 3143 etiam
396 3088 513 3144 Abrabae
526 3086 662 3144 curiosius
680 3087 855 3158 perscrutari,
871 3097 900 3144 et
953 3085 1053 3142 desinit
1061 3086 1213 3157 jusundare
1224 3086 1433 3153 visitationibus,
1448 3087 1584 3143 instruere
1599 3085 1746 3144 revelatiu-

102 3176 153 3232 snb
171 3176 259 3246 altari,
270 3178 460 3250 quodcumque
471 3177 535 3231 illud
551 3188 592 3233 eat
609 3174 678 3248 (et),
691 3185 839 3248 martyrum
851 3191 897 3232 re-
954 3175 1041 3240 nibus,
1064 3176 1283 3251 suggestionibus
1302 3190 1486 3242 aommonare,
1510 3173 1654 3232 sedulitate
1669 3173 1747 3232 sola·

102 3264 188 3321 visere
200 3265 312 3330 animas,
329 3265 356 3322 in
369 3267 454 3334 prima
464 3265 534 3323 stola
545 3263 690 3323 amandam
706 3262 897 3335 patientissime
952 3262 1024 3319 tisri.

100 3361 293 3423 exspectantes,
322 3354 409 3411 multo
437 3355 527 3428 magia
551 3363 617 3410 tuno
645 3353 756 3409 instabit
784 3353 899 3426 loquens
1248 3356 1378 3414 darei·
1401 3355 1432 3411 l.

101 3456 162 3498 eum
177 3444 306 3512 propheta
327 3461 334 3496 ε
349 3446 437 3502 llanm
450 3446 553 3518 pertin
568 3443 790 3503 beniaminae
810 3443 901 3516 requi·
953 3445 1107 3503 Cratistus
1119 3447 1197 3504 detes
1207 3447 1378 3519 Angelorum
1392 3447 1473 3504 olleo
1483 3447 1515 3502 ira
1525 3446 1599 3519 ipses
1610 3443 1748 3504 deriuari.

102 3547 176 3601 rum,
191 3536 224 3589 ut
238 3531 436 3591 intuleramus
445 3533 526 3590 ἀοιιιο
536 3532 900 3592 Dominiemras'busdiebua
988 3539 1031 3590 ll.
1048 3537 1110 3592 liaeo
1138 3538 1226 3593 omnia
1239 3536 1353 3593 eontulit
1380 3536 1434 3592 illis
1456 3535 1596 3608 spiritibus
1617 3533 1679 3605 ipse
1698 3533 1749 3607 qul

101 3620 605 3689 uiioemeoe‚uteideumvoluntotam
613 3622 771 3679 Demiaine
785 3622 898 3678 visitem
951 3624 1070 3680 condidit
1083 3622 1155 3689 illos,
1187 3641 1257 3680 unns
1281 3632 1362 3696 atque
1374 3625 1447 3681 idem
1471 3640 1594 3680 summus
1616 3622 1746 3694 Spiritus,

102 3707 243 3780 templum
255 3711 315 3781 ejtta
329 3708 343 3766 i
357 3709 445 3781 (Paul.
460 3724 543 3780 xxva,
559 3709 598 3781 i).
611 3707 711 3778 Quidni
727 3709 764 3763 ibi
777 3707 898 3764 sidentur
952 3708 1076 3765 dividens
1085 3710 1202 3783 aiugnlis
1216 3720 1296 3781 prout
1308 3711 1403 3766 voluit,
1419 3712 1483 3768 lime
1496 3720 1624 3781 operatur
1640 3710 1668 3766 in
1682 3709 1748 3777 illia,

101 3811 148 3854 eor
163 3796 344 3871 Deliqnidni
360 3797 398 3853 ibi
418 3799 548 3869 probetur
562 3812 623 3870 qnae
644 3799 681 3854 sit
698 3796 825 3854 veluntas
850 3797 899 3852 Dei
952 3797 1098 3854 haeededit
1120 3798 1226 3867 operari
1245 3805 1271 3855 et
1286 3797 1349 3867 illis,
1373 3797 1521 3857 eadaliter.
1543 3799 1648 3856 Ardent
1661 3798 1746 3857 Sera-

100 3888 183 3952 bona,
201 3892 230 3941 et
244 3886 433 3959 beneplacens,
447 3897 474 3944 et
491 3884 616 3960 perlaeta
629 3887 643 3943 i
662 3885 774 3944 Benain
788 3902 829 3955 se,
845 3886 899 3957 pla·
952 3886 1028 3958 phin,
1044 3885 1092 3942 sed
1108 3885 1171 3958 igne
1184 3885 1246 3957 Dei,
1260 3888 1299 3943 vel
1320 3887 1410 3956 potins
1423 3886 1486 3959 igne
1501 3886 1567 3946 [leo.
1582 3887 1661 3954 Ouod
1674 3903 1747 3959 prm·

100 3990 166 4034 oens
181 3975 208 4031 in
222 3975 375 4044 eiieotibna,
396 3974 576 4050 beneplaoeua
590 3975 751 4044 irnenlibua,
779 3974 898 4049 perlaeta
951 3977 1062 4046 eipnum
1076 3983 1117 4030 est
1139 3975 1168 4031 in
1190 3978 1240 4046 eis,
1265 3982 1365 4042 amant,
1380 3977 1428 4033 aed
1442 3991 1497 4032 non
1511 3984 1644 4046 qnantum
1656 3978 1743 4044 Dens,

101 4064 237 4138 perfertis,
252 4075 279 4122 et
296 4065 363 4122 nihil
377 4065 450 4124 nitra
467 4065 663 4140 querentibus.
683 4066 779 4121 Patent
792 4064 896 4121 viscera
951 4064 1155 4137 neoqnomodo.
1171 4065 1272 4121 Lueenl
1281 4064 1429 4130 Cherubin,
1445 4072 1473 4121 et
1486 4064 1600 4122 seientia
1609 4065 1746 4136 eminent,

100 4154 304 4225 misericordie,
318 4155 603 4231 patentaugitationes
616 4154 701 4227 paris,
721 4153 824 4211 divitiae
852 4167 897 4208 sa·
951 4155 996 4210 sed
1013 4153 1153 4226 participio
1176 4155 1308 4221 veritatis;
1325 4171 1356 4212 ae
1376 4171 1424 4230 per
1444 4157 1494 4212 lree
1509 4170 1562 4211 nen
1586 4161 1614 4210 nt
1630 4154 1745 4221 Veritas,

100 4243 163 4299 lntia
177 4242 272 4313 440,
288 4244 419 4318 mysteria
438 4246 516 4302 bonae
530 4244 695 4321 voluntatisg
723 4242 898 4319 benignitatis
914 4260 1001 4356 ones
1018 4251 1160 4315 quantum.
1174 4243 1273 4300 Sedent
1293 4244 1403 4314 Turoni,
1424 4244 1470 4300 sed
1489 4243 1633 4300 insidentis
1650 4243 1743 4298 bene-

100 4350 209 4400 arenna,
230 4349 290 4407 qnae
314 4334 408 4391 elassa
432 4333 602 4403 mortalibus,
622 4320 703 4392 etiam
717 4332 783 4406 ipsis
806 4332 898 4389 elsatia
950 4333 1020 4390 finio.
1044 4332 1169 4389 iudicant
1195 4332 1289 4404 stipsi
1316 4348 1378 4390 enm
1405 4332 1607 4405 tranquillitate,
1623 4332 1672 4390 sed
1687 4347 1744 4390 noa

99 4431 228 4495 suspecta
250 4430 322 4479 sunt.
353 4425 382 4480 ld
401 4424 511 4497 quidem
534 4421 689 4490 salubriter,
712 4438 747 4479 ne
770 4422 897 4480 desinant
950 4423 982 4477 ad
999 4438 1151 4478 mensuram
1174 4422 1320 4479 modumve
1343 4422 1416 4492 paeia
1441 4422 1571 4493 parantis,
1596 4423 1670 4493 panis
1684 4436 1744 4494 qum

100 4511 206 4580 timere,
231 4511 295 4568 dunt
308 4513 423 4568 neudum
440 4512 524 4585 digne
542 4528 633 4569 amare
647 4512 737 4569 idonei
753 4511 898 4569 inveninn·
948 4519 1205 4582 exsuperatomnem
1213 4511 1743 4580 sensnm.Dominanlurilominationes,

111 4617 155 4655 ur.
950 4600 998 4656 sed
1012 4601 1062 4656 sub
1075 4599 1193 4656 Domino
1211 4598 1393 4666 dominantur,
1408 4599 1530 4657 serviunt
1543 4600 1657 4671 pariter.
1671 4596 1743 4667 Quid

136 4692 179 4747 ld.
196 4690 314 4747 Camere
328 4698 369 4746 est
392 4690 418 4745 in
446 4689 490 4747 his
512 4688 561 4764 qui
595 4690 728 4763 Seraphin
752 4689 892 4763 appellen·
949 4691 1001 4747 hoe
1013 4691 1047 4746 ad
1062 4705 1205 4754 sumam.
1219 4689 1425 4760 senpiternam,
1444 4688 1640 4763 singulareque
1654 4686 1741 4744 domi·

99 4784 152 4844 tur,
185 4778 323 4850 quemodo
340 4786 410 4832 amet
440 4778 488 4852 qni
523 4779 597 4836 unde
623 4787 695 4834 amat
719 4793 774 4834 non
803 4778 895 4844 habet,
950 4778 1024 4833 nium
1048 4779 1198 4835 iProesunt
1213 4778 1420 4848 Priueipalnsat
1436 4784 1535 4851 regant
1552 4795 1559 4832 :
1576 4776 1622 4833 sol
1638 4792 1744 4850 rague-

100 4863 149 4917 sed
164 4867 304 4938 estetqni
320 4866 388 4924 nibil
404 4867 499 4924 borum
516 4884 577 4941 qum
606 4866 698 4924 ieeerit
724 4865 783 4922 odit
803 4881 897 4939 :quos
951 4875 994 4924 tur
1012 4876 1040 4925 et
1054 4868 1114 4939 ipsi,
1138 4869 1176 4924 ita
1195 4877 1222 4924 nt
1246 4883 1338 4941 regere
1358 4869 1416 4938 iarn
1438 4883 1493 4927 uon
1515 4867 1617 4937 norint,
1642 4864 1742 4942 stragi

100 4951 242 5008 salvandos
256 4954 328 5024 lesit,
343 4955 738 5030 quomedotovanaqnomono
754 4955 893 5026 provebat,
949 4955 1078 5013 desierint
1105 4955 1236 5012 Proeoellit
1259 4956 1287 5012 ie
1308 4956 1487 5014 Potestatibna
1507 4955 1641 5012 territano
1667 4956 1742 5012 :aed

98 5042 236 5115 quomodo
256 5045 436 5115 amplexetur,
457 5042 594 5117 quomodo
622 5043 723 5100 daiieta
745 5043 836 5100 eieelae
848 5045 896 5114 jn·
949 5044 995 5116 qni
1008 5045 1108 5100 debent
1129 5044 1202 5116 qnod
1223 5042 1308 5100 fortas
1322 5052 1394 5110 annt,
1410 5053 1438 5099 et
1452 5043 1528 5100 aliter
1551 5050 1594 5099 est
1612 5042 1700 5111 fortis,
1715 5054 1742 5101 et

100 5129 294 5201 venundemur,
309 5142 335 5188 et
348 5132 437 5203 paleas
449 5132 662 5206 ignorantiarum
677 5132 738 5201 ejus
753 5131 827 5206 ignis
850 5132 897 5190 ille
951 5134 1027 5202 plns;
1038 5147 1088 5188 nee
1101 5139 1154 5187 tarn
1165 5131 1331 5203 fortiaqnam
1344 5131 1406 5205 ipsa
1419 5132 1548 5190 fortitudo
1557 5131 1741 5201 maximnm,

134 5274 192 5345 (67)
208 5275 246 5329 Ex
261 5274 303 5329 his
320 5274 411 5330 verbis
433 5280 517 5345 patet,
533 5272 701 5331 bernardum
728 5289 856 5334 sermnem
874 5281 890 5334 t
950 5274 1013 5331 iiaee
1027 5274 1111 5330 insius
1126 5274 1154 5329 in
1168 5272 1323 5348 pretatione
1337 5274 1371 5331 ad
1387 5284 1490 5337 tomum
1498 5276 1544 5334 111.

98 5345 127 5402 in
142 5345 210 5402 iesto
240 5345 366 5402 Omnium
390 5346 550 5404 Sanctorum
576 5360 631 5401 non
660 5345 696 5402 ita
711 5345 831 5403 sensisse
861 5349 896 5404 de
985 5344 1741 5420 (ea)lnqubusdam,mpurtoejnrentults,sedrnen·

100 5417 178 5473 altari
192 5417 251 5489 illo,
266 5417 342 5490 qnasi
364 5416 502 5474 intellectu
516 5427 563 5474 ant
587 5416 640 5474 lide
664 5415 692 5473 id
707 5416 758 5473 sibi
783 5430 895 5476 uenata-
950 5419 1030 5489 dose;
1047 5419 1091 5473 bio
1106 5416 1177 5474 enim
1192 5419 1280 5493 agitur
1294 5419 1329 5475 de
1341 5417 1443 5477 elensis.

101 5491 226 5545 retrsed
242 5500 342 5545 tantum
360 5489 496 5561 opinative
516 5488 680 5546 sententiam
698 5501 776 5546 snam
795 5488 896 5550 dixisse
1535 5502 1537 5507 ⁴
1628 5500 1632 5505 '
1675 5510 1679 5517 ’
