3728 5940
164 192 220 254 559

167 310 515 378 commendamusnostibi,
531 327 592 368 cum
612 312 640 366 ln
663 313 747 369 multo
769 315 824 383 jam
840 320 1002 410 temporeg

167 406 315 479 gloriemur
327 404 354 459 in
367 402 492 467 Domino,
508 403 582 474 quod
594 399 715 458 inuenire
728 403 830 459 meruit
843 404 961 473 parvitas

168 503 258 550 nostra
272 491 386 566 gratiam
402 488 430 545 in
452 489 538 546 oculis
562 489 717 546 Sanctitatis
740 496 793 546 tuae
810 507 818 546 τ
838 491 886 546 sed
906 506 965 547 ora·

167 598 228 639 mus
244 589 272 637 ut
289 578 408 648 dilectio,
422 579 479 648 jam
493 594 547 634 non
560 593 641 645 nova,
664 579 743 637 noris
764 579 886 652 quotidie
901 596 963 650 pro·

166 668 239 725 liciat
255 669 438 724 incrementis.
464 667 548 724 Filios
574 675 695 735 nostros,
729 668 784 724 imo
807 677 835 724 et
864 677 963 739 vestro,

167 763 240 811 tanto
254 754 381 811 obnixius
401 755 624 811 commendamus
638 755 723 824 vobis,
741 764 840 825 quanto
850 755 968 826 amplias

167 844 278 903 remorti
306 851 369 901 sunt
398 861 413 899 a
438 845 528 901 nobis.
556 846 611 902 tos
640 845 715 900 scitis
746 845 875 916 qnoniam
913 853 968 904 tota

638 187 667 246 S.
691 186 861 248 assatam
878 188 1016 252 ABBATIS
1029 191 1345 255 amentatusdsts

1160 317 1330 376 EPlSTOLd
1345 317 1495 376 ccccvttt
1508 320 1598 394 (933).

1090 417 1392 472 subornaveram,
1408 422 1506 464 naurs
1521 423 1724 470 omnnem.

1019 492 1104 563 θροιιι
1118 495 1361 550 etauctoritatem
1374 496 1521 567 Pontifices
1536 499 1569 554 t'a
1577 513 1649 571 poce
1667 500 1821 560 ructato

1109 565 1272 638 Composita
1285 568 1385 622 comiti
1391 569 1571 639 procurando
1590 571 1729 644 postulat.

1054 659 1131 727 Quod
1146 676 1238 718 comes
1251 663 1421 721 Tbeobttldus
1436 673 1522 740 rogat,
1544 674 1571 722 et
1589 683 1643 742 ego
1659 686 1666 724 ι
1692 670 1768 728 lilius
1782 673 1822 729 si·

1021 748 1132 820 quidem
1139 749 1213 819 pacis
1236 760 1286 808 est.
1301 753 1336 807 Et
1351 754 1437 809 zelum
1453 756 1526 825 pacis
1538 754 1631 823 babet,
1644 759 1694 814 sed
1708 775 1727 816 a
1743 761 1823 817 tobis

1021 837 1172 909 tlagitamus
1187 837 1324 895 ellectum.
1340 841 1415 898 Pacis
1431 852 1520 900 vester
1533 845 1711 917 apostolatus,
1743 852 1823 921 pacis

168 944 231 1005 post
251 934 337 989 Deum
366 932 465 989 fiducia
492 940 585 989 nostra
600 933 659 1002 suit,
681 942 711 989 ut
734 935 900 992 mitteremus
921 950 969 991 eos
1021 926 1106 993 10038.
1121 943 1203 999 quem
1218 929 1326 996 tenetis,
1341 931 1448 987 debiwr
1478 942 1530 989 est·
1547 934 1754 996 Paoemomttes
1774 941 1821 996 di·

167 1023 294 1097 quoniam
320 1022 474 1079 Sanctitatis
493 1032 591 1078 restrae
607 1037 661 1077 non
676 1022 847 1095 acquiescere
866 1024 969 1080 licitum
1022 1016 1118 1090 ligant,
1137 1016 1216 1088 pauci
1229 1028 1374 1074 merentur.
1398 1021 1481 1077 Porro
1502 1022 1536 1078 de
1563 1024 1733 1083 amatoribus
1756 1045 1824 1100 puer

168 1112 320 1168 videbatur.
341 1109 432 1167 Facite
459 1110 531 1182 quod
551 1123 602 1165 ros
620 1111 709 1175 namt,
733 1117 764 1165 ut
783 1111 845 1166 totis
858 1110 971 1168 visceri
1023 1112 1113 1163 aester
1127 1120 1156 1160 se
1170 1121 1229 1160 essa
1242 1103 1358 1164 latetur:
1371 1124 1404 1163 aa
1417 1109 1487 1166 etta
1515 1110 1689 1171 menodoro
1710 1114 1759 1186 ait,
1774 1131 1824 1174 roa

170 1203 220 1257 bus
234 1198 372 1255 charitatis
385 1196 584 1271 amplectamini
607 1214 665 1264 eos,
682 1208 709 1253 et
723 1197 852 1256 foveatis.
867 1200 970 1271 Nequa-
1022 1192 1186 1263 indicabitis·
1197 1192 1285 1248 Unum
1294 1202 1345 1264 est,
1362 1196 1436 1268 qaod
1450 1197 1499 1254 etsi
1515 1213 1566 1255 nos
1593 1215 1647 1256 rton
1672 1217 1824 1275 meremur,

170 1305 250 1363 quara
269 1288 410 1344 occasione
436 1285 528 1357 aliqua
551 1287 621 1343 circa
649 1301 696 1342 eos
708 1285 857 1344 sollicitudo
870 1300 897 1344 et
911 1288 972 1343 dili·
1024 1296 1131 1354 sponsae
1145 1280 1254 1344 Christi,
1266 1292 1379 1354 quaeest
1393 1285 1529 1354 Ecclesia,
1555 1289 1705 1346 necessitas
1718 1291 1824 1366 exigit:

171 1376 261 1452 gentis
288 1385 419 1448 tepescat,
448 1383 474 1431 et
494 1385 589 1446 pereat
616 1375 689 1448 quod
716 1375 846 1447 plantavit
860 1376 972 1433 dextera
1025 1369 1126 1426 amicus
1141 1368 1238 1440 Sponsi
1258 1385 1313 1427 non
1333 1372 1501 1430 contristabit
1515 1389 1577 1432 eam
1597 1377 1683 1450 (936).
1708 1381 1754 1436 Ad
1772 1381 1825 1439 boc

144 1467 150 1483 ι
171 1473 227 1522 qua·
1025 1458 1123 1514 illiuni
1134 1459 1199 1515 Sodi
1217 1462 1371 1530 apostolicae
1387 1463 1517 1521 incumbit
1539 1467 1825 1528 sollicitudoomoium

206 1552 438 1624 eranquidam
457 1552 522 1625 quia
544 1553 613 1607 bene
634 1550 743 1625 proficit
770 1552 876 1622 domus,
897 1560 925 1609 et
939 1568 972 1609 ex
1027 1547 1220 1616 Ecclesiarum,
1239 1557 1268 1604 ut
1282 1564 1379 1607 omues
1396 1554 1446 1609 sub
1465 1554 1558 1621 illa,et
1572 1555 1599 1613 in
1615 1557 1659 1612 illa
1678 1560 1825 1628 anmatos,-

169 1643 266 1700 sestris
287 1641 394 1706 litteris,
417 1648 442 1696 et
468 1655 501 1696 ex
529 1638 640 1696 fratrum
671 1648 824 1696 nostrorum
844 1640 973 1699 relatione
990 1610 1053 1692 Bet
1065 1634 1126 1706 ipsa
1139 1651 1189 1706 pro
1211 1637 1337 1693 omnibus
1366 1641 1484 1696 sollictta
1507 1643 1541 1699 sit
1557 1660 1665 1704 serrtue
1693 1647 1826 1706 natitatem

168 1729 336 1787 didicimus:
353 1728 546 1798 multiplicatur
563 1737 617 1785 tam
636 1728 663 1784 in
677 1729 870 1801 temporalibus
891 1747 972 1802 quarn
1025 1724 1142 1795 Spiritus
1156 1725 1184 1780 ia
1197 1724 1304 1782 vinculo
1319 1730 1406 1799 pacis.
1424 1731 1524 1788 Pacem
1548 1749 1614 1804 ergo
1636 1734 1697 1792 date
1731 1737 1824 1806 uobis,

169 1820 197 1874 in
212 1817 409 1890 spiritualibus.
439 1817 516 1873 Unde
536 1825 564 1871 et
584 1819 803 1889 congratulamur
825 1817 971 1891 plurimum
1026 1812 1227 1884 pacemntittite
1241 1813 1344 1872 nobis:
1369 1816 1419 1871 etsi
1442 1834 1496 1874 rton
1523 1819 1588 1892 quia
1613 1821 1730 1893 debetis,
1754 1834 1826 1885 cette

171 1915 200 1963 et
212 1915 269 1964 toto
283 1906 374 1963 animo
390 1905 491 1977 gratias
504 1907 611 1978 agimus
628 1906 687 1961 Deo
711 1916 737 1962 et
760 1914 880 1978 paterna
894 1907 971 1964 solli·
1025 1900 1072 1976 qui
1085 1900 1196 1957 obedire
1206 1901 1324 1959 debetis.
1338 1902 1409 1960 Satis
1422 1922 1472 1979 pro
1486 1907 1611 1982 imperio.

171 1986 286 2053 citudini
300 2002 411 2051 vestra.
425 1994 462 2048 Et
484 1993 611 2064 quoniam
626 1995 709 2049 multa
735 1994 824 2051 adbuc
838 2010 907 2067 opos
930 2003 972 2052 est

172 2081 319 2156 vigileutia,
337 2091 464 2152 tanquam
477 2078 505 2134 in
531 2080 591 2136 loco
620 2095 701 2147 novo,
718 2092 744 2137 et
768 2082 796 2137 itt
820 2093 891 2139 terra
916 2090 971 2139 tam
1218 2043 1388 2104 EPISTOLA
1409 2046 1529 2108 eccm
1543 2051 1630 2124 (⁹3⁵)·

172 2174 284 2241 insueta,
300 2171 356 2229 imo
370 2181 398 2226 et
414 2170 552 2241 inexperta
575 2170 730 2227 monastiea
745 2173 901 2242 religiosas
922 2173 971 2228 ob·
1061 2154 1359 2201 cuffl'vmusw'
1372 2160 1410 2201 ΑΒ
1435 2161 1555 2207 ⁸U¹⁰⁸¹¹
1587 2166 1790 2211 emma!-

173 2278 310 2320 sacramus
328 2261 355 2315 in
371 2259 498 2327 Domino,
514 2274 548 2314 ne
564 2259 703 2315 retrahatis
721 2275 833 2315 rnaoum
844 2270 968 2330 uestram,
1025 2245 1158 2304 dilatem
1175 2248 1560 2339 Morimttadtterosolpqaom
1567 2263 1824 2332 peregrinaturum

171 2351 296 2424 sedquod
306 2351 376 2404 bene
389 2345 478 2405 ΜΒ
489 2347 649 2417 incoepistis,
685 2347 789 2419 optime
816 2348 968 2420 perficiatis.
1248 2417 1254 2427 Ι
1289 2329 1568 2430 captarat-raanan.
1781 2414 1784 2419 Ι

171 2442 211 2496 De
226 2439 352 2495 iratribus
367 2437 477 2507 nostris,
492 2436 540 2508 qui
552 2437 713 2493 redierunta
728 2438 788 2494 loco
809 2439 867 2508 illo,
892 2440 970 2496 nobis
1060 2414 1171 2471 summ
1181 2416 1300 2487 P⁰m¹f¹⁰¹
1315 2418 1345 2474 C·
1369 2419 1481 2491 Pl¹⁸¹¹¹¹¹⁸
1489 2439 1556 2495 81⁶¹
1571 2425 1604 2480 (¹0
1637 2427 1825 2493 Clara-Valle,

170 2532 241 2586 bene
268 2527 413 2600 placuisset
427 2527 450 2582 sq
473 2527 675 2583 remansissem,
695 2527 730 2583 Et
755 2526 869 2585 sonasse
902 2545 972 2587 non,
1023 2502 1225 2604 detotissimam
1240 2505 1336 2564 debitae
1348 2508 1525 2609 subjectionis
1539 2514 1729 2583 obedientiam,
1757 2519 1826 2574 etsi

170 2620 270 2673 nullam
285 2617 453 2674 occasionem
475 2616 648 2685 praebueruot
661 2615 701 2673 eis
721 2615 843 2686 fratrum,
862 2619 908 2691 qui
936 2621 970 2677 de
1026 2595 1487 2700 ‘1⁸¹⁶P⁰P⁸tP⁰¹⁶⁰⁸²⁰¹¹¹ffl⁰m²¹⁰f
1818 2696 1823 2706 ι

171 2704 424 2774 terrasuot,miuus
438 2702 603 2774 disciplinali
625 2719 726 2773 morea,
742 2704 769 2759 itt
791 2721 824 2762 eo
839 2708 968 2776 maxime,
1059 2681 1273 2785 0¹¹⁰¹¹J³m¹¹l¹J¹⁸
1286 2700 1442 2786 V⁰⁸ss⁰f0¹⁸
1459 2705 1546 2788 {mim
1576 2693 1753 2764 gralfflamuf·
1778 2713 1826 2768 01⁰1

171 2792 348 2866 quodminus
365 2791 441 2847 paone
464 2804 557 2846 eorum
594 2792 717 2849 commis
743 2795 915 2866 acquiescere
929 2798 969 2856 vi·
1025 2783 1104 2870 suam
1118 2771 1223 2828 dicebat
1238 2782 1393 2874 instanttam
1409 2779 1593 2850 qttottdtauanr
1615 2780 1825 2840 sollicitudinem

171 2886 269 2939 dentur
290 2881 317 2936 in
337 2880 380 2935 bis
395 2879 486 2945 rebus,
513 2893 628 2952 quaram
648 2880 725 2952 prius
753 2879 858 2938 fuerant
891 2886 969 2943 inex·
991 2872 1150 2975 e⁰¹¹¹¹¹¹u¹¹¹
1168 2862 1347 2920 E⁰⁰¹⁰⁵¹²¹f¹¹m
1357 2864 1469 2936 (1Ῑοοὒ
1494 2883 1535 2934 ¹¹·
1560 2870 1622 2942 28);
1650 2874 1724 2944 apud
1748 2888 1826 2929 ΝΜ

191 2971 251 3028 erll.

171 2988 189 3042 p
209 3062 236 3114 3.
258 3056 453 3113 charissimum
477 3054 563 3112 filium
584 3064 706 3114 nostrum
740 3058 920 3119 Christianum
947 3081 976 3132 et

171 3156 291 3206 restrum
307 3145 462 3202 remisimus
484 3143 518 3199 ad
540 3160 600 3213 ros,
627 3158 758 3219 quantum
779 3151 916 3222 potuimus
931 3154 977 3211 in·

171 3245 301 3294 structum
321 3235 429 3306 plenius
444 3233 471 3288 in
487 3233 530 3288 bis
553 3250 614 3306 quae
627 3235 661 3289 ad
677 3233 806 3293 Ordinem
829 3241 974 3309 pertinent,

172 3332 199 3381 et
217 3327 250 3381 do
273 3331 371 3380 cetero
398 3322 471 3378 circa
498 3322 684 3380 observantias
708 3325 766 3394 ejus
792 3326 975 3386 sollicitiorem

172 3416 301 3480 loturum,
311 3423 341 3469 ut
353 3427 507 3483 speramus.
522 3413 579 3469 Nec
590 3411 726 3469 miremini
735 3417 807 3487 quod
822 3432 876 3473 oon
886 3420 977 3491 plures

171 3520 233 3560 curn
248 3519 280 3560 eo
295 3500 419 3556 misimus
440 3499 554 3567 iratres;
570 3504 697 3572 quoniam
724 3518 775 3560 nec
803 3505 913 3563 idoneos
933 3508 977 3564 in-

173 3594 298 3651 venimus
312 3593 418 3656 tratres,
433 3590 481 3663 qui
499 3589 578 3646 lacile
601 3591 812 3666 acquiescerent,
836 3611 885 3654 nec
907 3597 979 3654 iovi·

175 3695 321 3754 toscogera
335 3678 480 3737 consilinm
490 3678 550 3736 luit.
571 3680 769 3738 Dilectissimus
783 3684 866 3744 trater
886 3698 979 3746 noster

175 3771 309 3827 liebertus
322 3768 397 3840 (939)
413 3767 539 3840 precibus
548 3768 650 3823 nostris
664 3769 799 3841 acquievit
815 3773 895 3828 etiam
928 3776 979 3832 bac

175 3859 244 3929 tice,
258 3869 385 3929 tanquam
398 3855 470 3911 lilius
485 3856 657 3912 obedientiae.
673 3858 798 3915 Vestrum
813 3864 863 3918 erit
885 3864 979 3933 juvare

175 3965 248 4019 eum,
275 3954 305 4003 ut
319 3946 405 4019 possit
417 3948 474 4017 jam
489 3953 516 4002 et
530 3946 558 4001 in
572 3945 728 4002 aedificiiset
742 3947 770 4003 in
798 3951 903 4008 caeteris
927 3968 978 4010 nc-

175 4037 301 4097 ccssariis
314 4034 471 4110 promoveri
486 4035 585 4091 domus
598 4043 699 4093 vestra.
715 4037 783 4092 Illud
798 4055 906 4112 quoque
931 4043 981 4098 Pa·

175 4118 292 4186 ternitati
314 4133 411 4185 restrae
441 4124 623 4196 suggerimus,
651 4134 680 4181 ut
699 4125 765 4182 viris
789 4129 936 4202 religiosis,
951 4146 981 4193 et

1031 2948 1139 3005 Pietatis
1153 2960 1263 3017 testrae,
1276 2951 1340 3008 licet
1355 2954 1506 3025 majoribus
1527 2967 1671 3030 occupatas
1700 2962 1825 3032 negotiis,

1031 3037 1163 3108 repulsam
1179 3047 1267 3094 tamen
1283 3056 1337 3097 uon
1352 3045 1449 3100 metuit
1465 3052 1557 3102 nostra
1567 3046 1710 3119 pusillitas,
1735 3065 1825 3105 remm

1032 3140 1130 3197 magna
1140 3127 1278 3198 compellit
1295 3131 1467 3189 necessitas:
1490 3149 1579 3206 oeque
1594 3135 1666 3190 enirn
1680 3152 1730 3207 pro
1753 3136 1830 3193 mini·

1032 3229 1075 3270 mo
1088 3215 1182 3271 audire
1199 3218 1319 3289 potestis,
1331 3219 1365 3274 de
1380 3219 1479 3290 quibus
1495 3223 1635 3280 auditurus
1651 3224 1723 3282 estis.
1752 3227 1828 3297 Quod

1031 3305 1086 3359 arri
1101 3317 1138 3358 cx
1151 3305 1281 3361 oriairais
1294 3307 1493 3378 metssect'stt's,
1510 3311 1585 3368 milti
1592 3315 1703 3383 secatis
1718 3315 1829 3385 (Natta.

1032 3407 1103 3456 xxv,
1118 3393 1173 3464 td).
1191 3391 1279 3448 Causa
1292 3400 1383 3450 autem
1397 3395 1456 3452 baec
1470 3412 1525 3452 non
1539 3409 1633 3457 nostra
1648 3410 1761 3471 tantum,
1780 3403 1828 3460 sed

1032 3481 1113 3537 totius
1127 3481 1240 3548 ordinis,
1257 3482 1342 3538 nostri
1371 3484 1406 3540 ob
1433 3500 1514 3557 quarn
1537 3487 1616 3544 etiam
1637 3489 1708 3547 lilius
1729 3500 1826 3564 vester,

1032 3580 1124 3628 noster
1137 3570 1258 3628 omniunt
1284 3571 1414 3630 videlicet
1436 3582 1523 3646 pater,
1539 3576 1573 3649 si,
1595 3595 1658 3636 oum
1688 3579 1732 3636 bae
1758 3582 1829 3638 datae

1033 3668 1105 3730 sunt,
1121 3659 1195 3716 domi
1209 3658 1305 3717 luisset
1323 3661 1412 3735 (936),
1437 3672 1483 3720 aut
1512 3676 1607 3723 vestrae
1626 3684 1677 3739 per
1706 3669 1829 3742 seipsam

1033 3749 1183 3821 Maiestatis
1204 3750 1373 3822 praesentiam
1399 3751 1519 3825 adiisset,
1545 3763 1592 3810 aut
1622 3765 1697 3814 certe
1719 3775 1757 3816 ex
1779 3776 1829 3818 sao

1034 3839 1143 3896 nomina
1154 3840 1280 3910 scriptam
1304 3840 1374 3897 batto
1385 3839 1565 3900 miserabilem
1574 3844 1830 3922 lacrymabilemque

1034 3928 1190 4003 delegasset
1204 3928 1417 4003 querimoniam.
1432 3930 1484 3986 Sed
1493 3947 1529 3988 ne
1554 3933 1601 3990 ditt
1614 3935 1759 3994 sollicitam
1767 3938 1831 4009 obq-

1034 4017 1139 4075 ritatem
1148 4015 1235 4076 824
1249 4026 1365 4077 vestram
1386 4022 1594 4096 suspendamus,
1624 4042 1694 4082 auus
1721 4043 1755 4084 art
1776 4029 1829 4084 tra·

1036 4107 1121 4162 tribus
1136 4107 1235 4161 nostris
1242 4107 1393 4175 abbatibus,
1410 4107 1455 4181 qui
1469 4110 1609 4168 dicebatur
1622 4113 1657 4170 de
1678 4115 1831 4173 blorimun·

175 4232 243 4288 quos
263 4214 377 4285 speratis
405 4212 482 4269 utiles
502 4213 560 4268 lore
585 4217 756 4282 monasterio,
785 4220 978 4287 persuadeatis,
996 4178 1019 4257 ὓ
1035 4195 1070 4251 d⁰
1085 4196 1169 4267 (⁹³⁷),
1184 4195 1274 4268 ΨΜ
1287 4197 1331 4254 ⁰¹¹5
1347 4205 1460 4270 Pfaeffl‘
1473 4201 1664 4259 mmmmm
1677 4204 1831 4264 inmusulie

176 4311 308 4376 quatenus
321 4302 354 4356 ad
371 4315 464 4354 eorum
479 4300 610 4355 Ordinem
624 4301 737 4358 saniant
752 4321 760 4358 :
775 4307 901 4374 quoniam
923 4309 980 4366 baec

176 4393 227 4448 erit
240 4403 345 4446 summa
358 4385 460 4441 utilitas
474 4388 581 4454 domus,
606 4399 633 4445 et
646 4389 723 4446 vobis
745 4392 849 4449 facilius
874 4398 981 4468 acquie-

176 4490 264 4540 scent.
275 4477 370 4534 Valeat
382 4474 513 4532 Sanctitas
526 4485 625 4546 vestra,
641 4477 726 4533 nostri
746 4495 855 4553 semper
876 4499 980 4543 memor

178 4575 205 4629 io
228 4567 347 4626 Christo.

213 4694 289 4769 (999)
308 4690 376 4762 Quis
397 4689 449 4746 iste
472 4688 628 4746 Robertusl
655 4706 688 4746 an
716 4691 855 4752 ttobertus
882 4697 926 4754 ille
940 4701 981 4758 vir

177 4776 297 4835 sanctus,
313 4782 329 4819 a
344 4762 455 4818 Serlorte
469 4760 595 4817 laudatus
612 4761 641 4816 iu
657 4763 774 4821 Historia
806 4766 980 4843 Fontaaeusi,

177 4836 318 4898 itonastici
337 4832 480 4905 anglicani
495 4839 570 4913 tomo
584 4833 606 4903 l,
618 4848 683 4916 pag.
711 4837 765 4891 lt‘a
797 4847 825 4893 at
842 4840 906 4913 tta,
921 4858 980 4898 mo·

178 4914 279 4968 nacbus
301 4907 419 4981 quodam
460 4905 650 4969 thebtensrs,
692 4908 810 4965 sociatus
842 4914 981 4970 monachis

178 4984 213 5040 de
228 4980 354 5038 coenobio
367 4974 535 5033 Eboracansi
560 4978 690 5049 egressis,
710 4980 745 5033 de
771 4981 871 5051 quibus
900 5000 981 5056 supra

178 5056 212 5109 ad
226 5053 366 5124 epistolam
381 5050 415 5103 95
430 5056 458 5102 ot
472 5049 640 5118 sequentes?
654 5063 688 5103 an
712 5050 854 5119 liobertus,
868 5054 980 5112 Bernar-

179 5125 206 5181 di
222 5122 449 5194 consanguineus,
463 5118 586 5190 adquam
609 5118 724 5190 epistola
739 5123 779 5178 tt

213 5197 288 5268 (933)
299 5194 374 5248 Alias
385 5190 498 5262 epistola
512 5191 565 5245 att
581 5209 588 5245 :
602 5206 662 5272 quae
678 5208 742 5249 tero
755 5199 836 5248 antea
849 5195 902 5250 358
911 5204 977 5266 erat,

179 5284 250 5332 nuuc
266 5266 328 5319 376.
344 5262 451 5333 Scripta
463 5276 537 5317 anuo
550 5262 651 5317 Christi
668 5266 747 5320 ttta.

216 5337 289 5407 (933)
303 5334 366 5389 Post
379 5333 472 5398 verba,
488 5334 597 5390 amicus
613 5336 779 5406 Sponsirtoa
794 5337 977 5396 contristabit

180 5424 256 5471 eam,
268 5407 298 5461 iu
318 5402 410 5460 codice
434 5402 582 5459 Vedastiao
605 5407 873 5466 additur:t'rutrem
882 5411 979 5467 dves-

180 5473 977 5549 traerrtojestott‘etcommeadoot'musctcommeadoaras,

1035 4285 1248 4352 satisdrsereus,
1267 4286 1364 4358 spiritu
1379 4286 1498 4344 latitatis
1524 4289 1657 4361 impulsus
1675 4295 1769 4353 statuit
1782 4312 1832 4368 pe·

1036 4380 1094 4430 tere
1107 4374 1312 4445 lerosolymam,
1321 4375 1396 4446 prius
1407 4377 1527 4448 quidem,
1540 4389 1569 4436 ut
1581 4381 1666 4450 aiunt,
1682 4384 1705 4441 si
1718 4385 1833 4443 circam·

1035 4462 1183 4532 spectionis
1212 4469 1308 4520 arslrae
1348 4466 1520 4536 prudentiam
1547 4476 1707 4538 tentaturus,
1731 4473 1830 4547 siquo

1036 4550 1118 4607 modo
1132 4569 1147 4609 a
1162 4551 1240 4609 vobis
1254 4568 1305 4609 suo
1315 4564 1407 4631 posset
1421 4555 1508 4613 errori
1516 4561 1832 4632 extorquereliceutiam.

1035 4721 1101 4778 qoto
1112 4704 1354 4763 commendandas
1367 4713 1418 4764 est.
1433 4706 1499 4776 Qua
1512 4726 1575 4768 tero
1587 4720 1736 4784 sequnntur
1757 4716 1833 4786 ejus·

1035 4781 1095 4831 dent
1110 4776 1235 4847 epistole
1254 4777 1282 4831 in
1298 4778 1427 4848 praedicto
1447 4781 1591 4839 vedastino
1610 4782 1715 4850 codiee,
1734 4802 1831 4844 noram

1035 4847 1273 4918 incipiuntlioeam
1287 4863 1348 4904 cum
1375 4850 1426 4906 hoc
1445 4852 1522 4908 titulo
1542 4855 1578 4910 ott
1593 4855 1732 4927 eandam,
1755 4860 1831 4930 quasi

1037 4919 1120 4975 altera
1134 4929 1207 4975 esset
1220 4918 1342 4991 epistola.
1360 4921 1512 4979 blaterans.

1071 4990 1147 5063 (stt)
1175 4990 1295 5061 Epistola
1308 5006 1378 5047 nora
1394 5011 1401 5048 :
1417 5011 1478 5067 quae
1492 5011 1556 5052 vero
1584 5005 1663 5053 antes
1687 5001 1740 5058 359
1765 5007 1832 5064 erat,

1036 5077 1109 5117 nunc
1123 5064 1186 5118 eta.
1199 5063 1303 5133 Scripta
1317 5062 1417 5120 Christi
1429 5069 1511 5122 lll3.

1073 5133 1149 5206 (936)
1163 5131 1304 5190 Glossema
1330 5135 1384 5190 buc
1407 5138 1562 5207 irrepserat,
1579 5141 1661 5198 Forte
1673 5157 1738 5199 eum
1763 5143 1835 5199 tanc

1034 5207 1196 5276 contigerat
1209 5205 1311 5273 obesse,
1326 5211 1353 5262 ct
1368 5206 1453 5280 bajas
1467 5210 1605 5267 reiodbac
1619 5213 1755 5294 ipsoram
1765 5226 1835 5269 csse.

1067 5278 1142 5349 (937)
1156 5277 1309 5348 Rayualbns
1336 5277 1438 5335 sciboet
1460 5280 1544 5336 abbas
1566 5283 1729 5341 Monmondi
1749 5298 1837 5357 quar·

1035 5356 1080 5403 tus
1093 5349 1127 5403 ab
1150 5349 1269 5404 Arnoldo
1297 5348 1392 5405 abbate
1418 5349 1516 5422 primo,
1541 5353 1588 5425 qui
1602 5354 1666 5411 item
1699 5355 1837 5411 abbatiam

1032 5419 1163 5489 deseruit,
1177 5437 1208 5475 ex
1228 5420 1343 5490 epistola
1364 5430 1470 5493 quarta.
1490 5423 1646 5496 Ragnaldus
1658 5427 1740 5483 etiam
1753 5425 1839 5485 cessit

1035 5490 1198 5562 praefectura
1207 5497 1268 5564 post
1282 5491 1401 5562 quincius
1408 5507 1493 5551 annos
1512 5494 1663 5571 regiminis.
