<?xml version="1.0" encoding="UTF-8"?>
<!DOCTYPE html PUBLIC "-//W3C//DTD XHTML 1.0 Transitional//EN"
    "http://www.w3.org/TR/xhtml1/DTD/xhtml1-transitional.dtd">
<html xmlns="http://www.w3.org/1999/xhtml" xml:lang="en" lang="en">
 <head>
  <title>
</title>
<meta http-equiv="Content-Type" content="text/html;charset=utf-8" />
  <meta name='ocr-system' content='tesseract 3.04.00' />
  <meta name='ocr-capabilities' content='ocr_page ocr_carea ocr_par ocr_line ocrx_word'/>
</head>
<body>
  <div class='ocr_page' id='page_1' title='image "./patrologiaecurs62unkngoog_0398.png"; bbox 0 0 3714 5940; ppageno 0'>
   <div class='ocr_carea' id='block_1_1' title="bbox 51 191 156 254">
    <p class='ocr_par' dir='ltr' id='par_1_1' title="bbox 51 191 156 254">
     <span class='ocr_line' id='line_1_1' title="bbox 51 191 156 254; baseline -0.01 1"><span class='ocrx_word' id='word_1_1' title='bbox 51 214 57 230; x_wconf 91' lang='lat'>··</span> <span class='ocrx_word' id='word_1_2' title='bbox 98 191 156 254; x_wconf 79' lang='grc'>665</span> 
     </span>
    </p>
   </div>
   <div class='ocr_carea' id='block_1_2' title="bbox 837 192 1017 259">
    <p class='ocr_par' dir='ltr' id='par_1_2' title="bbox 837 192 1017 259">
     <span class='ocr_line' id='line_1_2' title="bbox 837 192 1017 259; baseline -0.044 1"><span class='ocrx_word' id='word_1_3' title='bbox 837 192 1017 259; x_wconf 75' lang='lat' dir='ltr'>mestum.</span> 
     </span>
    </p>
   </div>
   <div class='ocr_carea' id='block_1_3' title="bbox 1694 184 1748 247">
    <p class='ocr_par' dir='ltr' id='par_1_3' title="bbox 1694 184 1748 247">
     <span class='ocr_line' id='line_1_3' title="bbox 1694 184 1748 247; baseline 0 0"><span class='ocrx_word' id='word_1_4' title='bbox 1694 184 1748 247; x_wconf 86' lang='grc'>666</span> 
     </span>
    </p>
   </div>
   <div class='ocr_carea' id='block_1_4' title="bbox 97 311 1836 491">
    <p class='ocr_par' dir='ltr' id='par_1_4' title="bbox 97 311 1836 491">
     <span class='ocr_line' id='line_1_4' title="bbox 97 311 1836 420; baseline -0.001 -44"><span class='ocrx_word' id='word_1_5' title='bbox 97 331 218 420; x_wconf 80' lang='lat' dir='ltr'>operum</span> <span class='ocrx_word' id='word_1_6' title='bbox 231 318 414 380; x_wconf 78' lang='lat' dir='ltr'>exhibitione:</span> <span class='ocrx_word' id='word_1_7' title='bbox 440 330 470 380; x_wconf 89' lang='lat' dir='ltr'>ot</span> <span class='ocrx_word' id='word_1_8' title='bbox 488 322 612 382; x_wconf 83' lang='lat' dir='ltr'>christus</span> <span class='ocrx_word' id='word_1_9' title='bbox 628 339 678 383; x_wconf 91' lang='lat' dir='ltr'>nos</span> <span class='ocrx_word' id='word_1_10' title='bbox 691 324 853 383; x_wconf 83' lang='lat' dir='ltr'>confiteatur</span> <span class='ocrx_word' id='word_1_11' title='bbox 866 323 895 382; x_wconf 88' lang='lat' dir='ltr'>in</span> <span class='ocrx_word' id='word_1_12' title='bbox 917 335 1010 416; x_wconf 54' lang='lat' dir='ltr'>strate</span> <span class='ocrx_word' id='word_1_13' title='bbox 1030 325 1202 395; x_wconf 67' lang='lat' dir='ltr'>necessariae,</span> <span class='ocrx_word' id='word_1_14' title='bbox 1216 323 1261 382; x_wconf 84' lang='lat' dir='ltr'>ria</span> <span class='ocrx_word' id='word_1_15' title='bbox 1282 326 1378 383; x_wconf 81' lang='lat' dir='ltr'>secura</span> <span class='ocrx_word' id='word_1_16' title='bbox 1397 333 1425 381; x_wconf 90' lang='lat' dir='ltr'>et</span> <span class='ocrx_word' id='word_1_17' title='bbox 1451 329 1532 380; x_wconf 78' lang='grc'><strong>66616.</strong></span> <span class='ocrx_word' id='word_1_18' title='bbox 1544 328 1609 378; x_wconf 81' lang='lat' dir='ltr'>est:</span> <span class='ocrx_word' id='word_1_19' title='bbox 1629 311 1752 388; x_wconf 80' lang='lat' dir='ltr'>alioquin</span> <span class='ocrx_word' id='word_1_20' title='bbox 1833 322 1836 327; x_wconf 85' lang='grc'><strong><em>’</em></strong></span> 
     </span>
     <span class='ocr_line' id='line_1_5' title="bbox 98 399 1750 491; baseline -0.003 -26"><span class='ocrx_word' id='word_1_21' title='bbox 98 408 222 466; x_wconf 81' lang='lat' dir='ltr'>distructa</span> <span class='ocrx_word' id='word_1_22' title='bbox 255 411 425 484; x_wconf 86' lang='lat' dir='ltr'>singulorum</span> <span class='ocrx_word' id='word_1_23' title='bbox 466 417 674 486; x_wconf 74' lang='lat' dir='ltr'><strong>examinatione,</strong></span> <span class='ocrx_word' id='word_1_24' title='bbox 712 416 822 491; x_wconf 86' lang='lat' dir='ltr'>qnando</span> <span class='ocrx_word' id='word_1_25' title='bbox 845 429 897 471; x_wconf 90' lang='lat' dir='ltr'>nos</span> <span class='ocrx_word' id='word_1_26' title='bbox 950 419 1143 484; x_wconf 67' lang='lat' dir='ltr'>christanum</span> <span class='ocrx_word' id='word_1_27' title='bbox 1156 430 1211 473; x_wconf 92' lang='lat' dir='ltr'>noo</span> <span class='ocrx_word' id='word_1_28' title='bbox 1224 414 1474 487; x_wconf 87' lang='lat' dir='ltr'>fuissetingressns.</span> <span class='ocrx_word' id='word_1_29' title='bbox 1487 413 1599 470; x_wconf 76' lang='lat' dir='ltr'>Ceterae</span> <span class='ocrx_word' id='word_1_30' title='bbox 1615 407 1676 473; x_wconf 83' lang='lat' dir='ltr'>rias,</span> <span class='ocrx_word' id='word_1_31' title='bbox 1697 399 1750 462; x_wconf 83' lang='lat' dir='ltr'>etsi</span> 
     </span>
    </p>
   </div>
   <div class='ocr_carea' id='block_1_5' title="bbox 51 498 900 2808">
    <p class='ocr_par' dir='ltr' id='par_1_5' title="bbox 51 498 900 2446">
     <span class='ocr_line' id='line_1_6' title="bbox 99 498 897 576; baseline 0.008 -23"><span class='ocrx_word' id='word_1_32' title='bbox 99 498 253 568; x_wconf 79' lang='lat' dir='ltr'><strong>oportuerit</strong></span> <span class='ocrx_word' id='word_1_33' title='bbox 276 501 442 561; x_wconf 87' lang='lat' dir='ltr'>manifestari</span> <span class='ocrx_word' id='word_1_34' title='bbox 456 514 517 562; x_wconf 90' lang='lat' dir='ltr'>ante</span> <span class='ocrx_word' id='word_1_35' title='bbox 532 506 648 563; x_wconf 89' lang='lat' dir='ltr'>tribunal</span> <span class='ocrx_word' id='word_1_36' title='bbox 668 507 739 576; x_wconf 84' lang='lat' dir='ltr'>ejus,</span> <span class='ocrx_word' id='word_1_37' title='bbox 756 513 786 560; x_wconf 88' lang='lat' dir='ltr'>ut</span> <span class='ocrx_word' id='word_1_38' title='bbox 808 519 897 560; x_wconf 88' lang='lat' dir='ltr'>unus-</span> 
     </span>
     <span class='ocr_line' id='line_1_7' title="bbox 100 585 898 666; baseline 0.018 -28"><span class='ocrx_word' id='word_1_39' title='bbox 100 585 218 657; x_wconf 85' lang='lat' dir='ltr'>quisqne</span> <span class='ocrx_word' id='word_1_40' title='bbox 240 587 339 646; x_wconf 89' lang='lat' dir='ltr'>referat</span> <span class='ocrx_word' id='word_1_41' title='bbox 354 593 462 662; x_wconf 91' lang='lat' dir='ltr'>propria</span> <span class='ocrx_word' id='word_1_42' title='bbox 482 595 614 666; x_wconf 90' lang='lat' dir='ltr'>corporis,</span> <span class='ocrx_word' id='word_1_43' title='bbox 643 596 699 653; x_wconf 83' lang='lat' dir='ltr'>sire</span> <span class='ocrx_word' id='word_1_44' title='bbox 713 596 825 659; x_wconf 92' lang='lat' dir='ltr'>bonum,</span> <span class='ocrx_word' id='word_1_45' title='bbox 840 591 898 646; x_wconf 73' lang='lat' dir='ltr'>sive</span> 
     </span>
     <span class='ocr_line' id='line_1_8' title="bbox 101 674 895 757; baseline 0.029 -29"><span class='ocrx_word' id='word_1_46' title='bbox 101 674 214 745; x_wconf 89' lang='lat' dir='ltr'>malum,</span> <span class='ocrx_word' id='word_1_47' title='bbox 243 687 324 748; x_wconf 90' lang='lat' dir='ltr'>prout</span> <span class='ocrx_word' id='word_1_48' title='bbox 342 682 427 752; x_wconf 79' lang='lat' dir='ltr'>gessit</span> <span class='ocrx_word' id='word_1_49' title='bbox 458 684 486 739; x_wconf 89' lang='lat' dir='ltr'>in</span> <span class='ocrx_word' id='word_1_50' title='bbox 515 699 629 756; x_wconf 90' lang='lat' dir='ltr'>corpore</span> <span class='ocrx_word' id='word_1_51' title='bbox 652 685 767 757; x_wconf 81' lang='lat' dir='ltr'>(licor.</span> <span class='ocrx_word' id='word_1_52' title='bbox 793 699 822 750; x_wconf 72' lang='lat' dir='ltr'>V.</span> <span class='ocrx_word' id='word_1_53' title='bbox 840 682 895 750; x_wconf 75' lang='lat'>¹0)-</span> 
     </span>
     <span class='ocr_line' id='line_1_9' title="bbox 102 763 897 845; baseline 0.008 -27"><span class='ocrx_word' id='word_1_54' title='bbox 102 763 205 819; x_wconf 88' lang='lat' dir='ltr'>Harum</span> <span class='ocrx_word' id='word_1_55' title='bbox 224 771 402 841; x_wconf 87' lang='lat' dir='ltr'>utrarumque</span> <span class='ocrx_word' id='word_1_56' title='bbox 416 773 629 842; x_wconf 88' lang='lat' dir='ltr'>confessionum,</span> <span class='ocrx_word' id='word_1_57' title='bbox 639 775 736 845; x_wconf 76' lang='lat' dir='ltr'>eteius</span> <span class='ocrx_word' id='word_1_58' title='bbox 749 787 802 845; x_wconf 91' lang='lat' dir='ltr'>qua</span> <span class='ocrx_word' id='word_1_59' title='bbox 815 772 897 826; x_wconf 93' lang='lat' dir='ltr'>bomo</span> 
     </span>
     <span class='ocr_line' id='line_1_10' title="bbox 101 849 897 935; baseline 0.008 -28"><span class='ocrx_word' id='word_1_60' title='bbox 101 849 248 909; x_wconf 85' lang='lat' dir='ltr'>confitetur</span> <span class='ocrx_word' id='word_1_61' title='bbox 262 855 360 925; x_wconf 87' lang='lat' dir='ltr'>Deum,</span> <span class='ocrx_word' id='word_1_62' title='bbox 372 867 398 915; x_wconf 87' lang='lat' dir='ltr'>et</span> <span class='ocrx_word' id='word_1_63' title='bbox 413 860 471 930; x_wconf 88' lang='lat' dir='ltr'>ejus</span> <span class='ocrx_word' id='word_1_64' title='bbox 490 878 544 935; x_wconf 92' lang='lat' dir='ltr'>qua</span> <span class='ocrx_word' id='word_1_65' title='bbox 558 864 630 919; x_wconf 86' lang='lat' dir='ltr'>Deua</span> <span class='ocrx_word' id='word_1_66' title='bbox 643 861 788 920; x_wconf 74' lang='lat' dir='ltr'>confltetur</span> <span class='ocrx_word' id='word_1_67' title='bbox 805 858 897 916; x_wconf 91' lang='lat' dir='ltr'>bomi-</span> 
     </span>
     <span class='ocr_line' id='line_1_11' title="bbox 51 942 898 1022; baseline 0.011 -29"><span class='ocrx_word' id='word_1_68' title='bbox 51 965 53 973; x_wconf 74' lang='lat'>=</span> <span class='ocrx_word' id='word_1_69' title='bbox 101 954 177 1007; x_wconf 91' lang='lat' dir='ltr'>nem,</span> <span class='ocrx_word' id='word_1_70' title='bbox 193 942 307 1000; x_wconf 85' lang='lat' dir='ltr'>sirnltis</span> <span class='ocrx_word' id='word_1_71' title='bbox 324 962 384 1003; x_wconf 89' lang='lat' dir='ltr'>esse</span> <span class='ocrx_word' id='word_1_72' title='bbox 399 949 553 1022; x_wconf 70' lang='lat' dir='ltr'>participes,</span> <span class='ocrx_word' id='word_1_73' title='bbox 564 951 646 1008; x_wconf 91' lang='lat' dir='ltr'>nolite</span> <span class='ocrx_word' id='word_1_74' title='bbox 661 950 773 1010; x_wconf 90' lang='lat' dir='ltr'>ulterius</span> <span class='ocrx_word' id='word_1_75' title='bbox 788 945 898 1021; x_wconf 79' lang='lat' dir='ltr'>evagari</span> 
     </span>
     <span class='ocr_line' id='line_1_12' title="bbox 102 1028 897 1103; baseline 0.018 -19"><span class='ocrx_word' id='word_1_76' title='bbox 102 1028 897 1103; x_wconf 61' lang='grc'><strong>166666666666111661166666666661166661666666116</strong></span> 
     </span>
     <span class='ocr_line' id='line_1_13' title="bbox 54 1119 900 1201; baseline 0.019 -28"><span class='ocrx_word' id='word_1_77' title='bbox 54 1163 60 1166; x_wconf 81' lang='grc'>.</span> <span class='ocrx_word' id='word_1_78' title='bbox 101 1119 153 1174; x_wconf 91' lang='lat' dir='ltr'>sed</span> <span class='ocrx_word' id='word_1_79' title='bbox 171 1124 275 1180; x_wconf 81' lang='lat' dir='ltr'>reversi</span> <span class='ocrx_word' id='word_1_80' title='bbox 292 1124 325 1180; x_wconf 90' lang='lat' dir='ltr'>ad</span> <span class='ocrx_word' id='word_1_81' title='bbox 344 1143 394 1185; x_wconf 84' lang='lat' dir='ltr'>vos</span> <span class='ocrx_word' id='word_1_82' title='bbox 407 1130 503 1186; x_wconf 89' lang='lat' dir='ltr'>intrata</span> <span class='ocrx_word' id='word_1_83' title='bbox 524 1132 558 1188; x_wconf 90' lang='lat' dir='ltr'>ad</span> <span class='ocrx_word' id='word_1_84' title='bbox 573 1145 619 1190; x_wconf 92' lang='lat' dir='ltr'>cor</span> <span class='ocrx_word' id='word_1_85' title='bbox 632 1141 763 1201; x_wconf 84' lang='lat' dir='ltr'>vestrum,</span> <span class='ocrx_word' id='word_1_86' title='bbox 780 1132 826 1189; x_wconf 91' lang='lat' dir='ltr'>nbi</span> <span class='ocrx_word' id='word_1_87' title='bbox 840 1147 900 1189; x_wconf 86' lang='lat' dir='ltr'>arne</span> 
     </span>
     <span class='ocr_line' id='line_1_14' title="bbox 101 1208 899 1294; baseline 0.019 -32"><span class='ocrx_word' id='word_1_88' title='bbox 101 1208 187 1264; x_wconf 91' lang='lat' dir='ltr'>dubio</span> <span class='ocrx_word' id='word_1_89' title='bbox 200 1226 313 1285; x_wconf 85' lang='lat' dir='ltr'>regnum</span> <span class='ocrx_word' id='word_1_90' title='bbox 327 1217 378 1272; x_wconf 86' lang='lat' dir='ltr'>liei</span> <span class='ocrx_word' id='word_1_91' title='bbox 392 1227 443 1273; x_wconf 89' lang='lat' dir='ltr'>est.</span> <span class='ocrx_word' id='word_1_92' title='bbox 459 1220 584 1294; x_wconf 79' lang='lat' dir='ltr'>Regnum</span> <span class='ocrx_word' id='word_1_93' title='bbox 599 1223 671 1279; x_wconf 90' lang='lat' dir='ltr'>enim</span> <span class='ocrx_word' id='word_1_94' title='bbox 687 1222 746 1292; x_wconf 88' lang='lat' dir='ltr'>ejus</span> <span class='ocrx_word' id='word_1_95' title='bbox 765 1221 837 1278; x_wconf 91' lang='lat' dir='ltr'>intra</span> <span class='ocrx_word' id='word_1_96' title='bbox 850 1234 899 1278; x_wconf 82' lang='lat' dir='ltr'>ros</span> 
     </span>
     <span class='ocr_line' id='line_1_15' title="bbox 101 1299 897 1384; baseline 0.021 -33"><span class='ocrx_word' id='word_1_97' title='bbox 101 1306 144 1352; x_wconf 88' lang='lat' dir='ltr'>est</span> <span class='ocrx_word' id='word_1_98' title='bbox 155 1299 236 1369; x_wconf 79' lang='lat' dir='ltr'>(Lac.</span> <span class='ocrx_word' id='word_1_99' title='bbox 257 1319 328 1372; x_wconf 85' lang='grc' dir='ltr'>ιιιιιι,</span> <span class='ocrx_word' id='word_1_100' title='bbox 343 1308 400 1376; x_wconf 74' lang='lat' dir='ltr'>sl).</span> <span class='ocrx_word' id='word_1_101' title='bbox 420 1308 491 1380; x_wconf 87' lang='lat' dir='ltr'>Quid</span> <span class='ocrx_word' id='word_1_102' title='bbox 506 1318 548 1367; x_wconf 91' lang='lat' dir='ltr'>est</span> <span class='ocrx_word' id='word_1_103' title='bbox 562 1314 614 1368; x_wconf 92' lang='lat' dir='ltr'>boc</span> <span class='ocrx_word' id='word_1_104' title='bbox 629 1312 771 1384; x_wconf 76' lang='lat' dir='ltr'>regnum?</span> <span class='ocrx_word' id='word_1_105' title='bbox 784 1311 855 1368; x_wconf 83' lang='lat' dir='ltr'>Sana</span> <span class='ocrx_word' id='word_1_106' title='bbox 869 1318 897 1368; x_wconf 90' lang='lat' dir='ltr'>et</span> 
     </span>
     <span class='ocr_line' id='line_1_16' title="bbox 101 1385 899 1465; baseline 0.02 -25"><span class='ocrx_word' id='word_1_107' title='bbox 101 1385 188 1443; x_wconf 87' lang='lat' dir='ltr'>libera</span> <span class='ocrx_word' id='word_1_108' title='bbox 203 1393 326 1450; x_wconf 87' lang='lat' dir='ltr'>voluntas</span> <span class='ocrx_word' id='word_1_109' title='bbox 340 1395 466 1465; x_wconf 89' lang='lat' dir='ltr'>bominis,</span> <span class='ocrx_word' id='word_1_110' title='bbox 486 1399 524 1455; x_wconf 90' lang='lat' dir='ltr'>ita</span> <span class='ocrx_word' id='word_1_111' title='bbox 534 1416 564 1456; x_wconf 90' lang='lat' dir='ltr'>se</span> <span class='ocrx_word' id='word_1_112' title='bbox 582 1400 754 1458; x_wconf 78' lang='lat' dir='ltr'>conformans</span> <span class='ocrx_word' id='word_1_113' title='bbox 767 1398 899 1457; x_wconf 84' lang='lat' dir='ltr'>voluntati</span> 
     </span>
     <span class='ocr_line' id='line_1_17' title="bbox 101 1477 897 1563; baseline 0.019 -33"><span class='ocrx_word' id='word_1_114' title='bbox 101 1477 163 1548; x_wconf 88' lang='lat' dir='ltr'>Dei,</span> <span class='ocrx_word' id='word_1_115' title='bbox 178 1486 208 1535; x_wconf 89' lang='lat' dir='ltr'>ut</span> <span class='ocrx_word' id='word_1_116' title='bbox 221 1481 287 1539; x_wconf 90' lang='lat' dir='ltr'>nibil</span> <span class='ocrx_word' id='word_1_117' title='bbox 296 1477 360 1541; x_wconf 85' lang='lat' dir='ltr'>velit</span> <span class='ocrx_word' id='word_1_118' title='bbox 373 1488 446 1558; x_wconf 91' lang='lat' dir='ltr'>quod</span> <span class='ocrx_word' id='word_1_119' title='bbox 456 1487 523 1545; x_wconf 87' lang='lat' dir='ltr'>sciat</span> <span class='ocrx_word' id='word_1_120' title='bbox 541 1489 567 1545; x_wconf 91' lang='lat' dir='ltr'>ei</span> <span class='ocrx_word' id='word_1_121' title='bbox 580 1489 735 1563; x_wconf 81' lang='lat' dir='ltr'>displicere3</span> <span class='ocrx_word' id='word_1_122' title='bbox 749 1489 815 1547; x_wconf 85' lang='lat' dir='ltr'>nibil</span> <span class='ocrx_word' id='word_1_123' title='bbox 829 1490 897 1546; x_wconf 90' lang='lat' dir='ltr'>nolit</span> 
     </span>
     <span class='ocr_line' id='line_1_18' title="bbox 51 1567 897 1653; baseline 0.018 -34"><span class='ocrx_word' id='word_1_124' title='bbox 51 1599 53 1609; x_wconf 47' lang='grc' dir='ltr'>ι</span> <span class='ocrx_word' id='word_1_125' title='bbox 101 1567 177 1636; x_wconf 89' lang='lat' dir='ltr'>quod</span> <span class='ocrx_word' id='word_1_126' title='bbox 195 1569 263 1627; x_wconf 89' lang='lat' dir='ltr'>sciat</span> <span class='ocrx_word' id='word_1_127' title='bbox 277 1573 302 1628; x_wconf 92' lang='lat' dir='ltr'>ei</span> <span class='ocrx_word' id='word_1_128' title='bbox 331 1590 384 1632; x_wconf 90' lang='lat' dir='ltr'>non</span> <span class='ocrx_word' id='word_1_129' title='bbox 412 1577 528 1649; x_wconf 90' lang='lat' dir='ltr'>placere.</span> <span class='ocrx_word' id='word_1_130' title='bbox 555 1580 676 1636; x_wconf 89' lang='lat' dir='ltr'>Primum</span> <span class='ocrx_word' id='word_1_131' title='bbox 698 1594 765 1653; x_wconf 87' lang='lat' dir='ltr'>ergo</span> <span class='ocrx_word' id='word_1_132' title='bbox 779 1578 897 1651; x_wconf 83' lang='lat' dir='ltr'>qnaerite</span> 
     </span>
     <span class='ocr_line' id='line_1_19' title="bbox 101 1660 895 1738; baseline 0.016 -30"><span class='ocrx_word' id='word_1_133' title='bbox 101 1669 218 1725; x_wconf 87' lang='lat' dir='ltr'>regnum</span> <span class='ocrx_word' id='word_1_134' title='bbox 236 1660 295 1727; x_wconf 86' lang='lat' dir='ltr'>Dei,</span> <span class='ocrx_word' id='word_1_135' title='bbox 312 1674 342 1720; x_wconf 93' lang='lat' dir='ltr'>ut</span> <span class='ocrx_word' id='word_1_136' title='bbox 354 1662 638 1724; x_wconf 76' lang='lat' dir='ltr'>liberetnr&#39;etsanetur</span> <span class='ocrx_word' id='word_1_137' title='bbox 651 1669 776 1726; x_wconf 79' lang='lat' dir='ltr'>voluntas</span> <span class='ocrx_word' id='word_1_138' title='bbox 794 1677 895 1738; x_wconf 87' lang='lat' dir='ltr'>vestra,</span> 
     </span>
     <span class='ocr_line' id='line_1_20' title="bbox 51 1751 897 1831; baseline 0.019 -33"><span class='ocrx_word' id='word_1_139' title='bbox 51 1787 53 1791; x_wconf 66' lang='lat'>,</span> <span class='ocrx_word' id='word_1_140' title='bbox 101 1759 207 1803; x_wconf 84' lang='lat' dir='ltr'>veneno</span> <span class='ocrx_word' id='word_1_141' title='bbox 236 1751 327 1808; x_wconf 86' lang='lat' dir='ltr'>saeculi</span> <span class='ocrx_word' id='word_1_142' title='bbox 359 1755 479 1828; x_wconf 86' lang='lat' dir='ltr'>graviter</span> <span class='ocrx_word' id='word_1_143' title='bbox 506 1757 610 1815; x_wconf 89' lang='lat' dir='ltr'>imbnta</span> <span class='ocrx_word' id='word_1_144' title='bbox 634 1758 679 1817; x_wconf 82' lang='lat' dir='ltr'>vel</span> <span class='ocrx_word' id='word_1_145' title='bbox 707 1764 848 1831; x_wconf 60' lang='lat' dir='ltr'>corrupta}</span> <span class='ocrx_word' id='word_1_146' title='bbox 870 1767 897 1814; x_wconf 90' lang='lat' dir='ltr'>et</span> 
     </span>
     <span class='ocr_line' id='line_1_21' title="bbox 101 1835 896 1917; baseline 0.018 -29"><span class='ocrx_word' id='word_1_147' title='bbox 101 1835 193 1890; x_wconf 86' lang='lat' dir='ltr'>omnia</span> <span class='ocrx_word' id='word_1_148' title='bbox 207 1841 315 1911; x_wconf 87' lang='lat' dir='ltr'>corpori</span> <span class='ocrx_word' id='word_1_149' title='bbox 333 1845 487 1902; x_wconf 89' lang='lat' dir='ltr'>necessaria</span> <span class='ocrx_word' id='word_1_150' title='bbox 511 1847 672 1917; x_wconf 76' lang='lat' dir='ltr'>adjicientur</span> <span class='ocrx_word' id='word_1_151' title='bbox 692 1848 780 1905; x_wconf 86' lang='lat' dir='ltr'>vobis.</span> <span class='ocrx_word' id='word_1_152' title='bbox 804 1847 896 1902; x_wconf 86' lang='lat' dir='ltr'>Nolite</span> 
     </span>
     <span class='ocr_line' id='line_1_22' title="bbox 102 1921 894 2004; baseline 0.016 -27"><span class='ocrx_word' id='word_1_153' title='bbox 102 1921 210 1979; x_wconf 82' lang='lat' dir='ltr'>solliciti</span> <span class='ocrx_word' id='word_1_154' title='bbox 225 1929 328 1986; x_wconf 91' lang='lat' dir='ltr'>essedc</span> <span class='ocrx_word' id='word_1_155' title='bbox 338 1935 579 2004; x_wconf 86' lang='lat' dir='ltr'>corporequodest</span> <span class='ocrx_word' id='word_1_156' title='bbox 592 1934 872 1994; x_wconf 73' lang='lat' dir='ltr'>bereditasrerminm</span> <span class='ocrx_word' id='word_1_157' title='bbox 887 1951 894 1990; x_wconf 90' lang='lat'>:</span> 
     </span>
     <span class='ocr_line' id='line_1_23' title="bbox 101 2011 897 2097; baseline 0.016 -33"><span class='ocrx_word' id='word_1_158' title='bbox 101 2011 150 2066; x_wconf 84' lang='lat' dir='ltr'>sed</span> <span class='ocrx_word' id='word_1_159' title='bbox 166 2015 275 2072; x_wconf 85' lang='lat' dir='ltr'>solliciti</span> <span class='ocrx_word' id='word_1_160' title='bbox 290 2027 375 2076; x_wconf 89' lang='lat' dir='ltr'>estote</span> <span class='ocrx_word' id='word_1_161' title='bbox 387 2021 422 2078; x_wconf 88' lang='grc'>(16</span> <span class='ocrx_word' id='word_1_162' title='bbox 441 2022 538 2094; x_wconf 89' lang='grc'><strong>66166,</strong></span> <span class='ocrx_word' id='word_1_163' title='bbox 558 2039 619 2097; x_wconf 87' lang='lat' dir='ltr'>quae</span> <span class='ocrx_word' id='word_1_164' title='bbox 633 2024 668 2086; x_wconf 86' lang='lat' dir='ltr'>ad</span> <span class='ocrx_word' id='word_1_165' title='bbox 687 2024 831 2097; x_wconf 80' lang='lat' dir='ltr'>imaginem</span> <span class='ocrx_word' id='word_1_166' title='bbox 846 2021 897 2078; x_wconf 91' lang='lat' dir='ltr'>Dei</span> 
     </span>
     <span class='ocr_line' id='line_1_24' title="bbox 101 2098 891 2187; baseline 0.019 -34"><span class='ocrx_word' id='word_1_167' title='bbox 101 2098 172 2157; x_wconf 86' lang='lat' dir='ltr'>fucta</span> <span class='ocrx_word' id='word_1_168' title='bbox 185 2115 236 2173; x_wconf 91' lang='lat' dir='ltr'>est,</span> <span class='ocrx_word' id='word_1_169' title='bbox 253 2111 390 2180; x_wconf 91' lang='lat' dir='ltr'>quomodo</span> <span class='ocrx_word' id='word_1_170' title='bbox 404 2115 519 2169; x_wconf 84' lang='lat' dir='ltr'>revalata</span> <span class='ocrx_word' id='word_1_171' title='bbox 535 2112 604 2168; x_wconf 86' lang='lat' dir='ltr'>fecie</span> <span class='ocrx_word' id='word_1_172' title='bbox 626 2114 742 2187; x_wconf 82' lang='lat' dir='ltr'>gloriam</span> <span class='ocrx_word' id='word_1_173' title='bbox 761 2113 891 2184; x_wconf 81' lang='grc'><strong>661666-</strong></span> 
     </span>
     <span class='ocr_line' id='line_1_25' title="bbox 103 2192 898 2274; baseline 0.014 -29"><span class='ocrx_word' id='word_1_174' title='bbox 103 2192 219 2262; x_wconf 87' lang='lat' dir='ltr'>culetur,</span> <span class='ocrx_word' id='word_1_175' title='bbox 240 2204 267 2253; x_wconf 92' lang='lat' dir='ltr'>et</span> <span class='ocrx_word' id='word_1_176' title='bbox 294 2197 322 2252; x_wconf 91' lang='lat' dir='ltr'>in</span> <span class='ocrx_word' id='word_1_177' title='bbox 355 2200 475 2256; x_wconf 88' lang='lat' dir='ltr'>eamdem</span> <span class='ocrx_word' id='word_1_178' title='bbox 504 2201 649 2274; x_wconf 83' lang='lat' dir='ltr'>imaginem</span> <span class='ocrx_word' id='word_1_179' title='bbox 682 2201 854 2267; x_wconf 90' lang='lat' dir='ltr'>reformetur,</span> <span class='ocrx_word' id='word_1_180' title='bbox 871 2209 898 2256; x_wconf 93' lang='lat' dir='ltr'>et</span> 
     </span>
     <span class='ocr_line' id='line_1_26' title="bbox 102 2282 895 2363; baseline 0.013 -29"><span class='ocrx_word' id='word_1_181' title='bbox 102 2282 309 2343; x_wconf 89' lang='lat' dir='ltr'>transformetur</span> <span class='ocrx_word' id='word_1_182' title='bbox 327 2304 342 2343; x_wconf 92' lang='grc'>6</span> <span class='ocrx_word' id='word_1_183' title='bbox 365 2288 487 2346; x_wconf 89' lang='lat' dir='ltr'>claritate</span> <span class='ocrx_word' id='word_1_184' title='bbox 505 2290 533 2348; x_wconf 92' lang='lat' dir='ltr'>in</span> <span class='ocrx_word' id='word_1_185' title='bbox 556 2292 717 2358; x_wconf 89' lang='lat' dir='ltr'>cleritatem,</span> <span class='ocrx_word' id='word_1_186' title='bbox 733 2302 858 2363; x_wconf 84' lang='lat' dir='ltr'>tanquam</span> <span class='ocrx_word' id='word_1_187' title='bbox 879 2304 895 2343; x_wconf 93' lang='grc'>6</span> 
     </span>
     <span class='ocr_line' id='line_1_27' title="bbox 101 2370 334 2446; baseline 0.034 -22"><span class='ocrx_word' id='word_1_188' title='bbox 101 2370 210 2428; x_wconf 88' lang='lat' dir='ltr'>Domini</span> <span class='ocrx_word' id='word_1_189' title='bbox 226 2375 334 2446; x_wconf 81' lang='lat' dir='ltr'>spiritu.</span> 
     </span>
    </p>

    <p class='ocr_par' dir='ltr' id='par_1_6' title="bbox 100 2460 897 2808">
     <span class='ocr_line' id='line_1_28' title="bbox 137 2460 891 2541; baseline 0.009 -27"><span class='ocrx_word' id='word_1_190' title='bbox 137 2462 164 2515; x_wconf 87' lang='grc'>6.</span> <span class='ocrx_word' id='word_1_191' title='bbox 181 2460 250 2530; x_wconf 83' lang='lat' dir='ltr'>Quid</span> <span class='ocrx_word' id='word_1_192' title='bbox 265 2465 371 2523; x_wconf 90' lang='lat' dir='ltr'>dulcius</span> <span class='ocrx_word' id='word_1_193' title='bbox 385 2466 481 2525; x_wconf 88' lang='lat' dir='ltr'>fratres</span> <span class='ocrx_word' id='word_1_194' title='bbox 495 2469 558 2537; x_wconf 84' lang='lat' dir='ltr'>mei,</span> <span class='ocrx_word' id='word_1_195' title='bbox 579 2469 644 2541; x_wconf 87' lang='lat' dir='ltr'>quid</span> <span class='ocrx_word' id='word_1_196' title='bbox 656 2467 815 2540; x_wconf 86' lang='lat' dir='ltr'>jucundius,</span> <span class='ocrx_word' id='word_1_197' title='bbox 826 2467 891 2539; x_wconf 89' lang='lat' dir='ltr'>quid</span> 
     </span>
     <span class='ocr_line' id='line_1_29' title="bbox 100 2550 897 2629; baseline 0.013 -28"><span class='ocrx_word' id='word_1_198' title='bbox 100 2550 223 2607; x_wconf 88' lang='lat' dir='ltr'>sanctius</span> <span class='ocrx_word' id='word_1_199' title='bbox 237 2552 308 2609; x_wconf 90' lang='lat' dir='ltr'>inter</span> <span class='ocrx_word' id='word_1_200' title='bbox 330 2571 464 2629; x_wconf 88' lang='lat' dir='ltr'>corporea</span> <span class='ocrx_word' id='word_1_201' title='bbox 478 2573 593 2628; x_wconf 89' lang='lat' dir='ltr'>corpore</span> <span class='ocrx_word' id='word_1_202' title='bbox 607 2558 731 2616; x_wconf 79' lang='lat' dir='ltr'>Christi?</span> <span class='ocrx_word' id='word_1_203' title='bbox 761 2559 793 2613; x_wconf 86' lang='lat' dir='ltr'>Et</span> <span class='ocrx_word' id='word_1_204' title='bbox 808 2567 897 2613; x_wconf 89' lang='lat' dir='ltr'>tamen</span> 
     </span>
     <span class='ocr_line' id='line_1_30' title="bbox 100 2639 895 2721; baseline 0.014 -30"><span class='ocrx_word' id='word_1_205' title='bbox 100 2639 203 2694; x_wconf 91' lang='lat' dir='ltr'>dictum</span> <span class='ocrx_word' id='word_1_206' title='bbox 219 2643 401 2716; x_wconf 73' lang='lat' dir='ltr'>estutpostclis</span> <span class='ocrx_word' id='word_1_207' title='bbox 414 2649 490 2704; x_wconf 81' lang='lat' dir='ltr'>:Nisi</span> <span class='ocrx_word' id='word_1_208' title='bbox 497 2665 544 2721; x_wconf 81' lang='lat' dir='ltr'>epo</span> <span class='ocrx_word' id='word_1_209' title='bbox 550 2648 653 2718; x_wconf 85' lang='lat' dir='ltr'>abiero,</span> <span class='ocrx_word' id='word_1_210' title='bbox 665 2648 830 2705; x_wconf 84' lang='lat' dir='ltr'>Paracletus</span> <span class='ocrx_word' id='word_1_211' title='bbox 836 2663 895 2703; x_wconf 81' lang='grc'>666</span> 
     </span>
     <span class='ocr_line' id='line_1_31' title="bbox 101 2731 896 2808; baseline 0.008 -24"><span class='ocrx_word' id='word_1_212' title='bbox 101 2731 204 2786; x_wconf 83' lang='lat' dir='ltr'>veniet.</span> <span class='ocrx_word' id='word_1_213' title='bbox 215 2731 287 2788; x_wconf 87' lang='lat' dir='ltr'>Dum</span> <span class='ocrx_word' id='word_1_214' title='bbox 300 2735 372 2790; x_wconf 89' lang='lat' dir='ltr'>enim</span> <span class='ocrx_word' id='word_1_215' title='bbox 384 2738 517 2807; x_wconf 89' lang='lat' dir='ltr'>corporali</span> <span class='ocrx_word' id='word_1_216' title='bbox 527 2737 626 2793; x_wconf 85' lang='lat' dir='ltr'>Christi</span> <span class='ocrx_word' id='word_1_217' title='bbox 640 2736 785 2808; x_wconf 82' lang='lat' dir='ltr'>praesentia</span> <span class='ocrx_word' id='word_1_218' title='bbox 797 2735 896 2791; x_wconf 81' lang='lat' dir='ltr'>uiden·</span> 
     </span>
    </p>
   </div>
   <div class='ocr_carea' id='block_1_6' title="bbox 949 494 1750 1030">
    <p class='ocr_par' dir='ltr' id='par_1_7' title="bbox 949 494 1750 1030">
     <span class='ocr_line' id='line_1_32' title="bbox 949 494 1749 578; baseline -0.023 -11"><span class='ocrx_word' id='word_1_219' title='bbox 949 512 1029 567; x_wconf 89' lang='lat' dir='ltr'>bonae</span> <span class='ocrx_word' id='word_1_220' title='bbox 1055 508 1119 575; x_wconf 89' lang='lat' dir='ltr'>sint,</span> <span class='ocrx_word' id='word_1_221' title='bbox 1142 505 1229 578; x_wconf 84' lang='lat' dir='ltr'>plenae</span> <span class='ocrx_word' id='word_1_222' title='bbox 1254 513 1345 561; x_wconf 73' lang='grc'><strong>66666</strong></span> <span class='ocrx_word' id='word_1_223' title='bbox 1368 512 1431 559; x_wconf 90' lang='lat' dir='ltr'>sunt</span> <span class='ocrx_word' id='word_1_224' title='bbox 1456 499 1614 558; x_wconf 87' lang='lat' dir='ltr'>latronibus.</span> <span class='ocrx_word' id='word_1_225' title='bbox 1648 494 1749 553; x_wconf 77' lang='grc'><strong>666116</strong></span> 
     </span>
     <span class='ocr_line' id='line_1_33' title="bbox 952 588 1748 670; baseline -0.021 -13"><span class='ocrx_word' id='word_1_226' title='bbox 952 600 1034 670; x_wconf 83' lang='lat' dir='ltr'>hujus</span> <span class='ocrx_word' id='word_1_227' title='bbox 1047 598 1223 668; x_wconf 81' lang='lat' dir='ltr'>paupertatis,</span> <span class='ocrx_word' id='word_1_228' title='bbox 1239 593 1304 665; x_wconf 89' lang='lat' dir='ltr'>quia</span> <span class='ocrx_word' id='word_1_229' title='bbox 1318 593 1402 648; x_wconf 88' lang='lat' dir='ltr'>ardua</span> <span class='ocrx_word' id='word_1_230' title='bbox 1416 600 1467 661; x_wconf 87' lang='lat' dir='ltr'>eet,</span> <span class='ocrx_word' id='word_1_231' title='bbox 1488 598 1515 647; x_wconf 91' lang='lat' dir='ltr'>et</span> <span class='ocrx_word' id='word_1_232' title='bbox 1529 588 1606 661; x_wconf 87' lang='lat' dir='ltr'>pauci</span> <span class='ocrx_word' id='word_1_233' title='bbox 1620 602 1670 658; x_wconf 87' lang='lat' dir='ltr'>per</span> <span class='ocrx_word' id='word_1_234' title='bbox 1684 599 1748 642; x_wconf 89' lang='lat' dir='ltr'>eam</span> 
     </span>
     <span class='ocr_line' id='line_1_34' title="bbox 952 666 1748 752; baseline -0.021 -8"><span class='ocrx_word' id='word_1_235' title='bbox 952 688 1112 751; x_wconf 89' lang='lat' dir='ltr'>ascendunt,</span> <span class='ocrx_word' id='word_1_236' title='bbox 1136 682 1248 739; x_wconf 87' lang='lat' dir='ltr'>insidias</span> <span class='ocrx_word' id='word_1_237' title='bbox 1280 682 1413 739; x_wconf 89' lang='lat' dir='ltr'>latronum</span> <span class='ocrx_word' id='word_1_238' title='bbox 1442 681 1558 752; x_wconf 86' lang='lat' dir='ltr'>ignorat.</span> <span class='ocrx_word' id='word_1_239' title='bbox 1575 666 1652 734; x_wconf 45' lang='lat' dir='ltr'>‘Non</span> <span class='ocrx_word' id='word_1_240' title='bbox 1675 673 1748 730; x_wconf 88' lang='lat' dir='ltr'>enirn</span> 
     </span>
     <span class='ocr_line' id='line_1_35' title="bbox 952 766 1750 850; baseline -0.016 -18"><span class='ocrx_word' id='word_1_241' title='bbox 952 777 1109 850; x_wconf 87' lang='lat' dir='ltr'>frequenter</span> <span class='ocrx_word' id='word_1_242' title='bbox 1132 782 1235 845; x_wconf 91' lang='lat' dir='ltr'>ponunt</span> <span class='ocrx_word' id='word_1_243' title='bbox 1263 772 1383 828; x_wconf 89' lang='lat' dir='ltr'>latrones</span> <span class='ocrx_word' id='word_1_244' title='bbox 1408 770 1529 834; x_wconf 88' lang='lat' dir='ltr'>insidias,</span> <span class='ocrx_word' id='word_1_245' title='bbox 1548 767 1594 825; x_wconf 90' lang='lat' dir='ltr'>ubi</span> <span class='ocrx_word' id='word_1_246' title='bbox 1618 766 1750 838; x_wconf 78' lang='lat' dir='ltr'>frequens</span> 
     </span>
     <span class='ocr_line' id='line_1_36' title="bbox 952 853 1747 924; baseline -0.018 -2"><span class='ocrx_word' id='word_1_247' title='bbox 952 873 1063 924; x_wconf 90' lang='lat' dir='ltr'>nonest</span> <span class='ocrx_word' id='word_1_248' title='bbox 1086 862 1217 921; x_wconf 78' lang='lat' dir='ltr'>transitus</span> <span class='ocrx_word' id='word_1_249' title='bbox 1231 861 1374 920; x_wconf 81' lang='lat' dir='ltr'>viatorum.</span> <span class='ocrx_word' id='word_1_250' title='bbox 1393 861 1460 917; x_wconf 85' lang='lat' dir='ltr'>Dico</span> <span class='ocrx_word' id='word_1_251' title='bbox 1479 859 1556 916; x_wconf 84' lang='lat' dir='ltr'>robis</span> <span class='ocrx_word' id='word_1_252' title='bbox 1583 853 1747 920; x_wconf 81' lang='lat' dir='ltr'>inveritate,</span> 
     </span>
     <span class='ocr_line' id='line_1_37' title="bbox 953 941 1750 1030; baseline -0.018 -18"><span class='ocrx_word' id='word_1_253' title='bbox 953 972 1013 1030; x_wconf 84' lang='lat' dir='ltr'>quae</span> <span class='ocrx_word' id='word_1_254' title='bbox 1034 954 1110 1011; x_wconf 87' lang='lat' dir='ltr'>Deus</span> <span class='ocrx_word' id='word_1_255' title='bbox 1135 961 1188 1021; x_wconf 90' lang='lat' dir='ltr'>est,</span> <span class='ocrx_word' id='word_1_256' title='bbox 1211 959 1238 1007; x_wconf 91' lang='lat' dir='ltr'>et</span> <span class='ocrx_word' id='word_1_257' title='bbox 1259 959 1369 1024; x_wconf 85' lang='lat' dir='ltr'>experto</span> <span class='ocrx_word' id='word_1_258' title='bbox 1392 949 1493 1007; x_wconf 89' lang='lat' dir='ltr'>credite</span> <span class='ocrx_word' id='word_1_259' title='bbox 1510 947 1595 1021; x_wconf 89' lang='lat' dir='ltr'>:quia</span> <span class='ocrx_word' id='word_1_260' title='bbox 1620 947 1678 1002; x_wconf 82' lang='lat' dir='ltr'>bec</span> <span class='ocrx_word' id='word_1_261' title='bbox 1703 941 1750 1000; x_wconf 85' lang='lat' dir='ltr'>via</span> 
     </span>
    </p>
   </div>
   <div class='ocr_carea' id='block_1_7' title="bbox 945 1032 1746 1117">
    <p class='ocr_par' dir='ltr' id='par_1_8' title="bbox 945 1032 1746 1117">
     <span class='ocr_line' id='line_1_38' title="bbox 945 1032 1746 1117; baseline -0.019 -16"><span class='ocrx_word' id='word_1_262' title='bbox 945 1051 1053 1117; x_wconf 65' lang='lat' dir='ltr'>»quanto</span> <span class='ocrx_word' id='word_1_263' title='bbox 1066 1044 1174 1110; x_wconf 88' lang='lat' dir='ltr'>arctior,</span> <span class='ocrx_word' id='word_1_264' title='bbox 1186 1050 1287 1116; x_wconf 88' lang='lat' dir='ltr'>quanto</span> <span class='ocrx_word' id='word_1_265' title='bbox 1299 1039 1439 1097; x_wconf 81' lang='lat' dir='ltr'>molestior</span> <span class='ocrx_word' id='word_1_266' title='bbox 1448 1038 1556 1096; x_wconf 84' lang='lat' dir='ltr'>videtur</span> <span class='ocrx_word' id='word_1_267' title='bbox 1569 1038 1597 1092; x_wconf 92' lang='lat' dir='ltr'>in</span> <span class='ocrx_word' id='word_1_268' title='bbox 1612 1032 1746 1106; x_wconf 87' lang='lat' dir='ltr'>ingressu,</span> 
     </span>
    </p>
   </div>
   <div class='ocr_carea' id='block_1_8' title="bbox 950 1127 1751 2805">
    <p class='ocr_par' dir='ltr' id='par_1_9' title="bbox 950 1127 1751 2805">
     <span class='ocr_line' id='line_1_39' title="bbox 953 1127 1748 1205; baseline -0.014 -15"><span class='ocrx_word' id='word_1_269' title='bbox 953 1132 1130 1205; x_wconf 85' lang='lat' dir='ltr'>tantolretior,</span> <span class='ocrx_word' id='word_1_270' title='bbox 1147 1139 1221 1188; x_wconf 89' lang='lat' dir='ltr'>tanto</span> <span class='ocrx_word' id='word_1_271' title='bbox 1233 1129 1379 1202; x_wconf 75' lang='lat' dir='ltr'>iucundior</span> <span class='ocrx_word' id='word_1_272' title='bbox 1393 1127 1527 1186; x_wconf 87' lang='lat' dir='ltr'>invenitur</span> <span class='ocrx_word' id='word_1_273' title='bbox 1543 1127 1570 1182; x_wconf 92' lang='lat' dir='ltr'>in</span> <span class='ocrx_word' id='word_1_274' title='bbox 1588 1137 1748 1197; x_wconf 78' lang='lat' dir='ltr'>progressu.</span> 
     </span>
     <span class='ocr_line' id='line_1_40' title="bbox 953 1209 1748 1298; baseline -0.02 -18"><span class='ocrx_word' id='word_1_275' title='bbox 953 1227 983 1282; x_wconf 90' lang='lat' dir='ltr'>lo</span> <span class='ocrx_word' id='word_1_276' title='bbox 997 1224 1124 1298; x_wconf 88' lang='lat' dir='ltr'>ingressu</span> <span class='ocrx_word' id='word_1_277' title='bbox 1146 1220 1230 1293; x_wconf 82' lang='lat' dir='ltr'>erigit</span> <span class='ocrx_word' id='word_1_278' title='bbox 1247 1218 1383 1284; x_wconf 90' lang='lat' dir='ltr'>meritum,</span> <span class='ocrx_word' id='word_1_279' title='bbox 1412 1217 1440 1275; x_wconf 91' lang='lat' dir='ltr'>in</span> <span class='ocrx_word' id='word_1_280' title='bbox 1458 1229 1608 1289; x_wconf 84' lang='lat' dir='ltr'>progressu</span> <span class='ocrx_word' id='word_1_281' title='bbox 1623 1209 1748 1284; x_wconf 88' lang='lat' dir='ltr'>rependit</span> 
     </span>
     <span class='ocr_line' id='line_1_41' title="bbox 952 1303 1748 1385; baseline -0.016 -17"><span class='ocrx_word' id='word_1_282' title='bbox 952 1312 1104 1385; x_wconf 78' lang='lat' dir='ltr'>premium.</span> <span class='ocrx_word' id='word_1_283' title='bbox 1118 1311 1225 1367; x_wconf 85' lang='lat' dir='ltr'>Etenim</span> <span class='ocrx_word' id='word_1_284' title='bbox 1238 1323 1293 1366; x_wconf 92' lang='lat' dir='ltr'>non</span> <span class='ocrx_word' id='word_1_285' title='bbox 1308 1307 1394 1366; x_wconf 90' lang='lat' dir='ltr'>solum</span> <span class='ocrx_word' id='word_1_286' title='bbox 1412 1307 1440 1363; x_wconf 90' lang='lat' dir='ltr'>in</span> <span class='ocrx_word' id='word_1_287' title='bbox 1455 1305 1545 1363; x_wconf 90' lang='lat' dir='ltr'>futuro</span> <span class='ocrx_word' id='word_1_288' title='bbox 1559 1303 1641 1361; x_wconf 83' lang='lat' dir='ltr'>vitam</span> <span class='ocrx_word' id='word_1_289' title='bbox 1665 1307 1748 1357; x_wconf 76' lang='lat' dir='ltr'>mter·</span> 
     </span>
     <span class='ocr_line' id='line_1_42' title="bbox 953 1387 1751 1473; baseline -0.018 -15"><span class='ocrx_word' id='word_1_290' title='bbox 953 1418 1015 1458; x_wconf 91' lang='grc'>666</span> <span class='ocrx_word' id='word_1_291' title='bbox 1030 1399 1210 1473; x_wconf 88' lang='lat' dir='ltr'>possidebitis,</span> <span class='ocrx_word' id='word_1_292' title='bbox 1227 1397 1276 1454; x_wconf 86' lang='lat' dir='ltr'>sed</span> <span class='ocrx_word' id='word_1_293' title='bbox 1292 1405 1319 1452; x_wconf 91' lang='lat' dir='ltr'>et</span> <span class='ocrx_word' id='word_1_294' title='bbox 1331 1396 1497 1468; x_wconf 81' lang='lat' dir='ltr'>inpraesenti</span> <span class='ocrx_word' id='word_1_295' title='bbox 1511 1387 1751 1463; x_wconf 90' lang='lat' dir='ltr'>centuplumacci·</span> 
     </span>
     <span class='ocr_line' id='line_1_43' title="bbox 954 1477 1748 1563; baseline -0.019 -15"><span class='ocrx_word' id='word_1_296' title='bbox 954 1491 1043 1563; x_wconf 89' lang='lat' dir='ltr'>pictis,</span> <span class='ocrx_word' id='word_1_297' title='bbox 1062 1505 1117 1547; x_wconf 88' lang='grc'>666</span> <span class='ocrx_word' id='word_1_298' title='bbox 1130 1490 1219 1547; x_wconf 88' lang='lat' dir='ltr'>solnm</span> <span class='ocrx_word' id='word_1_299' title='bbox 1237 1488 1265 1544; x_wconf 91' lang='lat' dir='ltr'>in</span> <span class='ocrx_word' id='word_1_300' title='bbox 1293 1487 1372 1545; x_wconf 91' lang='lat' dir='ltr'>bonis</span> <span class='ocrx_word' id='word_1_301' title='bbox 1390 1484 1586 1559; x_wconf 80' lang='lat' dir='ltr'>spiritualibus,</span> <span class='ocrx_word' id='word_1_302' title='bbox 1606 1480 1696 1536; x_wconf 86' lang='lat' dir='ltr'>sedet</span> <span class='ocrx_word' id='word_1_303' title='bbox 1719 1477 1748 1535; x_wconf 89' lang='lat' dir='ltr'>in</span> 
     </span>
     <span class='ocr_line' id='line_1_44' title="bbox 952 1568 1749 1652; baseline -0.019 -15"><span class='ocrx_word' id='word_1_304' title='bbox 952 1580 1154 1652; x_wconf 84' lang='lat' dir='ltr'>temporalibus,</span> <span class='ocrx_word' id='word_1_305' title='bbox 1165 1579 1189 1634; x_wconf 90' lang='lat' dir='ltr'>si</span> <span class='ocrx_word' id='word_1_306' title='bbox 1203 1593 1250 1634; x_wconf 89' lang='lat' dir='ltr'>cor</span> <span class='ocrx_word' id='word_1_307' title='bbox 1263 1592 1318 1634; x_wconf 91' lang='lat' dir='ltr'>non</span> <span class='ocrx_word' id='word_1_308' title='bbox 1328 1575 1518 1648; x_wconf 88' lang='lat' dir='ltr'>apposueritis.</span> <span class='ocrx_word' id='word_1_309' title='bbox 1536 1573 1598 1646; x_wconf 90' lang='lat' dir='ltr'>lpse</span> <span class='ocrx_word' id='word_1_310' title='bbox 1614 1568 1749 1640; x_wconf 89' lang='lat' dir='ltr'>siquidem</span> 
     </span>
     <span class='ocr_line' id='line_1_45' title="bbox 950 1653 1749 1740; baseline -0.018 -15"><span class='ocrx_word' id='word_1_311' title='bbox 950 1670 1024 1725; x_wconf 90' lang='grc'><strong>6666</strong></span> <span class='ocrx_word' id='word_1_312' title='bbox 1046 1667 1212 1740; x_wconf 89' lang='lat' dir='ltr'>temporalia,</span> <span class='ocrx_word' id='word_1_313' title='bbox 1228 1674 1300 1732; x_wconf 91' lang='lat' dir='ltr'>sunt,</span> <span class='ocrx_word' id='word_1_314' title='bbox 1327 1665 1351 1721; x_wconf 89' lang='lat' dir='ltr'>si</span> <span class='ocrx_word' id='word_1_315' title='bbox 1377 1680 1431 1722; x_wconf 90' lang='lat' dir='ltr'>non</span> <span class='ocrx_word' id='word_1_316' title='bbox 1461 1670 1594 1727; x_wconf 87' lang='lat' dir='ltr'>amantur,</span> <span class='ocrx_word' id='word_1_317' title='bbox 1618 1658 1705 1726; x_wconf 81' lang='lat' dir='ltr'>licita3</span> <span class='ocrx_word' id='word_1_318' title='bbox 1725 1653 1749 1712; x_wconf 92' lang='lat' dir='ltr'>si</span> 
     </span>
     <span class='ocr_line' id='line_1_46' title="bbox 951 1748 1749 1829; baseline -0.019 -15"><span class='ocrx_word' id='word_1_319' title='bbox 951 1765 1084 1829; x_wconf 82' lang='lat' dir='ltr'>amentur,</span> <span class='ocrx_word' id='word_1_320' title='bbox 1108 1756 1212 1812; x_wconf 90' lang='lat' dir='ltr'>illicite.</span> <span class='ocrx_word' id='word_1_321' title='bbox 1238 1755 1300 1812; x_wconf 89' lang='lat' dir='ltr'>Sive</span> <span class='ocrx_word' id='word_1_322' title='bbox 1328 1762 1419 1810; x_wconf 90' lang='lat' dir='ltr'>autem</span> <span class='ocrx_word' id='word_1_323' title='bbox 1443 1759 1577 1816; x_wconf 86' lang='lat' dir='ltr'>amantur,</span> <span class='ocrx_word' id='word_1_324' title='bbox 1607 1748 1665 1805; x_wconf 90' lang='lat' dir='ltr'>sine</span> <span class='ocrx_word' id='word_1_325' title='bbox 1693 1759 1749 1801; x_wconf 90' lang='lat' dir='ltr'>non</span> 
     </span>
     <span class='ocr_line' id='line_1_47' title="bbox 951 1830 1748 1914; baseline -0.018 -13"><span class='ocrx_word' id='word_1_326' title='bbox 951 1853 1083 1912; x_wconf 89' lang='lat' dir='ltr'>amantur,</span> <span class='ocrx_word' id='word_1_327' title='bbox 1098 1860 1153 1900; x_wconf 90' lang='lat' dir='ltr'>non</span> <span class='ocrx_word' id='word_1_328' title='bbox 1172 1843 1285 1899; x_wconf 90' lang='lat' dir='ltr'>multum</span> <span class='ocrx_word' id='word_1_329' title='bbox 1300 1842 1455 1914; x_wconf 82' lang='lat' dir='ltr'>expediunt,</span> <span class='ocrx_word' id='word_1_330' title='bbox 1467 1841 1530 1914; x_wconf 92' lang='lat' dir='ltr'>quia</span> <span class='ocrx_word' id='word_1_331' title='bbox 1558 1837 1673 1912; x_wconf 88' lang='lat' dir='ltr'>quadam</span> <span class='ocrx_word' id='word_1_332' title='bbox 1705 1830 1748 1888; x_wconf 89' lang='lat' dir='ltr'>sui</span> 
     </span>
     <span class='ocr_line' id='line_1_48' title="bbox 951 1919 1751 2005; baseline -0.019 -16"><span class='ocrx_word' id='word_1_333' title='bbox 951 1935 1090 1992; x_wconf 79' lang='lat' dir='ltr'>dulcedine</span> <span class='ocrx_word' id='word_1_334' title='bbox 1103 1950 1150 1990; x_wconf 91' lang='lat' dir='ltr'>cor</span> <span class='ocrx_word' id='word_1_335' title='bbox 1163 1933 1326 2005; x_wconf 90' lang='lat' dir='ltr'>possidentis</span> <span class='ocrx_word' id='word_1_336' title='bbox 1339 1933 1392 1989; x_wconf 85' lang='lat' dir='ltr'>cito</span> <span class='ocrx_word' id='word_1_337' title='bbox 1406 1931 1573 1986; x_wconf 89' lang='lat' dir='ltr'>subvertunt.</span> <span class='ocrx_word' id='word_1_338' title='bbox 1590 1923 1657 1993; x_wconf 84' lang='lat' dir='ltr'>Quae</span> <span class='ocrx_word' id='word_1_339' title='bbox 1671 1919 1751 1976; x_wconf 82' lang='lat' dir='ltr'>vobis</span> 
     </span>
     <span class='ocr_line' id='line_1_49' title="bbox 950 2008 1748 2087; baseline -0.023 -7"><span class='ocrx_word' id='word_1_340' title='bbox 950 2023 1089 2081; x_wconf 90' lang='lat' dir='ltr'>dubitandi</span> <span class='ocrx_word' id='word_1_341' title='bbox 1112 2023 1239 2080; x_wconf 74' lang='lat' dir='ltr'>occasio?</span> <span class='ocrx_word' id='word_1_342' title='bbox 1261 2022 1349 2078; x_wconf 88' lang='lat' dir='ltr'>Pauca</span> <span class='ocrx_word' id='word_1_343' title='bbox 1372 2018 1530 2087; x_wconf 85' lang='lat' dir='ltr'>relinquetis</span> <span class='ocrx_word' id='word_1_344' title='bbox 1552 2030 1613 2070; x_wconf 89' lang='lat' dir='ltr'>cum</span> <span class='ocrx_word' id='word_1_345' title='bbox 1642 2008 1748 2068; x_wconf 89' lang='lat' dir='ltr'>sollici-</span> 
     </span>
     <span class='ocr_line' id='line_1_50' title="bbox 951 2100 1749 2180; baseline -0.021 -10"><span class='ocrx_word' id='word_1_346' title='bbox 951 2114 1053 2180; x_wconf 88' lang='lat' dir='ltr'>tndiae,</span> <span class='ocrx_word' id='word_1_347' title='bbox 1074 2121 1160 2177; x_wconf 84' lang='lat' dir='ltr'>totum</span> <span class='ocrx_word' id='word_1_348' title='bbox 1176 2111 1305 2168; x_wconf 91' lang='lat' dir='ltr'>mundum</span> <span class='ocrx_word' id='word_1_349' title='bbox 1329 2109 1474 2166; x_wconf 88' lang='lat' dir='ltr'>assumetis</span> <span class='ocrx_word' id='word_1_350' title='bbox 1496 2106 1523 2161; x_wconf 92' lang='lat' dir='ltr'>in</span> <span class='ocrx_word' id='word_1_351' title='bbox 1547 2100 1749 2176; x_wconf 86' lang='lat' dir='ltr'>possessionem</span> 
     </span>
     <span class='ocr_line' id='line_1_51' title="bbox 951 2192 1749 2260; baseline -0.018 -3"><span class='ocrx_word' id='word_1_352' title='bbox 951 2197 1593 2260; x_wconf 75' lang='grc'><strong>6166661116666166.06661666166661166661,</strong></span> <span class='ocrx_word' id='word_1_353' title='bbox 1605 2192 1749 2248; x_wconf 83' lang='lat' dir='ltr'>riceman-</span> 
     </span>
     <span class='ocr_line' id='line_1_52' title="bbox 950 2279 1748 2362; baseline -0.02 -14"><span class='ocrx_word' id='word_1_354' title='bbox 950 2292 1013 2362; x_wconf 83' lang='lat' dir='ltr'>des,</span> <span class='ocrx_word' id='word_1_355' title='bbox 1030 2292 1234 2356; x_wconf 62' lang='lat' dir='ltr'>siarbitanus</span> <span class='ocrx_word' id='word_1_356' title='bbox 1248 2290 1403 2356; x_wconf 65' lang='lat' dir='ltr'>inornatae</span> <span class='ocrx_word' id='word_1_357' title='bbox 1416 2284 1581 2360; x_wconf 75' lang='lat' dir='ltr'>presentia,</span> <span class='ocrx_word' id='word_1_358' title='bbox 1592 2286 1650 2336; x_wconf 80' lang='lat' dir='ltr'>sive</span> <span class='ocrx_word' id='word_1_359' title='bbox 1665 2279 1748 2349; x_wconf 80' lang='lat' dir='ltr'>(cto-</span> 
     </span>
     <span class='ocr_line' id='line_1_53' title="bbox 951 2362 1749 2451; baseline -0.028 -13"><span class='ocrx_word' id='word_1_360' title='bbox 951 2362 1749 2451; x_wconf 67' lang='lat' dir='ltr'>ro:omnio,{inquam,vestrorunt.Tamenreresubjungi</span> 
     </span>
     <span class='ocr_line' id='line_1_54' title="bbox 950 2454 1746 2540; baseline -0.021 -18"><span class='ocrx_word' id='word_1_361' title='bbox 950 2470 1103 2540; x_wconf 83' lang='lat' dir='ltr'>potest,Vos</span> <span class='ocrx_word' id='word_1_362' title='bbox 1113 2471 1210 2523; x_wconf 80' lang='lat' dir='ltr'>cutem</span> <span class='ocrx_word' id='word_1_363' title='bbox 1224 2467 1334 2532; x_wconf 71' lang='grc'><strong>6661611,</strong></span> <span class='ocrx_word' id='word_1_364' title='bbox 1350 2466 1425 2521; x_wconf 83' lang='grc'><strong>61661</strong></span> <span class='ocrx_word' id='word_1_365' title='bbox 1442 2463 1571 2520; x_wconf 78' lang='lat' dir='ltr'>cbristus</span> <span class='ocrx_word' id='word_1_366' title='bbox 1586 2457 1635 2513; x_wconf 79' lang='lat' dir='ltr'>lici</span> <span class='ocrx_word' id='word_1_367' title='bbox 1651 2456 1676 2522; x_wconf 91' lang='grc'><strong>(1</strong></span> <span class='ocrx_word' id='word_1_368' title='bbox 1685 2454 1746 2509; x_wconf 78' lang='lat' dir='ltr'>cor.</span> 
     </span>
     <span class='ocr_line' id='line_1_55' title="bbox 951 2540 1750 2626; baseline -0.024 -14"><span class='ocrx_word' id='word_1_369' title='bbox 951 2573 991 2626; x_wconf 92' lang='grc' dir='ltr'>ιιι,</span> <span class='ocrx_word' id='word_1_370' title='bbox 1018 2559 1062 2621; x_wconf 76' lang='grc'><strong>11,</strong></span> <span class='ocrx_word' id='word_1_371' title='bbox 1087 2556 1150 2626; x_wconf 62' lang='lat' dir='ltr'>23)ss</span> <span class='ocrx_word' id='word_1_372' title='bbox 1171 2556 1198 2611; x_wconf 87' lang='lat' dir='ltr'>id</span> <span class='ocrx_word' id='word_1_373' title='bbox 1220 2562 1270 2620; x_wconf 88' lang='lat' dir='ltr'>est,</span> <span class='ocrx_word' id='word_1_374' title='bbox 1287 2554 1320 2619; x_wconf 89' lang='lat' dir='ltr'>si,</span> <span class='ocrx_word' id='word_1_375' title='bbox 1336 2553 1408 2609; x_wconf 89' lang='lat' dir='ltr'>sieut</span> <span class='ocrx_word' id='word_1_376' title='bbox 1436 2551 1558 2607; x_wconf 88' lang='lat' dir='ltr'>Cbristus</span> <span class='ocrx_word' id='word_1_377' title='bbox 1577 2546 1605 2602; x_wconf 90' lang='lat' dir='ltr'>in</span> <span class='ocrx_word' id='word_1_378' title='bbox 1621 2540 1750 2600; x_wconf 86' lang='lat' dir='ltr'>omuibus</span> 
     </span>
     <span class='ocr_line' id='line_1_56' title="bbox 950 2629 1747 2717; baseline -0.023 -16"><span class='ocrx_word' id='word_1_379' title='bbox 950 2645 1078 2717; x_wconf 86' lang='lat' dir='ltr'>operibns</span> <span class='ocrx_word' id='word_1_380' title='bbox 1093 2645 1149 2701; x_wconf 91' lang='lat' dir='ltr'>suis</span> <span class='ocrx_word' id='word_1_381' title='bbox 1161 2645 1269 2700; x_wconf 86' lang='lat' dir='ltr'>Patrem</span> <span class='ocrx_word' id='word_1_382' title='bbox 1279 2660 1358 2698; x_wconf 91' lang='lat' dir='ltr'>suurn</span> <span class='ocrx_word' id='word_1_383' title='bbox 1373 2637 1543 2714; x_wconf 84' lang='lat' dir='ltr'>glorificavit,</span> <span class='ocrx_word' id='word_1_384' title='bbox 1564 2637 1602 2692; x_wconf 90' lang='lat' dir='ltr'>ita</span> <span class='ocrx_word' id='word_1_385' title='bbox 1616 2639 1643 2690; x_wconf 94' lang='lat' dir='ltr'>et</span> <span class='ocrx_word' id='word_1_386' title='bbox 1657 2646 1706 2688; x_wconf 82' lang='lat' dir='ltr'>sos</span> <span class='ocrx_word' id='word_1_387' title='bbox 1719 2629 1747 2684; x_wconf 90' lang='lat' dir='ltr'>in</span> 
     </span>
     <span class='ocr_line' id='line_1_57' title="bbox 950 2726 1591 2805; baseline -0.017 -15"><span class='ocrx_word' id='word_1_388' title='bbox 950 2734 1023 2790; x_wconf 89' lang='grc'><strong>6661</strong></span> <span class='ocrx_word' id='word_1_389' title='bbox 1041 2743 1104 2790; x_wconf 88' lang='grc'><strong>6616</strong></span> <span class='ocrx_word' id='word_1_390' title='bbox 1118 2742 1207 2790; x_wconf 86' lang='lat' dir='ltr'>vestro</span> <span class='ocrx_word' id='word_1_391' title='bbox 1221 2733 1280 2803; x_wconf 86' lang='lat' dir='ltr'>ejus</span> <span class='ocrx_word' id='word_1_392' title='bbox 1294 2731 1407 2805; x_wconf 88' lang='lat' dir='ltr'>gloriam</span> <span class='ocrx_word' id='word_1_393' title='bbox 1419 2726 1591 2800; x_wconf 71' lang='lat' dir='ltr'>quesieritis.</span> 
     </span>
    </p>
   </div>
   <div class='ocr_carea' id='block_1_9' title="bbox 57 2806 1750 3786">
    <p class='ocr_par' dir='ltr' id='par_1_10' title="bbox 57 2806 1750 3786">
     <span class='ocr_line' id='line_1_58' title="bbox 101 2806 1749 2896; baseline -0.004 -29"><span class='ocrx_word' id='word_1_394' title='bbox 101 2813 138 2869; x_wconf 92' lang='lat' dir='ltr'>do</span> <span class='ocrx_word' id='word_1_395' title='bbox 153 2825 180 2871; x_wconf 91' lang='lat' dir='ltr'>et</span> <span class='ocrx_word' id='word_1_396' title='bbox 192 2819 327 2878; x_wconf 87' lang='lat' dir='ltr'>audiendo</span> <span class='ocrx_word' id='word_1_397' title='bbox 335 2821 462 2881; x_wconf 88' lang='lat' dir='ltr'>delectati</span> <span class='ocrx_word' id='word_1_398' title='bbox 478 2835 552 2888; x_wconf 90' lang='lat' dir='ltr'>sunt,</span> <span class='ocrx_word' id='word_1_399' title='bbox 569 2840 706 2896; x_wconf 87' lang='lat' dir='ltr'>nunqnam</span> <span class='ocrx_word' id='word_1_400' title='bbox 719 2825 759 2881; x_wconf 87' lang='lat' dir='ltr'>eis</span> <span class='ocrx_word' id='word_1_401' title='bbox 774 2824 895 2895; x_wconf 88' lang='lat' dir='ltr'>perfecta</span> <span class='ocrx_word' id='word_1_402' title='bbox 986 2828 1011 2880; x_wconf 89' lang='lat'>8.</span> <span class='ocrx_word' id='word_1_403' title='bbox 1026 2824 1054 2880; x_wconf 90' lang='lat' dir='ltr'>Si</span> <span class='ocrx_word' id='word_1_404' title='bbox 1075 2823 1147 2878; x_wconf 91' lang='lat' dir='ltr'>enim</span> <span class='ocrx_word' id='word_1_405' title='bbox 1161 2823 1284 2879; x_wconf 82' lang='lat' dir='ltr'>cbristus</span> <span class='ocrx_word' id='word_1_406' title='bbox 1296 2822 1324 2876; x_wconf 90' lang='lat' dir='ltr'>in</span> <span class='ocrx_word' id='word_1_407' title='bbox 1339 2819 1470 2890; x_wconf 90' lang='lat' dir='ltr'>operibns</span> <span class='ocrx_word' id='word_1_408' title='bbox 1482 2815 1581 2873; x_wconf 80' lang='lat' dir='ltr'>restris</span> <span class='ocrx_word' id='word_1_409' title='bbox 1595 2806 1749 2883; x_wconf 87' lang='lat' dir='ltr'>apparuerit</span> 
     </span>
     <span class='ocr_line' id='line_1_59' title="bbox 101 2899 1748 2987; baseline -0.012 -14"><span class='ocrx_word' id='word_1_410' title='bbox 101 2905 190 2972; x_wconf 56' lang='lat' dir='ltr'>dull,</span> <span class='ocrx_word' id='word_1_411' title='bbox 219 2909 267 2963; x_wconf 73' lang='lat' dir='ltr'>sed</span> <span class='ocrx_word' id='word_1_412' title='bbox 300 2927 405 2984; x_wconf 82' lang='lat' dir='ltr'>semper</span> <span class='ocrx_word' id='word_1_413' title='bbox 432 2913 596 2984; x_wconf 89' lang='lat' dir='ltr'>promittitur</span> <span class='ocrx_word' id='word_1_414' title='bbox 630 2913 748 2985; x_wconf 84' lang='lat' dir='ltr'>Spiritus</span> <span class='ocrx_word' id='word_1_415' title='bbox 776 2918 894 2984; x_wconf 88' lang='lat' dir='ltr'>sanctus,</span> <span class='ocrx_word' id='word_1_416' title='bbox 911 2907 1092 2987; x_wconf 69' lang='lat' dir='ltr'>egloriosus,</span> <span class='ocrx_word' id='word_1_417' title='bbox 1109 2926 1192 2984; x_wconf 89' lang='lat' dir='ltr'>aquo</span> <span class='ocrx_word' id='word_1_418' title='bbox 1213 2912 1292 2970; x_wconf 87' lang='lat' dir='ltr'>robis</span> <span class='ocrx_word' id='word_1_419' title='bbox 1311 2909 1499 2981; x_wconf 88' lang='lat' dir='ltr'>trepidandum</span> <span class='ocrx_word' id='word_1_420' title='bbox 1509 2905 1639 2975; x_wconf 80' lang='lat' dir='ltr'>estflpse</span> <span class='ocrx_word' id='word_1_421' title='bbox 1654 2899 1748 2972; x_wconf 87' lang='lat' dir='ltr'>ntique</span> 
     </span>
     <span class='ocr_line' id='line_1_60' title="bbox 57 2989 1750 3075; baseline -0.001 -31"><span class='ocrx_word' id='word_1_422' title='bbox 57 3040 58 3044; x_wconf 75' lang='grc'><strong>,</strong></span> <span class='ocrx_word' id='word_1_423' title='bbox 100 2992 206 3049; x_wconf 82' lang='lat' dir='ltr'>Etenim</span> <span class='ocrx_word' id='word_1_424' title='bbox 215 2995 411 3072; x_wconf 68' lang='grc'><strong>81016666,</strong></span> <span class='ocrx_word' id='word_1_425' title='bbox 422 3019 487 3062; x_wconf 83' lang='lat' dir='ltr'>cam</span> <span class='ocrx_word' id='word_1_426' title='bbox 497 3008 661 3075; x_wconf 82' lang='lat' dir='ltr'>assumptas</span> <span class='ocrx_word' id='word_1_427' title='bbox 674 3005 765 3074; x_wconf 71' lang='lat' dir='ltr'>facero,</span> <span class='ocrx_word' id='word_1_428' title='bbox 777 3003 896 3059; x_wconf 84' lang='lat' dir='ltr'>mittam</span> <span class='ocrx_word' id='word_1_429' title='bbox 951 3002 1027 3059; x_wconf 91' lang='lat' dir='ltr'>solus</span> <span class='ocrx_word' id='word_1_430' title='bbox 1041 3009 1093 3069; x_wconf 90' lang='lat' dir='ltr'>est,</span> <span class='ocrx_word' id='word_1_431' title='bbox 1117 3001 1237 3070; x_wconf 79' lang='lat' dir='ltr'>inanius</span> <span class='ocrx_word' id='word_1_432' title='bbox 1252 3015 1333 3056; x_wconf 90' lang='lat' dir='ltr'>manu</span> <span class='ocrx_word' id='word_1_433' title='bbox 1356 2999 1391 3054; x_wconf 89' lang='lat' dir='ltr'>sit</span> <span class='ocrx_word' id='word_1_434' title='bbox 1406 2997 1488 3063; x_wconf 86' lang='lat' dir='ltr'>salus,</span> <span class='ocrx_word' id='word_1_435' title='bbox 1503 3006 1530 3052; x_wconf 88' lang='lat' dir='ltr'>et</span> <span class='ocrx_word' id='word_1_436' title='bbox 1558 2989 1750 3050; x_wconf 86' lang='lat' dir='ltr'>condemnatio</span> 
     </span>
     <span class='ocr_line' id='line_1_61' title="bbox 102 3078 1747 3163; baseline -0.007 -19"><span class='ocrx_word' id='word_1_437' title='bbox 102 3099 167 3140; x_wconf 76' lang='lat' dir='ltr'>eum</span> <span class='ocrx_word' id='word_1_438' title='bbox 185 3087 221 3143; x_wconf 84' lang='lat' dir='ltr'>cd</span> <span class='ocrx_word' id='word_1_439' title='bbox 250 3091 414 3161; x_wconf 74' lang='grc'><strong>66611666.</strong></span> <span class='ocrx_word' id='word_1_440' title='bbox 442 3108 502 3159; x_wconf 83' lang='lat' dir='ltr'>xvr,</span> <span class='ocrx_word' id='word_1_441' title='bbox 531 3094 569 3163; x_wconf 79' lang='lat' dir='ltr'>t).</span> <span class='ocrx_word' id='word_1_442' title='bbox 599 3092 705 3150; x_wconf 82' lang='lat' dir='ltr'>Christo</span> <span class='ocrx_word' id='word_1_443' title='bbox 720 3093 793 3148; x_wconf 91' lang='lat' dir='ltr'>enim</span> <span class='ocrx_word' id='word_1_444' title='bbox 811 3091 913 3147; x_wconf 70' lang='lat' dir='ltr'>adhuc.</span> <span class='ocrx_word' id='word_1_445' title='bbox 951 3078 1747 3155; x_wconf 77' lang='grc' dir='ltr'><strong>66666.ὃί666166ι66ῑ,6666(1161666116666116166,</strong></span> 
     </span>
     <span class='ocr_line' id='line_1_62' title="bbox 100 3165 1747 3258; baseline -0.005 -29"><span class='ocrx_word' id='word_1_446' title='bbox 100 3176 207 3233; x_wconf 85' lang='lat' dir='ltr'>virente</span> <span class='ocrx_word' id='word_1_447' title='bbox 229 3178 257 3233; x_wconf 92' lang='lat' dir='ltr'>in</span> <span class='ocrx_word' id='word_1_448' title='bbox 281 3195 373 3247; x_wconf 88' lang='lat' dir='ltr'>carne,</span> <span class='ocrx_word' id='word_1_449' title='bbox 399 3196 491 3238; x_wconf 88' lang='lat' dir='ltr'>nonne</span> <span class='ocrx_word' id='word_1_450' title='bbox 507 3184 604 3240; x_wconf 85' lang='lat' dir='ltr'>Petrus</span> <span class='ocrx_word' id='word_1_451' title='bbox 619 3183 726 3258; x_wconf 84' lang='lat' dir='ltr'>negarit</span> <span class='ocrx_word' id='word_1_452' title='bbox 751 3181 785 3238; x_wconf 86' lang='lat' dir='ltr'>ad</span> <span class='ocrx_word' id='word_1_453' title='bbox 803 3197 897 3237; x_wconf 83' lang='lat' dir='ltr'>rocem</span> <span class='ocrx_word' id='word_1_454' title='bbox 952 3180 1015 3251; x_wconf 91' lang='lat' dir='ltr'>quia</span> <span class='ocrx_word' id='word_1_455' title='bbox 1027 3179 1066 3236; x_wconf 91' lang='lat' dir='ltr'>sio</span> <span class='ocrx_word' id='word_1_456' title='bbox 1092 3179 1241 3235; x_wconf 89' lang='lat' dir='ltr'>meruimus</span> <span class='ocrx_word' id='word_1_457' title='bbox 1254 3175 1350 3250; x_wconf 78' lang='lat' dir='ltr'>(titt)</span> <span class='ocrx_word' id='word_1_458' title='bbox 1368 3193 1375 3232; x_wconf 90' lang='lat'><strong>:</strong></span> <span class='ocrx_word' id='word_1_459' title='bbox 1390 3175 1414 3231; x_wconf 93' lang='lat' dir='ltr'>si</span> <span class='ocrx_word' id='word_1_460' title='bbox 1428 3175 1524 3240; x_wconf 84' lang='lat' dir='ltr'>salvat,</span> <span class='ocrx_word' id='word_1_461' title='bbox 1539 3170 1690 3245; x_wconf 86' lang='lat' dir='ltr'>gloriosum</span> <span class='ocrx_word' id='word_1_462' title='bbox 1711 3165 1747 3221; x_wconf 90' lang='lat' dir='ltr'>sit</span> 
     </span>
     <span class='ocr_line' id='line_1_63' title="bbox 100 3257 1748 3347; baseline -0.004 -26"><span class='ocrx_word' id='word_1_463' title='bbox 100 3266 226 3323; x_wconf 79' lang='grc'><strong>66611161</strong></span> <span class='ocrx_word' id='word_1_464' title='bbox 241 3267 348 3326; x_wconf 88' lang='lat' dir='ltr'>Christo</span> <span class='ocrx_word' id='word_1_465' title='bbox 374 3279 464 3329; x_wconf 89' lang='lat' dir='ltr'>autam</span> <span class='ocrx_word' id='word_1_466' title='bbox 479 3282 619 3347; x_wconf 88' lang='lat' dir='ltr'>assumpto</span> <span class='ocrx_word' id='word_1_467' title='bbox 633 3279 661 3330; x_wconf 88' lang='lat' dir='ltr'>et</span> <span class='ocrx_word' id='word_1_468' title='bbox 688 3272 771 3328; x_wconf 89' lang='lat' dir='ltr'>misso</span> <span class='ocrx_word' id='word_1_469' title='bbox 795 3270 897 3342; x_wconf 88' lang='lat' dir='ltr'>Spiritu</span> <span class='ocrx_word' id='word_1_470' title='bbox 952 3283 1052 3324; x_wconf 91' lang='lat' dir='ltr'>nomen</span> <span class='ocrx_word' id='word_1_471' title='bbox 1067 3269 1140 3339; x_wconf 87' lang='lat' dir='ltr'>ejus,</span> <span class='ocrx_word' id='word_1_472' title='bbox 1154 3266 1219 3339; x_wconf 90' lang='lat' dir='ltr'>qnia</span> <span class='ocrx_word' id='word_1_473' title='bbox 1232 3264 1462 3338; x_wconf 82' lang='lat' dir='ltr'>superabundavit</span> <span class='ocrx_word' id='word_1_474' title='bbox 1478 3259 1664 3318; x_wconf 88' lang='lat' dir='ltr'>misericordia</span> <span class='ocrx_word' id='word_1_475' title='bbox 1675 3257 1748 3328; x_wconf 82' lang='lat' dir='ltr'>judi·</span> 
     </span>
     <span class='ocr_line' id='line_1_64' title="bbox 101 3346 1750 3436; baseline -0.005 -26"><span class='ocrx_word' id='word_1_476' title='bbox 101 3364 207 3425; x_wconf 86' lang='lat' dir='ltr'>sancto,</span> <span class='ocrx_word' id='word_1_477' title='bbox 223 3373 313 3415; x_wconf 87' lang='lat' dir='ltr'>nonne</span> <span class='ocrx_word' id='word_1_478' title='bbox 327 3360 402 3416; x_wconf 88' lang='lat' dir='ltr'>ibant</span> <span class='ocrx_word' id='word_1_479' title='bbox 415 3363 563 3432; x_wconf 86' lang='lat' dir='ltr'>gaudentes</span> <span class='ocrx_word' id='word_1_480' title='bbox 578 3361 700 3436; x_wconf 77' lang='lat' dir='ltr'>Apostoli</span> <span class='ocrx_word' id='word_1_481' title='bbox 718 3369 898 3433; x_wconf 87' lang='lat' dir='ltr'>acouspectu</span> <span class='ocrx_word' id='word_1_482' title='bbox 952 3359 1005 3417; x_wconf 91' lang='lat' dir='ltr'>cio.</span> <span class='ocrx_word' id='word_1_483' title='bbox 1030 3358 1111 3416; x_wconf 86' lang='lat' dir='ltr'>Pater</span> <span class='ocrx_word' id='word_1_484' title='bbox 1128 3358 1201 3415; x_wconf 89' lang='lat' dir='ltr'>enim</span> <span class='ocrx_word' id='word_1_485' title='bbox 1221 3371 1303 3432; x_wconf 88' lang='lat' dir='ltr'>omne</span> <span class='ocrx_word' id='word_1_486' title='bbox 1324 3355 1474 3425; x_wconf 81' lang='lat' dir='ltr'>judicium·</span> <span class='ocrx_word' id='word_1_487' title='bbox 1487 3351 1562 3410; x_wconf 88' lang='lat' dir='ltr'>dedit</span> <span class='ocrx_word' id='word_1_488' title='bbox 1583 3346 1662 3406; x_wconf 82' lang='lat' dir='ltr'>Filio.</span> <span class='ocrx_word' id='word_1_489' title='bbox 1682 3347 1750 3417; x_wconf 77' lang='lat' dir='ltr'>Quis</span> 
     </span>
     <span class='ocr_line' id='line_1_65' title="bbox 101 3438 1747 3524; baseline -0.005 -23"><span class='ocrx_word' id='word_1_490' title='bbox 101 3446 219 3513; x_wconf 88' lang='grc'><strong>66661111,</strong></span> <span class='ocrx_word' id='word_1_491' title='bbox 240 3449 365 3518; x_wconf 89' lang='lat' dir='ltr'>quoniam</span> <span class='ocrx_word' id='word_1_492' title='bbox 389 3450 463 3523; x_wconf 82' lang='lat' dir='ltr'>digni</span> <span class='ocrx_word' id='word_1_493' title='bbox 478 3451 561 3507; x_wconf 88' lang='lat' dir='ltr'>babiti</span> <span class='ocrx_word' id='word_1_494' title='bbox 584 3461 647 3507; x_wconf 90' lang='lat' dir='ltr'>sunt</span> <span class='ocrx_word' id='word_1_495' title='bbox 665 3461 777 3524; x_wconf 89' lang='lat' dir='ltr'>propter</span> <span class='ocrx_word' id='word_1_496' title='bbox 799 3464 898 3507; x_wconf 90' lang='lat' dir='ltr'>nomen</span> <span class='ocrx_word' id='word_1_497' title='bbox 952 3456 1042 3506; x_wconf 84' lang='lat' dir='ltr'>tamen</span> <span class='ocrx_word' id='word_1_498' title='bbox 1066 3448 1173 3520; x_wconf 89' lang='lat' dir='ltr'>estqui</span> <span class='ocrx_word' id='word_1_499' title='bbox 1202 3447 1365 3504; x_wconf 87' lang='lat' dir='ltr'>condemnet</span> <span class='ocrx_word' id='word_1_500' title='bbox 1390 3445 1470 3501; x_wconf 74' lang='lat' dir='ltr'>iesus</span> <span class='ocrx_word' id='word_1_501' title='bbox 1508 3439 1649 3499; x_wconf 68' lang='lat' dir='ltr'>Christus?</span> <span class='ocrx_word' id='word_1_502' title='bbox 1676 3438 1747 3511; x_wconf 90' lang='lat' dir='ltr'>pius,</span> 
     </span>
     <span class='ocr_line' id='line_1_66' title="bbox 99 3527 1750 3614; baseline -0.005 -24"><span class='ocrx_word' id='word_1_503' title='bbox 99 3536 167 3592; x_wconf 85' lang='lat' dir='ltr'>Jesn</span> <span class='ocrx_word' id='word_1_504' title='bbox 190 3539 378 3595; x_wconf 86' lang='lat' dir='ltr'>contumeliam</span> <span class='ocrx_word' id='word_1_505' title='bbox 393 3541 473 3610; x_wconf 81' lang='lat' dir='ltr'>petii</span> <span class='ocrx_word' id='word_1_506' title='bbox 496 3543 616 3612; x_wconf 65' lang='grc'><strong>(11666,</strong></span> <span class='ocrx_word' id='word_1_507' title='bbox 641 3543 699 3611; x_wconf 76' lang='grc'><strong>11.)</strong></span> <span class='ocrx_word' id='word_1_508' title='bbox 725 3541 817 3614; x_wconf 85' lang='lat' dir='ltr'>Longe</span> <span class='ocrx_word' id='word_1_509' title='bbox 832 3555 898 3612; x_wconf 87' lang='lat' dir='ltr'>ergo</span> <span class='ocrx_word' id='word_1_510' title='bbox 951 3538 1071 3610; x_wconf 90' lang='lat' dir='ltr'>inquam,</span> <span class='ocrx_word' id='word_1_511' title='bbox 1086 3547 1112 3595; x_wconf 89' lang='lat' dir='ltr'>et</span> <span class='ocrx_word' id='word_1_512' title='bbox 1126 3537 1213 3594; x_wconf 89' lang='lat' dir='ltr'>dulcis</span> <span class='ocrx_word' id='word_1_513' title='bbox 1235 3537 1324 3601; x_wconf 88' lang='lat' dir='ltr'>Jesus,</span> <span class='ocrx_word' id='word_1_514' title='bbox 1339 3535 1524 3609; x_wconf 88' lang='lat' dir='ltr'>quimortuus</span> <span class='ocrx_word' id='word_1_515' title='bbox 1547 3539 1587 3588; x_wconf 88' lang='lat' dir='ltr'>est</span> <span class='ocrx_word' id='word_1_516' title='bbox 1611 3544 1660 3600; x_wconf 92' lang='lat' dir='ltr'>pro</span> <span class='ocrx_word' id='word_1_517' title='bbox 1683 3527 1750 3584; x_wconf 91' lang='lat' dir='ltr'>deli-</span> 
     </span>
     <span class='ocr_line' id='line_1_67' title="bbox 100 3616 1748 3700; baseline -0.005 -21"><span class='ocrx_word' id='word_1_518' title='bbox 100 3623 264 3679; x_wconf 89' lang='lat' dir='ltr'>emioentior</span> <span class='ocrx_word' id='word_1_519' title='bbox 287 3632 314 3680; x_wconf 92' lang='lat' dir='ltr'>et</span> <span class='ocrx_word' id='word_1_520' title='bbox 328 3625 433 3681; x_wconf 84' lang='lat' dir='ltr'>dulcior</span> <span class='ocrx_word' id='word_1_521' title='bbox 455 3627 541 3683; x_wconf 90' lang='lat' dir='ltr'>virtus</span> <span class='ocrx_word' id='word_1_522' title='bbox 565 3628 681 3699; x_wconf 87' lang='lat' dir='ltr'>Spiritus</span> <span class='ocrx_word' id='word_1_523' title='bbox 696 3629 793 3693; x_wconf 90' lang='lat' dir='ltr'>sancti,</span> <span class='ocrx_word' id='word_1_524' title='bbox 813 3643 896 3700; x_wconf 90' lang='lat' dir='ltr'>quam</span> <span class='ocrx_word' id='word_1_525' title='bbox 952 3628 1003 3684; x_wconf 88' lang='lat' dir='ltr'>ctis</span> <span class='ocrx_word' id='word_1_526' title='bbox 1025 3627 1139 3695; x_wconf 78' lang='lat' dir='ltr'>nostris3</span> <span class='ocrx_word' id='word_1_527' title='bbox 1173 3627 1219 3699; x_wconf 93' lang='lat' dir='ltr'>qui</span> <span class='ocrx_word' id='word_1_528' title='bbox 1235 3625 1381 3681; x_wconf 79' lang='lat' dir='ltr'>resurrexit</span> <span class='ocrx_word' id='word_1_529' title='bbox 1396 3630 1507 3694; x_wconf 82' lang='lat' dir='ltr'>propter</span> <span class='ocrx_word' id='word_1_530' title='bbox 1529 3616 1748 3690; x_wconf 84' lang='lat' dir='ltr'>justificationem</span> 
     </span>
     <span class='ocr_line' id='line_1_68' title="bbox 100 3706 1747 3786; baseline -0.003 -20"><span class='ocrx_word' id='word_1_531' title='bbox 100 3710 248 3768; x_wconf 85' lang='lat' dir='ltr'>delectatio</span> <span class='ocrx_word' id='word_1_532' title='bbox 263 3715 385 3784; x_wconf 91' lang='lat' dir='ltr'>corporis</span> <span class='ocrx_word' id='word_1_533' title='bbox 407 3715 516 3772; x_wconf 87' lang='lat' dir='ltr'>Christi.</span> <span class='ocrx_word' id='word_1_534' title='bbox 532 3714 611 3785; x_wconf 88' lang='lat' dir='ltr'>Quod</span> <span class='ocrx_word' id='word_1_535' title='bbox 631 3716 654 3771; x_wconf 91' lang='lat' dir='ltr'>si</span> <span class='ocrx_word' id='word_1_536' title='bbox 669 3725 722 3773; x_wconf 89' lang='lat' dir='ltr'>tarn</span> <span class='ocrx_word' id='word_1_537' title='bbox 742 3715 898 3772; x_wconf 84' lang='lat' dir='ltr'>excellentis</span> <span class='ocrx_word' id='word_1_538' title='bbox 953 3723 1087 3783; x_wconf 87' lang='lat' dir='ltr'>nostram;</span> <span class='ocrx_word' id='word_1_539' title='bbox 1102 3716 1148 3786; x_wconf 89' lang='lat' dir='ltr'>qui</span> <span class='ocrx_word' id='word_1_540' title='bbox 1163 3724 1203 3770; x_wconf 86' lang='lat' dir='ltr'>est</span> <span class='ocrx_word' id='word_1_541' title='bbox 1221 3715 1254 3769; x_wconf 90' lang='lat' dir='ltr'>ad</span> <span class='ocrx_word' id='word_1_542' title='bbox 1267 3713 1386 3769; x_wconf 85' lang='lat' dir='ltr'>dextram</span> <span class='ocrx_word' id='word_1_543' title='bbox 1397 3711 1495 3776; x_wconf 89' lang='lat' dir='ltr'>Patris,</span> <span class='ocrx_word' id='word_1_544' title='bbox 1507 3709 1552 3764; x_wconf 93' lang='lat' dir='ltr'>nbi</span> <span class='ocrx_word' id='word_1_545' title='bbox 1566 3708 1648 3763; x_wconf 86' lang='lat' dir='ltr'>etiam</span> <span class='ocrx_word' id='word_1_546' title='bbox 1661 3706 1747 3762; x_wconf 89' lang='lat' dir='ltr'>inter-</span> 
     </span>
    </p>
   </div>
   <div class='ocr_carea' id='block_1_10' title="bbox 97 3801 897 4143">
    <p class='ocr_par' dir='ltr' id='par_1_11' title="bbox 97 3801 897 4143">
     <span class='ocr_line' id='line_1_69' title="bbox 100 3801 894 3879; baseline 0.005 -23"><span class='ocrx_word' id='word_1_547' title='bbox 100 3803 132 3856; x_wconf 89' lang='lat' dir='ltr'>et</span> <span class='ocrx_word' id='word_1_548' title='bbox 149 3801 221 3856; x_wconf 92' lang='lat' dir='ltr'>beati</span> <span class='ocrx_word' id='word_1_549' title='bbox 235 3803 357 3873; x_wconf 90' lang='lat' dir='ltr'>corporis</span> <span class='ocrx_word' id='word_1_550' title='bbox 375 3805 491 3861; x_wconf 86' lang='lat' dir='ltr'>carnalis</span> <span class='ocrx_word' id='word_1_551' title='bbox 504 3805 649 3862; x_wconf 85' lang='lat' dir='ltr'>delectatio</span> <span class='ocrx_word' id='word_1_552' title='bbox 664 3806 751 3879; x_wconf 89' lang='lat' dir='ltr'>potnit</span> <span class='ocrx_word' id='word_1_553' title='bbox 766 3807 800 3862; x_wconf 93' lang='lat' dir='ltr'>ab</span> <span class='ocrx_word' id='word_1_554' title='bbox 815 3805 894 3874; x_wconf 80' lang='lat' dir='ltr'>lipo-</span> 
     </span>
     <span class='ocr_line' id='line_1_70' title="bbox 100 3890 896 3966; baseline 0.003 -20"><span class='ocrx_word' id='word_1_555' title='bbox 100 3890 180 3946; x_wconf 89' lang='lat' dir='ltr'>stolis</span> <span class='ocrx_word' id='word_1_556' title='bbox 187 3906 222 3945; x_wconf 90' lang='lat' dir='ltr'>ne</span> <span class='ocrx_word' id='word_1_557' title='bbox 231 3902 352 3949; x_wconf 85' lang='lat' dir='ltr'>avertere</span> <span class='ocrx_word' id='word_1_558' title='bbox 363 3893 493 3966; x_wconf 89' lang='lat' dir='ltr'>Spiritum</span> <span class='ocrx_word' id='word_1_559' title='bbox 501 3900 634 3960; x_wconf 78' lang='grc'><strong>6666166,</strong></span> <span class='ocrx_word' id='word_1_560' title='bbox 648 3895 707 3952; x_wconf 84' lang='grc'><strong>6166</strong></span> <span class='ocrx_word' id='word_1_561' title='bbox 722 3896 799 3965; x_wconf 84' lang='lat' dir='ltr'>cujus</span> <span class='ocrx_word' id='word_1_562' title='bbox 810 3893 896 3949; x_wconf 87' lang='lat' dir='ltr'>affec-</span> 
     </span>
     <span class='ocr_line' id='line_1_71' title="bbox 99 3979 897 4053; baseline 0.001 -20"><span class='ocrx_word' id='word_1_563' title='bbox 99 3979 252 4034; x_wconf 90' lang='lat' dir='ltr'>tionenibil</span> <span class='ocrx_word' id='word_1_564' title='bbox 275 3980 347 4051; x_wconf 90' lang='lat' dir='ltr'>quod</span> <span class='ocrx_word' id='word_1_565' title='bbox 364 3981 466 4037; x_wconf 90' lang='lat' dir='ltr'>bonum</span> <span class='ocrx_word' id='word_1_566' title='bbox 477 3993 515 4038; x_wconf 86' lang='lat' dir='ltr'>est</span> <span class='ocrx_word' id='word_1_567' title='bbox 530 3982 722 4053; x_wconf 90' lang='lat' dir='ltr'>potestamari,</span> <span class='ocrx_word' id='word_1_568' title='bbox 737 3981 794 4038; x_wconf 88' lang='lat' dir='ltr'>sine</span> <span class='ocrx_word' id='word_1_569' title='bbox 819 3981 897 4051; x_wconf 79' lang='lat' dir='ltr'>cujus</span> 
     </span>
     <span class='ocr_line' id='line_1_72' title="bbox 97 4069 894 4143; baseline 0 -18"><span class='ocrx_word' id='word_1_570' title='bbox 97 4069 200 4125; x_wconf 86' lang='lat' dir='ltr'>virtute</span> <span class='ocrx_word' id='word_1_571' title='bbox 228 4069 293 4125; x_wconf 91' lang='lat' dir='ltr'>nibil</span> <span class='ocrx_word' id='word_1_572' title='bbox 316 4070 448 4127; x_wconf 75' lang='lat' dir='ltr'>salutiferi</span> <span class='ocrx_word' id='word_1_573' title='bbox 475 4072 565 4128; x_wconf 88' lang='lat' dir='ltr'>oneris</span> <span class='ocrx_word' id='word_1_574' title='bbox 585 4078 673 4143; x_wconf 90' lang='lat' dir='ltr'>potest</span> <span class='ocrx_word' id='word_1_575' title='bbox 696 4070 824 4128; x_wconf 90' lang='lat' dir='ltr'>tolerari:</span> <span class='ocrx_word' id='word_1_576' title='bbox 846 4085 894 4126; x_wconf 84' lang='lat' dir='ltr'>vos</span> 
     </span>
    </p>
   </div>
   <div class='ocr_carea' id='block_1_11' title="bbox 950 3793 1749 4142">
    <p class='ocr_par' dir='ltr' id='par_1_12' title="bbox 950 3793 1749 4142">
     <span class='ocr_line' id='line_1_73' title="bbox 953 3793 1749 3875; baseline -0.014 -15"><span class='ocrx_word' id='word_1_577' title='bbox 953 3803 1032 3873; x_wconf 88' lang='lat' dir='ltr'>pellet</span> <span class='ocrx_word' id='word_1_578' title='bbox 1058 3820 1108 3875; x_wconf 92' lang='lat' dir='ltr'>pro</span> <span class='ocrx_word' id='word_1_579' title='bbox 1130 3803 1230 3859; x_wconf 73' lang='lat' dir='ltr'>nobis?</span> <span class='ocrx_word' id='word_1_580' title='bbox 1244 3801 1362 3857; x_wconf 85' lang='lat' dir='ltr'>bfilitans</span> <span class='ocrx_word' id='word_1_581' title='bbox 1380 3801 1408 3856; x_wconf 92' lang='lat' dir='ltr'>in</span> <span class='ocrx_word' id='word_1_582' title='bbox 1431 3809 1512 3866; x_wconf 90' lang='lat' dir='ltr'>terra,</span> <span class='ocrx_word' id='word_1_583' title='bbox 1533 3810 1652 3871; x_wconf 89' lang='lat' dir='ltr'>regnans</span> <span class='ocrx_word' id='word_1_584' title='bbox 1674 3793 1749 3850; x_wconf 91' lang='lat' dir='ltr'>etin</span> 
     </span>
     <span class='ocr_line' id='line_1_74' title="bbox 951 3882 1749 3962; baseline -0.015 -13"><span class='ocrx_word' id='word_1_585' title='bbox 951 3892 1032 3962; x_wconf 85' lang='lat' dir='ltr'>coelo,</span> <span class='ocrx_word' id='word_1_586' title='bbox 1043 3891 1108 3947; x_wconf 86' lang='lat' dir='ltr'>nibil</span> <span class='ocrx_word' id='word_1_587' title='bbox 1119 3891 1174 3946; x_wconf 89' lang='lat' dir='ltr'>sitit</span> <span class='ocrx_word' id='word_1_588' title='bbox 1185 3890 1238 3946; x_wconf 88' lang='lat' dir='ltr'>nisi</span> <span class='ocrx_word' id='word_1_589' title='bbox 1248 3896 1370 3946; x_wconf 88' lang='lat' dir='ltr'>nostram</span> <span class='ocrx_word' id='word_1_590' title='bbox 1382 3888 1494 3944; x_wconf 90' lang='lat' dir='ltr'>salutem</span> <span class='ocrx_word' id='word_1_591' title='bbox 1510 3904 1519 3943; x_wconf 73' lang='grc' dir='ltr'><strong>ε</strong></span> <span class='ocrx_word' id='word_1_592' title='bbox 1531 3893 1557 3942; x_wconf 92' lang='lat' dir='ltr'>et</span> <span class='ocrx_word' id='word_1_593' title='bbox 1566 3886 1625 3956; x_wconf 90' lang='lat' dir='ltr'>ipse</span> <span class='ocrx_word' id='word_1_594' title='bbox 1639 3882 1749 3954; x_wconf 88' lang='lat' dir='ltr'>fuglen-</span> 
     </span>
     <span class='ocr_line' id='line_1_75' title="bbox 952 3974 1746 4043; baseline -0.014 -7"><span class='ocrx_word' id='word_1_595' title='bbox 952 3981 1024 4037; x_wconf 92' lang='lat' dir='ltr'>tibus</span> <span class='ocrx_word' id='word_1_596' title='bbox 1038 3980 1073 4036; x_wconf 89' lang='lat' dir='ltr'>ad</span> <span class='ocrx_word' id='word_1_597' title='bbox 1090 3997 1119 4035; x_wconf 90' lang='lat' dir='ltr'>sc</span> <span class='ocrx_word' id='word_1_598' title='bbox 1138 3978 1236 4036; x_wconf 88' lang='lat' dir='ltr'>referet</span> <span class='ocrx_word' id='word_1_599' title='bbox 1257 3975 1467 4036; x_wconf 80' lang='lat' dir='ltr'>confusionem?</span> <span class='ocrx_word' id='word_1_600' title='bbox 1486 3974 1746 4043; x_wconf 75' lang='grc'><strong>1666066666-</strong></span> 
     </span>
     <span class='ocr_line' id='line_1_76' title="bbox 950 4057 1749 4142; baseline -0.014 -17"><span class='ocrx_word' id='word_1_601' title='bbox 950 4084 1058 4139; x_wconf 83' lang='lat' dir='ltr'>cunque</span> <span class='ocrx_word' id='word_1_602' title='bbox 1073 4068 1163 4142; x_wconf 90' lang='lat' dir='ltr'>gravis</span> <span class='ocrx_word' id='word_1_603' title='bbox 1178 4083 1207 4124; x_wconf 89' lang='lat' dir='ltr'>sc</span> <span class='ocrx_word' id='word_1_604' title='bbox 1227 4069 1333 4141; x_wconf 87' lang='lat' dir='ltr'>ingerat</span> <span class='ocrx_word' id='word_1_605' title='bbox 1359 4064 1495 4121; x_wconf 83' lang='lat' dir='ltr'>memoriae</span> <span class='ocrx_word' id='word_1_606' title='bbox 1514 4077 1581 4118; x_wconf 87' lang='lat' dir='ltr'>meae</span> <span class='ocrx_word' id='word_1_607' title='bbox 1597 4057 1749 4116; x_wconf 86' lang='lat' dir='ltr'>recordatio</span> 
     </span>
    </p>
   </div>
   <div class='ocr_carea' id='block_1_12' title="bbox 96 4150 1750 4321">
    <p class='ocr_par' dir='ltr' id='par_1_13' title="bbox 96 4150 1750 4321">
     <span class='ocr_line' id='line_1_77' title="bbox 96 4150 1750 4234; baseline -0.007 -21"><span class='ocrx_word' id='word_1_608' title='bbox 96 4157 152 4227; x_wconf 90' lang='lat' dir='ltr'>ipsi</span> <span class='ocrx_word' id='word_1_609' title='bbox 176 4157 340 4228; x_wconf 84' lang='lat' dir='ltr'>judicatean</span> <span class='ocrx_word' id='word_1_610' title='bbox 363 4175 418 4216; x_wconf 92' lang='grc'>666</span> <span class='ocrx_word' id='word_1_611' title='bbox 431 4160 523 4216; x_wconf 90' lang='lat' dir='ltr'>miseri</span> <span class='ocrx_word' id='word_1_612' title='bbox 547 4169 610 4216; x_wconf 88' lang='lat' dir='ltr'>sunt</span> <span class='ocrx_word' id='word_1_613' title='bbox 631 4169 657 4217; x_wconf 89' lang='lat' dir='ltr'>et</span> <span class='ocrx_word' id='word_1_614' title='bbox 685 4159 782 4225; x_wconf 89' lang='lat' dir='ltr'>insani,</span> <span class='ocrx_word' id='word_1_615' title='bbox 798 4160 844 4232; x_wconf 92' lang='lat' dir='ltr'>qui</span> <span class='ocrx_word' id='word_1_616' title='bbox 859 4158 892 4214; x_wconf 88' lang='lat' dir='ltr'>ad</span> <span class='ocrx_word' id='word_1_617' title='bbox 949 4158 1468 4234; x_wconf 84' lang='lat' dir='ltr'>scelerummeorum,quantumcunque</span> <span class='ocrx_word' id='word_1_618' title='bbox 1492 4150 1750 4220; x_wconf 71' lang='lat' dir='ltr'>medatem-empran-</span> 
     </span>
     <span class='ocr_line' id='line_1_78' title="bbox 97 4234 1748 4321; baseline -0.005 -21"><span class='ocrx_word' id='word_1_619' title='bbox 97 4244 261 4320; x_wconf 84' lang='lat' dir='ltr'>religionem</span> <span class='ocrx_word' id='word_1_620' title='bbox 275 4248 511 4313; x_wconf 82' lang='lat' dir='ltr'>venturi,‹lelicias</span> <span class='ocrx_word' id='word_1_621' title='bbox 534 4248 656 4320; x_wconf 90' lang='lat' dir='ltr'>corporis</span> <span class='ocrx_word' id='word_1_622' title='bbox 684 4257 821 4321; x_wconf 79' lang='lat' dir='ltr'>quaerunt.</span> <span class='ocrx_word' id='word_1_623' title='bbox 837 4248 895 4304; x_wconf 90' lang='lat' dir='ltr'>Ve-</span> <span class='ocrx_word' id='word_1_624' title='bbox 951 4247 1111 4304; x_wconf 75' lang='lat' dir='ltr'>terirentur</span> <span class='ocrx_word' id='word_1_625' title='bbox 1139 4262 1208 4303; x_wconf 79' lang='grc'>666</span> <span class='ocrx_word' id='word_1_626' title='bbox 1222 4244 1359 4302; x_wconf 90' lang='lat' dir='ltr'>horribilis</span> <span class='ocrx_word' id='word_1_627' title='bbox 1381 4240 1572 4310; x_wconf 88' lang='lat' dir='ltr'>consideratio,</span> <span class='ocrx_word' id='word_1_628' title='bbox 1588 4237 1687 4295; x_wconf 89' lang='lat' dir='ltr'>facient</span> <span class='ocrx_word' id='word_1_629' title='bbox 1701 4234 1748 4292; x_wconf 90' lang='lat' dir='ltr'>alii</span> 
     </span>
    </p>
   </div>
   <div class='ocr_carea' id='block_1_13' title="bbox 97 4299 1749 4589">
    <p class='ocr_par' dir='ltr' id='par_1_14' title="bbox 97 4299 1749 4589">
     <span class='ocr_line' id='line_1_79' title="bbox 98 4299 1747 4411; baseline -0.004 -22"><span class='ocrx_word' id='word_1_630' title='bbox 98 4333 239 4391; x_wconf 90' lang='lat' dir='ltr'>nientibus</span> <span class='ocrx_word' id='word_1_631' title='bbox 253 4336 351 4407; x_wconf 90' lang='lat' dir='ltr'>quippe</span> <span class='ocrx_word' id='word_1_632' title='bbox 359 4336 392 4391; x_wconf 88' lang='lat' dir='ltr'>ad</span> <span class='ocrx_word' id='word_1_633' title='bbox 407 4337 564 4411; x_wconf 87' lang='lat' dir='ltr'>religionem</span> <span class='ocrx_word' id='word_1_634' title='bbox 574 4353 629 4393; x_wconf 92' lang='lat' dir='ltr'>non</span> <span class='ocrx_word' id='word_1_635' title='bbox 644 4346 685 4394; x_wconf 88' lang='lat' dir='ltr'>est</span> <span class='ocrx_word' id='word_1_636' title='bbox 694 4336 891 4393; x_wconf 88' lang='lat' dir='ltr'>consideranda</span> <span class='ocrx_word' id='word_1_637' title='bbox 912 4299 1022 4408; x_wconf 75' lang='lat' dir='ltr'>nquod</span> <span class='ocrx_word' id='word_1_638' title='bbox 1046 4336 1201 4393; x_wconf 88' lang='lat' dir='ltr'>censuerint</span> <span class='ocrx_word' id='word_1_639' title='bbox 1217 4334 1357 4406; x_wconf 79' lang='lat' dir='ltr'>expedire3</span> <span class='ocrx_word' id='word_1_640' title='bbox 1375 4349 1428 4409; x_wconf 92' lang='lat' dir='ltr'>ego</span> <span class='ocrx_word' id='word_1_641' title='bbox 1451 4347 1561 4404; x_wconf 89' lang='lat' dir='ltr'>semper</span> <span class='ocrx_word' id='word_1_642' title='bbox 1584 4328 1697 4386; x_wconf 84' lang='lat' dir='ltr'>sentiam</span> <span class='ocrx_word' id='word_1_643' title='bbox 1719 4328 1747 4382; x_wconf 91' lang='grc'>16</span> 
     </span>
     <span class='ocr_line' id='line_1_80' title="bbox 98 4419 1749 4497; baseline -0.004 -20"><span class='ocrx_word' id='word_1_644' title='bbox 98 4423 189 4478; x_wconf 89' lang='lat' dir='ltr'>carnis</span> <span class='ocrx_word' id='word_1_645' title='bbox 217 4424 358 4497; x_wconf 83' lang='lat' dir='ltr'>fragilitas,</span> <span class='ocrx_word' id='word_1_646' title='bbox 381 4435 410 4482; x_wconf 90' lang='lat' dir='ltr'>ut</span> <span class='ocrx_word' id='word_1_647' title='bbox 424 4427 450 4482; x_wconf 90' lang='lat' dir='ltr'>ei</span> <span class='ocrx_word' id='word_1_648' title='bbox 478 4427 591 4484; x_wconf 87' lang='lat' dir='ltr'>delicate</span> <span class='ocrx_word' id='word_1_649' title='bbox 617 4428 817 4496; x_wconf 86' lang='lat' dir='ltr'>subserviatur,</span> <span class='ocrx_word' id='word_1_650' title='bbox 847 4426 894 4482; x_wconf 91' lang='lat' dir='ltr'>sed</span> <span class='ocrx_word' id='word_1_651' title='bbox 950 4425 1108 4482; x_wconf 89' lang='lat' dir='ltr'>bonitatede</span> <span class='ocrx_word' id='word_1_652' title='bbox 1117 4423 1374 4482; x_wconf 83' lang='lat' dir='ltr'>dulcedinellomini</span> <span class='ocrx_word' id='word_1_653' title='bbox 1383 4424 1436 4479; x_wconf 91' lang='lat' dir='ltr'>mei</span> <span class='ocrx_word' id='word_1_654' title='bbox 1446 4419 1629 4486; x_wconf 83' lang='lat' dir='ltr'>Jesucbristi,</span> <span class='ocrx_word' id='word_1_655' title='bbox 1641 4432 1749 4486; x_wconf 90' lang='lat' dir='ltr'>semper</span> 
     </span>
     <span class='ocr_line' id='line_1_81' title="bbox 97 4507 1748 4589; baseline -0.004 -22"><span class='ocrx_word' id='word_1_656' title='bbox 97 4511 293 4582; x_wconf 87' lang='lat' dir='ltr'>impedimenta</span> <span class='ocrx_word' id='word_1_657' title='bbox 321 4514 433 4575; x_wconf 86' lang='lat' dir='ltr'>ferroris</span> <span class='ocrx_word' id='word_1_658' title='bbox 455 4517 577 4589; x_wconf 89' lang='lat' dir='ltr'>spiritus,</span> <span class='ocrx_word' id='word_1_659' title='bbox 602 4523 631 4573; x_wconf 88' lang='lat' dir='ltr'>ut</span> <span class='ocrx_word' id='word_1_660' title='bbox 654 4516 768 4574; x_wconf 88' lang='lat' dir='ltr'>sollicite</span> <span class='ocrx_word' id='word_1_661' title='bbox 785 4515 897 4589; x_wconf 87' lang='lat' dir='ltr'>fugian·</span> <span class='ocrx_word' id='word_1_662' title='bbox 952 4514 1023 4573; x_wconf 90' lang='lat' dir='ltr'>oculi</span> <span class='ocrx_word' id='word_1_663' title='bbox 1039 4514 1092 4573; x_wconf 90' lang='lat' dir='ltr'>mei</span> <span class='ocrx_word' id='word_1_664' title='bbox 1107 4516 1142 4570; x_wconf 90' lang='lat' dir='ltr'>ad</span> <span class='ocrx_word' id='word_1_665' title='bbox 1157 4515 1369 4572; x_wconf 90' lang='lat' dir='ltr'>misericordiam</span> <span class='ocrx_word' id='word_1_666' title='bbox 1384 4513 1445 4583; x_wconf 80' lang='lat' dir='ltr'>ejus</span> <span class='ocrx_word' id='word_1_667' title='bbox 1460 4530 1467 4568; x_wconf 90' lang='lat'>:</span> <span class='ocrx_word' id='word_1_668' title='bbox 1483 4512 1571 4568; x_wconf 90' lang='lat' dir='ltr'>sciens</span> <span class='ocrx_word' id='word_1_669' title='bbox 1585 4507 1711 4564; x_wconf 89' lang='lat' dir='ltr'>nimirum</span> <span class='ocrx_word' id='word_1_670' title='bbox 1721 4515 1748 4561; x_wconf 90' lang='lat' dir='ltr'>et</span> 
     </span>
    </p>
   </div>
   <div class='ocr_carea' id='block_1_14' title="bbox 95 4595 1747 4945">
    <p class='ocr_par' dir='ltr' id='par_1_15' title="bbox 100 4595 1747 4676">
     <span class='ocr_line' id='line_1_82' title="bbox 100 4595 1747 4676; baseline -0.025 13"><span class='ocrx_word' id='word_1_671' title='bbox 100 4608 156 4658; x_wconf 56' lang='grc' dir='ltr'>ιω·</span> <span class='ocrx_word' id='word_1_672' title='bbox 950 4604 1113 4676; x_wconf 89' lang='lat' dir='ltr'>quandoque</span> <span class='ocrx_word' id='word_1_673' title='bbox 1127 4604 1155 4661; x_wconf 91' lang='lat' dir='ltr'>in</span> <span class='ocrx_word' id='word_1_674' title='bbox 1170 4620 1212 4660; x_wconf 90' lang='lat' dir='ltr'>me</span> <span class='ocrx_word' id='word_1_675' title='bbox 1226 4604 1379 4676; x_wconf 87' lang='lat' dir='ltr'>experiens,</span> <span class='ocrx_word' id='word_1_676' title='bbox 1396 4604 1478 4674; x_wconf 87' lang='lat' dir='ltr'>longe</span> <span class='ocrx_word' id='word_1_677' title='bbox 1492 4599 1672 4657; x_wconf 88' lang='lat' dir='ltr'>efficaciorem</span> <span class='ocrx_word' id='word_1_678' title='bbox 1687 4595 1747 4665; x_wconf 83' lang='lat' dir='ltr'>ejus</span> 
     </span>
    </p>

    <p class='ocr_par' dir='ltr' id='par_1_16' title="bbox 95 4683 1747 4945">
     <span class='ocr_line' id='line_1_83' title="bbox 136 4683 1747 4766; baseline -0.022 7"><span class='ocrx_word' id='word_1_679' title='bbox 136 4688 164 4745; x_wconf 76' lang='lat'>7·</span> <span class='ocrx_word' id='word_1_680' title='bbox 180 4688 314 4748; x_wconf 56' lang='lat' dir='ltr'>Fessiifflte</span> <span class='ocrx_word' id='word_1_681' title='bbox 327 4707 392 4765; x_wconf 68' lang='lat'>0&#39;80</span> <span class='ocrx_word' id='word_1_682' title='bbox 406 4691 465 4749; x_wconf 61' lang='lat' dir='ltr'>fieri</span> <span class='ocrx_word' id='word_1_683' title='bbox 480 4709 613 4765; x_wconf 59' lang='grc' dir='ltr'>16111191ε8</span> <span class='ocrx_word' id='word_1_684' title='bbox 627 4693 734 4766; x_wconf 83' lang='lat' dir='ltr'>spiritu,</span> <span class='ocrx_word' id='word_1_685' title='bbox 761 4701 788 4750; x_wconf 82' lang='lat' dir='ltr'>et</span> <span class='ocrx_word' id='word_1_686' title='bbox 804 4693 899 4765; x_wconf 88' lang='lat' dir='ltr'>inopes</span> <span class='ocrx_word' id='word_1_687' title='bbox 951 4692 1122 4751; x_wconf 89' lang='lat' dir='ltr'>dnlcedinem</span> <span class='ocrx_word' id='word_1_688' title='bbox 1133 4694 1166 4750; x_wconf 89' lang='lat' dir='ltr'>ad</span> <span class='ocrx_word' id='word_1_689' title='bbox 1176 4695 1378 4759; x_wconf 87' lang='lat' dir='ltr'>consolandum,</span> <span class='ocrx_word' id='word_1_690' title='bbox 1396 4689 1550 4763; x_wconf 78' lang='lat' dir='ltr'>quamtitas</span> <span class='ocrx_word' id='word_1_691' title='bbox 1565 4701 1632 4742; x_wconf 84' lang='lat' dir='ltr'>meae</span> <span class='ocrx_word' id='word_1_692' title='bbox 1646 4683 1747 4740; x_wconf 86' lang='lat' dir='ltr'>amari·</span> 
     </span>
     <span class='ocr_line' id='line_1_84' title="bbox 97 4772 1746 4853; baseline -0.005 -19"><span class='ocrx_word' id='word_1_693' title='bbox 97 4778 192 4848; x_wconf 89' lang='lat' dir='ltr'>rebus,</span> <span class='ocrx_word' id='word_1_694' title='bbox 212 4789 243 4837; x_wconf 87' lang='lat' dir='ltr'>ut</span> <span class='ocrx_word' id='word_1_695' title='bbox 264 4781 397 4838; x_wconf 86' lang='lat' dir='ltr'>Dominus</span> <span class='ocrx_word' id='word_1_696' title='bbox 416 4783 452 4837; x_wconf 90' lang='lat' dir='ltr'>sit</span> <span class='ocrx_word' id='word_1_697' title='bbox 473 4783 604 4840; x_wconf 89' lang='lat' dir='ltr'>sollicitus</span> <span class='ocrx_word' id='word_1_698' title='bbox 618 4783 711 4840; x_wconf 76' lang='lat' dir='ltr'>vestri.</span> <span class='ocrx_word' id='word_1_699' title='bbox 736 4781 897 4853; x_wconf 80' lang='lat' dir='ltr'>Huiusmodi</span> <span class='ocrx_word' id='word_1_700' title='bbox 952 4782 1072 4838; x_wconf 88' lang='lat' dir='ltr'>tudinem</span> <span class='ocrx_word' id='word_1_701' title='bbox 1082 4782 1115 4839; x_wconf 90' lang='lat' dir='ltr'>ed</span> <span class='ocrx_word' id='word_1_702' title='bbox 1126 4798 1187 4838; x_wconf 91' lang='lat' dir='ltr'>cum</span> <span class='ocrx_word' id='word_1_703' title='bbox 1202 4778 1542 4849; x_wconf 85' lang='lat' dir='ltr'>desolandum·,multoqne</span> <span class='ocrx_word' id='word_1_704' title='bbox 1554 4772 1746 4847; x_wconf 88' lang='lat' dir='ltr'>promptiorem</span> 
     </span>
     <span class='ocr_line' id='line_1_85' title="bbox 95 4868 1747 4945; baseline -0.02 2"><span class='ocrx_word' id='word_1_705' title='bbox 95 4868 172 4925; x_wconf 59' lang='lat'>‘⁰5⁰¹</span> <span class='ocrx_word' id='word_1_706' title='bbox 187 4871 896 4943; x_wconf 69' lang='grc'><strong>1116666666,661666116616611661,61666166-</strong></span> <span class='ocrx_word' id='word_1_707' title='bbox 951 4875 1013 4943; x_wconf 75' lang='lat' dir='ltr'>eius</span> <span class='ocrx_word' id='word_1_708' title='bbox 1039 4871 1235 4945; x_wconf 88' lang='lat' dir='ltr'>benignitatem</span> <span class='ocrx_word' id='word_1_709' title='bbox 1257 4872 1292 4927; x_wconf 91' lang='lat' dir='ltr'>ad</span> <span class='ocrx_word' id='word_1_710' title='bbox 1313 4869 1519 4942; x_wconf 88' lang='lat' dir='ltr'>indulgendum,</span> <span class='ocrx_word' id='word_1_711' title='bbox 1542 4879 1624 4937; x_wconf 88' lang='lat' dir='ltr'>quam</span> <span class='ocrx_word' id='word_1_712' title='bbox 1657 4876 1747 4917; x_wconf 88' lang='lat' dir='ltr'>meam</span> 
     </span>
    </p>
   </div>
   <div class='ocr_carea' id='block_1_15' title="bbox 73 4972 1749 5575">
    <p class='ocr_par' dir='ltr' id='par_1_17' title="bbox 73 4972 1749 5506">
     <span class='ocr_line' id='line_1_86' title="bbox 134 4972 1748 5077; baseline -0.002 -30"><span class='ocrx_word' id='word_1_713' title='bbox 134 4996 228 5064; x_wconf 82' lang='lat' dir='ltr'>(lllb)</span> <span class='ocrx_word' id='word_1_714' title='bbox 253 4995 314 5050; x_wconf 90' lang='lat' dir='ltr'>Non</span> <span class='ocrx_word' id='word_1_715' title='bbox 331 5005 456 5077; x_wconf 74' lang='lat' dir='ltr'>putamus</span> <span class='ocrx_word' id='word_1_716' title='bbox 471 4997 496 5052; x_wconf 89' lang='lat' dir='ltr'>id</span> <span class='ocrx_word' id='word_1_717' title='bbox 521 4997 655 5053; x_wconf 87' lang='lat' dir='ltr'>dicturum</span> <span class='ocrx_word' id='word_1_718' title='bbox 679 4995 762 5052; x_wconf 89' lang='lat' dir='ltr'>foisse</span> <span class='ocrx_word' id='word_1_719' title='bbox 777 4997 897 5053; x_wconf 77' lang='lat' dir='ltr'>liemar-</span> <span class='ocrx_word' id='word_1_720' title='bbox 950 4995 1110 5060; x_wconf 88' lang='lat' dir='ltr'>debeamus,</span> <span class='ocrx_word' id='word_1_721' title='bbox 1124 4995 1152 5050; x_wconf 89' lang='lat' dir='ltr'>in</span> <span class='ocrx_word' id='word_1_722' title='bbox 1174 4995 1225 5051; x_wconf 92' lang='lat' dir='ltr'>hoc</span> <span class='ocrx_word' id='word_1_723' title='bbox 1240 5011 1338 5066; x_wconf 89' lang='lat' dir='ltr'>genere</span> <span class='ocrx_word' id='word_1_724' title='bbox 1359 4993 1473 5069; x_wconf 86' lang='lat' dir='ltr'>gratiam</span> <span class='ocrx_word' id='word_1_725' title='bbox 1494 4993 1553 5048; x_wconf 89' lang='lat' dir='ltr'>Deo</span> <span class='ocrx_word' id='word_1_726' title='bbox 1573 4972 1682 5063; x_wconf 79' lang='lat' dir='ltr'>gratiam</span> <span class='ocrx_word' id='word_1_727' title='bbox 1703 4987 1748 5044; x_wconf 89' lang='lat' dir='ltr'>fa·</span> 
     </span>
     <span class='ocr_line' id='line_1_87' title="bbox 95 5061 1749 5150; baseline -0.002 -31"><span class='ocrx_word' id='word_1_728' title='bbox 95 5063 181 5122; x_wconf 90' lang='lat' dir='ltr'>dum:</span> <span class='ocrx_word' id='word_1_729' title='bbox 198 5080 249 5121; x_wconf 89' lang='lat' dir='ltr'>nec</span> <span class='ocrx_word' id='word_1_730' title='bbox 264 5066 465 5150; x_wconf 75' lang='lat' dir='ltr'>damnationem</span> <span class='ocrx_word' id='word_1_731' title='bbox 481 5077 619 5132; x_wconf 88' lang='lat' dir='ltr'>aeternam,</span> <span class='ocrx_word' id='word_1_732' title='bbox 636 5068 664 5124; x_wconf 93' lang='lat' dir='ltr'>in</span> <span class='ocrx_word' id='word_1_733' title='bbox 683 5084 738 5140; x_wconf 89' lang='lat' dir='ltr'>qua</span> <span class='ocrx_word' id='word_1_734' title='bbox 752 5066 825 5122; x_wconf 89' lang='grc'><strong>66116</strong></span> <span class='ocrx_word' id='word_1_735' title='bbox 843 5067 896 5124; x_wconf 92' lang='lat' dir='ltr'>erit</span> <span class='ocrx_word' id='word_1_736' title='bbox 950 5067 1077 5132; x_wconf 89' lang='lat' dir='ltr'>cientem,</span> <span class='ocrx_word' id='word_1_737' title='bbox 1096 5074 1122 5123; x_wconf 91' lang='lat' dir='ltr'>et</span> <span class='ocrx_word' id='word_1_738' title='bbox 1157 5066 1251 5122; x_wconf 83' lang='lat' dir='ltr'>loriam</span> <span class='ocrx_word' id='word_1_739' title='bbox 1267 5067 1294 5122; x_wconf 93' lang='lat' dir='ltr'>in</span> <span class='ocrx_word' id='word_1_740' title='bbox 1310 5066 1399 5122; x_wconf 91' lang='lat' dir='ltr'>futuro</span> <span class='ocrx_word' id='word_1_741' title='bbox 1416 5063 1532 5134; x_wconf 89' lang='lat' dir='ltr'>reponit,</span> <span class='ocrx_word' id='word_1_742' title='bbox 1553 5077 1581 5116; x_wconf 92' lang='grc'>6.</span> <span class='ocrx_word' id='word_1_743' title='bbox 1600 5061 1672 5117; x_wconf 76' lang='grc'>616</span> <span class='ocrx_word' id='word_1_744' title='bbox 1692 5061 1749 5134; x_wconf 91' lang='lat' dir='ltr'>epi·</span> 
     </span>
     <span class='ocr_line' id='line_1_88' title="bbox 97 5132 1748 5217; baseline -0.001 -27"><span class='ocrx_word' id='word_1_745' title='bbox 97 5134 226 5217; x_wconf 76' lang='lat' dir='ltr'>humane</span> <span class='ocrx_word' id='word_1_746' title='bbox 245 5137 391 5194; x_wconf 76' lang='lat' dir='ltr'>uoluntatis</span> <span class='ocrx_word' id='word_1_747' title='bbox 411 5153 472 5194; x_wconf 90' lang='grc'>666</span> <span class='ocrx_word' id='word_1_748' title='bbox 487 5141 576 5198; x_wconf 76' lang='lat' dir='ltr'>divina</span> <span class='ocrx_word' id='word_1_749' title='bbox 592 5138 746 5202; x_wconf 85' lang='lat' dir='ltr'>consensio,</span> <span class='ocrx_word' id='word_1_750' title='bbox 771 5138 826 5194; x_wconf 95' lang='lat' dir='ltr'>imo</span> <span class='ocrx_word' id='word_1_751' title='bbox 843 5141 896 5194; x_wconf 91' lang='lat' dir='ltr'>ob·</span> <span class='ocrx_word' id='word_1_752' title='bbox 950 5138 1018 5193; x_wconf 88' lang='lat' dir='ltr'>stola</span> <span class='ocrx_word' id='word_1_753' title='bbox 1038 5140 1083 5206; x_wconf 80' lang='lat' dir='ltr'>te,</span> <span class='ocrx_word' id='word_1_754' title='bbox 1105 5153 1120 5192; x_wconf 89' lang='lat' dir='ltr'>a</span> <span class='ocrx_word' id='word_1_755' title='bbox 1160 5137 1308 5196; x_wconf 85' lang='lat' dir='ltr'>ilenricum</span> <span class='ocrx_word' id='word_1_756' title='bbox 1332 5138 1526 5201; x_wconf 84' lang='lat' dir='ltr'>senonensem,</span> <span class='ocrx_word' id='word_1_757' title='bbox 1547 5150 1575 5189; x_wconf 92' lang='lat' dir='ltr'>n.</span> <span class='ocrx_word' id='word_1_758' title='bbox 1597 5135 1639 5200; x_wconf 81' lang='grc'><strong>13,</strong></span> <span class='ocrx_word' id='word_1_759' title='bbox 1664 5132 1748 5190; x_wconf 82' lang='grc'><strong>116616</strong></span> 
     </span>
     <span class='ocr_line' id='line_1_89' title="bbox 95 5206 1749 5275; baseline 0.001 -15"><span class='ocrx_word' id='word_1_760' title='bbox 95 5215 197 5263; x_wconf 78' lang='lat' dir='ltr'>seinata</span> <span class='ocrx_word' id='word_1_761' title='bbox 214 5224 245 5263; x_wconf 89' lang='lat' dir='ltr'>ac</span> <span class='ocrx_word' id='word_1_762' title='bbox 261 5208 433 5265; x_wconf 83' lang='lat' dir='ltr'>destestanda</span> <span class='ocrx_word' id='word_1_763' title='bbox 457 5210 490 5264; x_wconf 90' lang='lat' dir='ltr'>ab</span> <span class='ocrx_word' id='word_1_764' title='bbox 514 5226 548 5267; x_wconf 87' lang='lat' dir='ltr'>ca</span> <span class='ocrx_word' id='word_1_765' title='bbox 569 5208 696 5275; x_wconf 89' lang='lat' dir='ltr'>defectio,</span> <span class='ocrx_word' id='word_1_766' title='bbox 721 5210 896 5267; x_wconf 80' lang='lat' dir='ltr'>intentantis</span> <span class='ocrx_word' id='word_1_767' title='bbox 969 5209 1057 5264; x_wconf 89' lang='lat' dir='ltr'>uidem</span> <span class='ocrx_word' id='word_1_768' title='bbox 1090 5223 1232 5265; x_wconf 85' lang='lat' dir='ltr'>excessum</span> <span class='ocrx_word' id='word_1_769' title='bbox 1261 5209 1364 5265; x_wconf 91' lang='lat' dir='ltr'>amoris</span> <span class='ocrx_word' id='word_1_770' title='bbox 1385 5206 1500 5265; x_wconf 84' lang='lat' dir='ltr'>volentis</span> <span class='ocrx_word' id='word_1_771' title='bbox 1528 5208 1643 5261; x_wconf 83' lang='lat' dir='ltr'>fratrum</span> <span class='ocrx_word' id='word_1_772' title='bbox 1666 5221 1749 5262; x_wconf 87' lang='lat' dir='ltr'>causa</span> 
     </span>
     <span class='ocr_line' id='line_1_90' title="bbox 95 5227 1743 5363; baseline -0.001 -30"><span class='ocrx_word' id='word_1_773' title='bbox 95 5278 228 5358; x_wconf 80' lang='lat' dir='ltr'>Bernardi</span> <span class='ocrx_word' id='word_1_774' title='bbox 244 5278 327 5362; x_wconf 80' lang='lat' dir='ltr'>fuisse</span> <span class='ocrx_word' id='word_1_775' title='bbox 341 5282 375 5336; x_wconf 89' lang='lat' dir='ltr'>de</span> <span class='ocrx_word' id='word_1_776' title='bbox 399 5297 497 5363; x_wconf 79' lang='lat' dir='ltr'>genere</span> <span class='ocrx_word' id='word_1_777' title='bbox 516 5298 608 5339; x_wconf 91' lang='lat' dir='ltr'>rerum</span> <span class='ocrx_word' id='word_1_778' title='bbox 622 5280 742 5350; x_wconf 90' lang='lat' dir='ltr'>illarum,</span> <span class='ocrx_word' id='word_1_779' title='bbox 758 5296 826 5355; x_wconf 87' lang='lat' dir='ltr'>quus</span> <span class='ocrx_word' id='word_1_780' title='bbox 846 5282 893 5337; x_wconf 91' lang='lat' dir='ltr'>di·</span> <span class='ocrx_word' id='word_1_781' title='bbox 949 5227 1032 5337; x_wconf 71' lang='grc'><strong>661661</strong></span> <span class='ocrx_word' id='word_1_782' title='bbox 1047 5279 1081 5337; x_wconf 84' lang='grc'>(16</span> <span class='ocrx_word' id='word_1_783' title='bbox 1097 5279 1165 5336; x_wconf 89' lang='lat' dir='ltr'>libro</span> <span class='ocrx_word' id='word_1_784' title='bbox 1183 5280 1252 5338; x_wconf 33' lang='lat' dir='ltr'>vita.</span> <span class='ocrx_word' id='word_1_785' title='bbox 1270 5280 1384 5338; x_wconf 62' lang='grc'><strong>61116611</strong></span> <span class='ocrx_word' id='word_1_786' title='bbox 1400 5280 1541 5336; x_wconf 85' lang='lat' dir='ltr'>anathema</span> <span class='ocrx_word' id='word_1_787' title='bbox 1558 5293 1618 5334; x_wconf 87' lang='lat' dir='ltr'>csse</span> <span class='ocrx_word' id='word_1_788' title='bbox 1631 5277 1743 5350; x_wconf 89' lang='lat' dir='ltr'>cupien-</span> 
     </span>
     <span class='ocr_line' id='line_1_91' title="bbox 96 5349 1744 5426; baseline -0.001 -20"><span class='ocrx_word' id='word_1_789' title='bbox 96 5366 169 5406; x_wconf 77' lang='grc'><strong>6166</strong></span> <span class='ocrx_word' id='word_1_790' title='bbox 194 5350 327 5408; x_wconf 80' lang='lat' dir='ltr'>voluntati</span> <span class='ocrx_word' id='word_1_791' title='bbox 350 5361 519 5423; x_wconf 79' lang='lat' dir='ltr'>committere</span> <span class='ocrx_word' id='word_1_792' title='bbox 543 5353 690 5409; x_wconf 89' lang='lat' dir='ltr'>debeamus</span> <span class='ocrx_word' id='word_1_793' title='bbox 715 5353 847 5409; x_wconf 87' lang='lat' dir='ltr'>volentos.</span> <span class='ocrx_word' id='word_1_794' title='bbox 863 5354 893 5409; x_wconf 89' lang='lat' dir='ltr'>ld</span> <span class='ocrx_word' id='word_1_795' title='bbox 949 5353 992 5416; x_wconf 90' lang='lat' dir='ltr'>tis,</span> <span class='ocrx_word' id='word_1_796' title='bbox 1014 5351 1048 5406; x_wconf 90' lang='lat' dir='ltr'>ad</span> <span class='ocrx_word' id='word_1_797' title='bbox 1075 5351 1228 5426; x_wconf 86' lang='lat' dir='ltr'>gehennam</span> <span class='ocrx_word' id='word_1_798' title='bbox 1247 5351 1334 5425; x_wconf 89' lang='lat' dir='ltr'>ipsam</span> <span class='ocrx_word' id='word_1_799' title='bbox 1357 5350 1489 5418; x_wconf 81' lang='lat' dir='ltr'>extendit,</span> <span class='ocrx_word' id='word_1_800' title='bbox 1513 5349 1560 5407; x_wconf 86' lang='lat' dir='ltr'>sed</span> <span class='ocrx_word' id='word_1_801' title='bbox 1583 5364 1646 5411; x_wconf 83' lang='lat' dir='ltr'>eum</span> <span class='ocrx_word' id='word_1_802' title='bbox 1673 5349 1744 5407; x_wconf 91' lang='lat' dir='ltr'>bona</span> 
     </span>
     <span class='ocr_line' id='line_1_92' title="bbox 73 5418 1746 5506; baseline 0.004 -31"><span class='ocrx_word' id='word_1_803' title='bbox 73 5456 74 5459; x_wconf 19' lang='grc' dir='ltr'><strong>κ</strong></span> <span class='ocrx_word' id='word_1_804' title='bbox 97 5428 212 5492; x_wconf 81' lang='lat' dir='ltr'>pateter</span> <span class='ocrx_word' id='word_1_805' title='bbox 225 5437 351 5498; x_wconf 85' lang='lat' dir='ltr'>sermone</span> <span class='ocrx_word' id='word_1_806' title='bbox 365 5427 400 5481; x_wconf 67' lang='lat' dir='ltr'>ab</span> <span class='ocrx_word' id='word_1_807' title='bbox 413 5424 448 5506; x_wconf 78' lang='lat' dir='ltr'>de</span> <span class='ocrx_word' id='word_1_808' title='bbox 462 5425 592 5492; x_wconf 79' lang='lat' dir='ltr'>Diversis,</span> <span class='ocrx_word' id='word_1_809' title='bbox 608 5424 657 5481; x_wconf 93' lang='lat' dir='ltr'>nbi</span> <span class='ocrx_word' id='word_1_810' title='bbox 670 5424 848 5500; x_wconf 87' lang='lat' dir='ltr'>destinguens</span> <span class='ocrx_word' id='word_1_811' title='bbox 861 5440 893 5481; x_wconf 89' lang='lat' dir='ltr'>ea</span> <span class='ocrx_word' id='word_1_812' title='bbox 948 5422 1123 5490; x_wconf 86' lang='lat' dir='ltr'>conscientie,</span> <span class='ocrx_word' id='word_1_813' title='bbox 1149 5439 1209 5495; x_wconf 77' lang='lat' dir='ltr'>quae</span> <span class='ocrx_word' id='word_1_814' title='bbox 1233 5440 1288 5482; x_wconf 91' lang='lat' dir='ltr'>non</span> <span class='ocrx_word' id='word_1_815' title='bbox 1310 5423 1442 5500; x_wconf 88' lang='lat' dir='ltr'>competit</span> <span class='ocrx_word' id='word_1_816' title='bbox 1459 5418 1608 5493; x_wconf 76' lang='grc'><strong>(16666111,</strong></span> <span class='ocrx_word' id='word_1_817' title='bbox 1627 5437 1746 5498; x_wconf 87' lang='lat' dir='ltr'>qnorum</span> 
     </span>
    </p>

    <p class='ocr_par' dir='ltr' id='par_1_18' title="bbox 94 5494 1470 5575">
     <span class='ocr_line' id='line_1_93' title="bbox 94 5494 1470 5575; baseline 0.003 -25"><span class='ocrx_word' id='word_1_818' title='bbox 94 5494 786 5575; x_wconf 42' lang='grc'><strong>6666666666666661666,,6666666661616</strong></span> <span class='ocrx_word' id='word_1_819' title='bbox 801 5506 894 5574; x_wconf 79' lang='lat' dir='ltr'>petere</span> <span class='ocrx_word' id='word_1_820' title='bbox 948 5494 1049 5561; x_wconf 80' lang='lat' dir='ltr'>mentio</span> <span class='ocrx_word' id='word_1_821' title='bbox 1061 5503 1105 5554; x_wconf 91' lang='lat' dir='ltr'>est</span> <span class='ocrx_word' id='word_1_822' title='bbox 1117 5494 1348 5574; x_wconf 81' lang='lat' dir='ltr'>bacinepistola.</span> <span class='ocrx_word' id='word_1_823' title='bbox 1465 5564 1470 5572; x_wconf 28' lang='lat'><strong>¹</strong></span> 
     </span>
    </p>
   </div>
   <div class='ocr_carea' id='block_1_16' title="bbox 0 0 1862 5940">
    <p class='ocr_par' dir='ltr' id='par_1_19' title="bbox 0 0 1862 5940">
     <span class='ocr_line' id='line_1_94' title="bbox 0 0 1862 5940; baseline 0 0"><span class='ocrx_word' id='word_1_824' title='bbox 0 0 1862 5940; x_wconf 95' lang='lat' dir='ltr'> </span> 
     </span>
    </p>
   </div>
  </div>
 </body>
</html>
