3728 5940
46 270 101 331 aas
788 259 962 322 aimoin.
1645 272 1699 336 aaa

47 396 207 467 accipimus,
219 394 296 467 quasi
308 395 365 463 jam
379 398 514 447 mortuum
530 404 590 444 cum
601 387 751 443 videamus.
763 387 846 444 Vobis
861 405 885 486 Α
899 392 985 452 voret,
1001 383 1029 441 in
1044 387 1165 458 proxima
1181 389 1281 458 passim
1297 405 1373 449 more
1388 393 1528 464 tyrannico
1541 397 1695 457 debaecha-

48 484 166 541 maxime
188 481 272 553 (quod
294 483 468 536 vehementer
488 475 580 546 doleo)
596 475 742 546 imputatur
764 474 846 546 quid·
900 483 953 531 tur.
973 476 1129 531 Monachum
1148 477 1243 533 habitu
1259 481 1404 551 mentiens,
1431 498 1461 537 re
1479 484 1590 542 exbibet
1613 504 1698 544 unum

49 573 114 646 qnid
130 571 168 625 iiii
183 569 296 641 periculi
314 569 445 630 imminet,
456 566 585 638 quidquid
601 565 696 620 laboris
708 565 845 620 incumbit.
899 562 933 617 de
962 564 1143 634 praedonibus,
1164 565 1272 621 omnino
1287 566 1428 623 immemor
1455 572 1619 643 regularium
1646 574 1698 630 ob·

50 662 115 717 Non
129 661 182 715 hoe
197 658 301 714 archis
312 655 539 728 exspectavimus,
551 653 615 724 quia
626 669 674 708 nec
689 653 845 708 meruimus.
900 653 1091 723 servationum,
1103 652 1195 723 legum
1210 669 1399 727 canonumque
1417 667 1596 733 contemptor.
1610 660 1698 721 Fron·

50 749 141 805 Alium
157 764 206 803 vos
222 746 385 816 putarimus,
401 756 428 799 ct
443 745 523 798 alium
537 742 703 813 experimur.
715 742 848 799 Testimo-
900 749 974 796 tosus
995 741 1028 794 ad
1057 741 1261 807 uerecundiam,
1279 744 1429 801 insensatus
1444 747 1600 825 admotum,
1615 751 1697 809 infle-

50 838 128 893 nium
144 836 286 906 perhibent
300 834 378 888 vobis
392 833 436 902 qui
452 831 632 886 interfuerunt
652 830 760 896 actioni,
775 829 847 902 quod
901 826 989 904 nihilis
998 827 1032 881 ad
1052 826 1187 898 pietatem,
1201 830 1235 883 ad
1251 829 1318 884 iram
1338 848 1469 904 praeoeps,
1485 837 1573 892 audax
1587 837 1622 893 ad
1631 839 1697 897 iaci·

51 942 104 981 nec
132 925 248 994 sincere,
277 938 328 978 nec
355 921 501 977 secundum
527 920 658 988 justitiam
686 919 714 973 in
741 935 773 974 ea
799 935 848 976 vos
902 930 961 980 nus,
979 914 1260 987 pronusadinjurias.
1281 917 1314 974 Et
1329 917 1558 991 mirorquomodo
1577 924 1617 981 uir
1637 927 1698 983 reli·

52 1015 196 1070 habuistis·
218 1013 253 1067 E,
274 1011 355 1068 eredo
378 1025 410 1065 ex
437 1018 522 1081 pane·
548 1009 615 1063 Nam
640 1011 667 1064 eq
687 1007 849 1064 venerabilis
902 1002 1084 1075 gicsusabbas
1104 1004 1177 1058 Casae
1191 1005 1240 1059 Dei
1255 1004 1282 1058 in
1302 1009 1435 1063 monacho
1458 1025 1508 1064 sno
1533 1017 1699 1069 totettanta

51 1104 137 1160 abbas
151 1100 333 1157 Belle-Vallis
346 1101 423 1168 (518)
438 1113 494 1153 non
509 1096 622 1152 multum
637 1096 690 1152 sibi
704 1097 851 1166 complacet
903 1090 966 1147 lilil
979 1098 1025 1146 ³¹st
1038 1092 1164 1163 Ῑιζῦθΐθῐθ
1179 1093 1274 1164 Ρθθθῑῑ,
1292 1102 1338 1148 ³¹st
1353 1095 1536 1154 diffiifflllffl·

52 1195 81 1248 in
96 1190 182 1247 vobi„
197 1188 298 1253 Nolite,
312 1202 415 1260 queso,
432 1186 517 1242 nolite
530 1184 656 1256 persequi
680 1199 772 1240 seruos
786 1184 848 1252 Dei,
939 1182 967 1235 1.
983 1180 1038 1236 Sed
1053 1179 1087 1234 de
1101 1179 1155 1236 hoc
1168 1181 1234 1254 qnid
1248 1181 1282 1237 ad
1292 1183 1365 1238 noni
1377 1183 1435 1253 ipse
1448 1185 1547 1242 viderit
1558 1205 1565 1242 :
1577 1188 1636 1261 ipse
1647 1206 1697 1248 sno

51 1279 152 1352 quibus
167 1277 200 1332 ab
213 1279 272 1348 ipso
284 1268 385 1330 dietum
399 1275 502 1350 legitis:
518 1274 571 1342 Qui
586 1291 631 1331 vos
642 1274 745 1344 icnpit,
758 1275 851 1344 tonpit
904 1269 1013 1326 domino
1028 1277 1080 1325 stat
1094 1279 1139 1325 aut
1152 1269 1233 1325 cadit.
1244 1271 1328 1328 Nobis
1342 1271 1443 1329 suffieit
1461 1274 1568 1331 liberari
1589 1278 1623 1335 de
1637 1294 1697 1334 ma·

52 1367 195 1442 pupillam
210 1367 285 1422 oculi
298 1367 356 1420 mei
372 1363 498 1435 (zochor.
516 1377 547 1425 n,
562 1362 600 1432 8).
615 1361 705 1416 Nolite
726 1361 851 1417 radicitus
904 1359 984 1414 nibus
1002 1360 1070 1429 ejus.
1088 1360 1110 1413 A
1127 1358 1203 1415 vobis
1217 1359 1244 1415 id
1270 1362 1435 1419 omnimodis
1449 1364 1611 1438 flagitamus,
1625 1368 1698 1439 quod

53 1455 175 1511 evellere
190 1455 224 1507 dc
238 1451 364 1508 cordibus
378 1450 489 1517 nostris,
506 1448 609 1523 siquid
623 1448 768 1521 aliquando
783 1449 852 1503 bene
904 1446 1012 1502 aliunde
1028 1445 1127 1504 frustra
1138 1455 1266 1506 tentatum
1280 1458 1331 1506 est.
1341 1450 1630 1526 circumspeximus,et
1642 1472 1699 1514 non

52 1541 187 1597 sensimus
211 1541 245 1596 de
268 1539 355 1594 vobis.
372 1536 403 1595 m
426 1539 486 1592 haec
511 1537 551 1592 ita
565 1536 679 1592 dicimus
693 1535 782 1600 robis,
797 1549 851 1591 non
904 1544 963 1591 erat
981 1534 1134 1591 auxiliator.
1157 1537 1270 1592 Ventum
1286 1547 1329 1594 est
1343 1539 1377 1594 ad
1391 1554 1533 1598 commune
1548 1542 1698 1618 rotumum:

55 1630 249 1702 quiavognon
270 1626 483 1699 diligimus,sed
506 1636 536 1681 ut
557 1624 702 1680 demedio
728 1624 782 1690 fiat,
799 1639 851 1696 quo
904 1623 950 1678 illo
968 1623 1151 1696 confugimus,
1181 1623 1217 1678 ibi
1245 1624 1407 1682 confidimus
1435 1628 1552 1686 liberari.
1581 1632 1698 1690 Tantum

53 1725 143 1789 potest
166 1715 323 1784 contingere
349 1723 378 1768 ut
405 1728 459 1768 non
486 1712 640 1784 diligamus.
669 1712 735 1769 Dico
762 1720 850 1768 autom
867 1692 890 1771 Β
905 1713 973 1767 adsit
988 1712 1088 1783 pietas3
1109 1728 1169 1768 nam
1189 1713 1303 1771 incultas
1318 1732 1371 1772 non
1386 1718 1471 1776 deest.
1486 1718 1520 1773 Et
1538 1719 1647 1791 quidem
1662 1739 1700 1780 ex

55 1814 183 1876 tanquam
193 1804 314 1858 amicus:
331 1818 384 1857 non
399 1801 507 1873 expedit
521 1802 609 1866 vohis,
622 1817 710 1872 neque
724 1799 852 1855 Ecclesiae
904 1800 1043 1874 privilegio
1058 1802 1135 1859 Sedis
1158 1805 1313 1876 apostolicae
1326 1814 1440 1878 constat,
1456 1824 1588 1865 sumniam
1608 1827 1697 1869 rerum

54 1905 163 1959 resne,
188 1901 218 1948 ut
244 1892 355 1947 domino
383 1891 465 1963 Papae
492 1889 566 1961 quod
593 1898 682 1945 aetum
709 1898 758 1956 est,
782 1888 854 1944 sicut
906 1889 939 1945 ad
952 1898 1068 1945 vestram
1083 1891 1253 1962 potissimum
1274 1895 1407 1966 respicere
1435 1912 1568 1952 summam
1587 1900 1700 1957 auctori·

54 1995 144 2039 accum
159 1989 210 2052 est,
224 1981 383 2036 innotescat.
906 1984 985 2032 tatem
1013 1987 1040 2033 et
1067 1979 1212 2050 plenariam
1240 1991 1413 2051 potestatem.
1445 1984 1544 2041 Verum
1564 1986 1700 2047 hooiuter

240 2084 410 2143 qusmqp
430 2084 561 2141 cxcvffl
580 2085 666 2156 (519),
905 2071 1003 2120 cetera
1013 2066 1093 2121 uestri
1108 2065 1253 2138 singularis
1272 2068 1403 2137 primatus
1416 2070 1546 2144 insignia,
1558 2074 1701 2145 specialius

203 2203 705 2248 ΜΟΙΙΝΗΠΜΙΝΝΟΜΜ
906 2153 1078 2224 nobiliusque
1107 2154 1231 2212 nobilitat
1263 2164 1427 2214 vestrumst
1454 2159 1587 2233 inclytum
1612 2163 1701 2220 reddit

59 2283 215 2342 Gnidonem
227 2300 245 2338 a
258 2283 287 2336 m,
300 2287 326 2338 et
341 2282 460 2352 injuriis
474 2283 642 2353 oppressoris
658 2278 800 2336 vindicam.
815 2294 855 2332 m
906 2241 1094 2312 apostolatum,
1109 2241 1132 2297 si
1146 2242 1250 2315 eripitis
1258 2259 1403 2316 pauperem
1417 2245 1450 2303 de
1461 2262 1540 2304 manu
1555 2248 1699 2309 fortiorum

94 2358 153 2426 με,
167 2355 243 2408 ΜΗ
254 2369 330 2424 oeque
343 2353 439 2408 decere
449 2368 593 2408 summum
604 2353 734 2409 Ecclesia
746 2352 855 2405 prm.
906 2329 974 2399 ejus.
989 2329 1068 2384 Nulla
1092 2345 1154 2385 meo
1171 2329 1273 2402 indicio
1288 2332 1317 2387 in
1337 2348 1438 2390 corona
1458 2343 1545 2392 vestra
1559 2339 1701 2408 pretiosior

96 2426 152 2480 lem
166 2442 198 2480 ac
212 2425 304 2479 aetum
315 2425 449 2494 justitie.
907 2431 1014 2487 gemma
1028 2416 1084 2473 zelo
1107 2417 1154 2473 illo
1172 2426 1274 2490 vestro,
1301 2434 1356 2491 que
1384 2421 1503 2477 emulari
1522 2425 1701 2482 consuevistis

95 2515 123 2568 1.
144 2514 174 2568 ln
191 2528 280 2568 causae
302 2511 419 2578 actione,
435 2526 494 2580 qua·
517 2526 566 2581 per
586 2509 774 2567 charissimum
797 2509 853 2563 lra-
906 2519 1063 2574 oppressos,
1079 2521 1128 2562 nec
1152 2505 1300 2577 relinquitis
1313 2508 1417 2581 virgam
1432 2518 1604 2581 peecatorum
1618 2528 1701 2586 super

59 2610 129 2657 trem
149 2611 270 2656 nostrum
285 2599 439 2655 Gnidonem
453 2598 613 2653 chari-Loci
627 2599 753 2653 abbatem
767 2605 854 2651 aestro
907 2600 1007 2648 sortem
1021 2593 1157 2662 justorum
1177 2613 1184 2648 ι
1206 2594 1333 2652 nimirum
1355 2606 1466 2671 propter
1491 2599 1557 2655 illud
1572 2602 1646 2673 quod
1660 2620 1703 2660 se-

53 2689 213 2760 eonspectui
228 2697 417 2758 presentatur,
433 2694 507 2757 puto,
524 2687 588 2740 satis
602 2692 711 2755 apparet
724 2694 751 2739 et
765 2685 854 2738 iaces·
906 2680 1008 2750 quitur.
1028 2683 1060 2738 dt
1070 2697 1127 2738 nen
1142 2684 1301 2741 extendant
1313 2687 1386 2756 iusti
1395 2687 1431 2742 od
1445 2689 1628 2760 iniquitatem
1641 2707 1704 2747 mu·

53 2779 137 2833 centis
166 2776 274 2842 injuria,
304 2784 330 2831 et
357 2773 508 2830 innocentie
536 2773 672 2844 patientis,
700 2781 726 2828 et
752 2771 854 2827 incuria
908 2786 964 2825 nus
987 2785 1053 2826 auos
1073 2771 1158 2839 (Psoi.
1187 2787 1284 2838 cxxiv,
1302 2775 1400 2843 3);ael
1415 2784 1526 2847 propter
1542 2776 1608 2832 illud
1632 2779 1704 2851 qued

52 2866 164 2935 judicis.
189 2864 310 2936 Denique
339 2862 469 2917 violentia
491 2860 682 2917 calumniantis
708 2870 735 2916 et
764 2860 855 2933 inopia
909 2856 973 2910 alibi
986 2856 1093 2923 dicitur,
1111 2860 1267 2930 Quisbdttm
1282 2864 1406 2935 8111181ὺὶ1
1416 2865 1531 2936 impluat,
1543 2866 1705 2924 incenditur

56 2952 169 3024 justitie
183 2952 342 3017 compulsus
355 2958 395 3005 cst
410 2964 514 3022 pauper
528 2949 677 3019 confugere
691 2946 725 3003 ad
739 2955 854 3003 vestram
907 2960 1019 3018 pauper
1046 2945 1131 3016 (Psoi.
1163 2963 1201 3013 ix,
1230 2951 1275 3018 13)
1297 2958 1341 3005 :et
1359 2951 1430 3006 unde
1442 2950 1510 3007 ultor
1524 2959 1662 3026 torquetur
1678 2954 1705 3009 in

58 3040 237 3112 presentiam,
254 3054 307 3094 non
322 3046 451 3108 reputans
466 3036 586 3092 laborem
601 3039 660 3101 viae,
678 3051 732 3092 non
746 3051 852 3106 expeo-
909 3048 1035 3104 corpore,
1047 3034 1108 3089 inde
1122 3035 1190 3092 alter
1203 3037 1312 3107 grauius
1327 3037 1354 3091 in
1368 3038 1458 3092 anima
1470 3039 1551 3110 perit.

57 3143 112 3199 sas,
130 3143 183 3182 non
206 3127 352 3197 periculum
377 3124 517 3196 temporis.
539 3125 619 3180 Dedit
641 3139 738 3178 manus
763 3123 853 3188 morti,
945 3124 971 3175 3.
999 3120 1043 3178 Est
1059 3120 1122 3178 item
1139 3125 1329 3179 monasterium
1357 3125 1390 3181 de
1405 3139 1497 3182 nostro
1515 3127 1617 3185 Ordine
1636 3130 1705 3188 viei-

58 3231 93 3271 ne
115 3216 187 3272 vivut
209 3217 236 3270 in
261 3216 469 3284 perturbatione,
486 3214 712 3286 quietisamator.
728 3212 854 3268 Clemen—
908 3210 1149 3284 numhuic,quod
1173 3211 1303 3268 malorum
1332 3214 1455 3293 similiter
1473 3202 1614 3275 trorriinum
1628 3223 1706 3293 graui

59 3316 110 3371 ter,
125 3318 229 3375 quaeso,
246 3302 371 3374 respicite
390 3319 471 3375 super
494 3318 612 3375 egenum
635 3310 664 3358 et
683 3317 828 3373 pauperem
845 3319 852 3358 :
910 3294 1082 3356 infestatione
1095 3310 1217 3371 venatur,
1232 3309 1260 3358 et
1272 3318 1326 3360 non
1343 3312 1383 3360 est
1401 3305 1449 3378 qui
1464 3307 1588 3376 redimat,
1604 3324 1707 3382 neque,

59 3409 94 3448 ne
122 3392 218 3448 frustra
247 3391 341 3446 vestris
369 3391 488 3461 paternis
516 3393 626 3448 auribus
656 3389 794 3446 intimatus
821 3390 855 3444 sit
909 3388 954 3460 qui
970 3389 1072 3444 salvum
1097 3389 1186 3447 iaciat.
1215 3391 1248 3446 Et
1269 3407 1319 3464 pro
1348 3393 1520 3466 boeqnoque
1535 3410 1600 3466 puer
1617 3404 1707 3455 vester

60 3481 220 3536 tantillarum
237 3480 334 3535 virium
350 3487 439 3534 tantus
455 3477 543 3535 fleo
557 3480 633 3535 labor
646 3488 673 3533 ct
687 3480 774 3535 dolor.
785 3479 855 3536 Olim
910 3483 1020 3546 patemo
1037 3487 1124 3534 vestra
1139 3478 1244 3536 uiscera
1256 3479 1416 3553 lacrymosis
1429 3483 1553 3556 precibus
1564 3493 1708 3542 concutere

61 3584 111 3639 per
125 3568 252 3639 epistolas
265 3567 346 3622 semel
362 3575 387 3622 et
401 3568 522 3623 secundo
538 3566 693 3623 testificatus
705 3583 764 3623 snm
778 3566 856 3624 vobis
911 3579 965 3619 nou
978 3574 1097 3624 veretur.
1114 3565 1165 3635 Qui
1180 3567 1219 3623 ilii
1246 3576 1308 3624 sunt
1322 3569 1456 3643 homines,
1476 3587 1572 3644 qnaeae
1600 3574 1706 3630 occasio

60 3656 95 3712 de
117 3657 226 3712 homine
250 3655 304 3719 illo,
320 3653 367 3723 qui
392 3653 456 3709 huic
479 3655 558 3710 modo
580 3654 768 3719 calumniatur,
782 3652 855 3724 quod
910 3651 1102 3724 calumniandi,
1118 3656 1372 3725 praesentientem
1395 3659 1480 3716 abbas
1493 3662 1583 3719 neraei
1594 3670 1622 3718 et
1647 3663 1709 3721 uiua

60 3745 103 3798 sui
114 3756 187 3797 esset
197 3750 223 3797 et
239 3741 428 3806 prevaricator
442 3740 583 3810 propositi,
592 3746 620 3796 et
631 3739 786 3794 monasterii
800 3738 856 3793 dis-
909 3754 976 3797 uoce
990 3741 1087 3796 referet
1101 3743 1189 3800 robis.
1204 3744 1276 3799 Deus
1285 3744 1455 3817 omnipotens
1477 3764 1528 3805 vos
1546 3749 1624 3806 nobis
1637 3765 1689 3807 con

60 3832 165 3902 sipatcr
186 3829 270 3899 (520).
289 3828 369 3882 Nunc
388 3837 477 3882 autem
498 3836 527 3883 et
547 3828 614 3882 ileos
637 3827 698 3883 dico
719 3825 858 3881 inimicum
910 3832 998 3882 servet
1012 3826 1099 3897 longis
1109 3828 1285 3898 temporibus,
1295 3830 1327 3886 ad
1338 3842 1457 3888 nostram
1467 3836 1589 3893 omnium
1599 3846 1707 3908 protec-

62 3918 152 3975 crucis
166 3917 275 3982 Christi,
290 3923 446 3971 sauctorum
460 3915 506 3987 qui
530 3915 558 3971 in
580 3914 696 3972 circuitu
709 3915 769 3985 ejus
783 3921 856 3981 sunt,
912 3912 1022 3983 tionem,
1032 3913 1078 3986 qui
1094 3917 1120 3968 in
1129 3914 1222 3972 habitu
1236 3925 1263 3972 et
1275 3919 1416 3988 proposito
1425 3922 1594 3992 poenitentiae
1604 3941 1708 3997 paupe·

62 4007 285 4064 violentissimum
300 4020 500 4077 oppressorem,
516 4013 544 4062 et
557 4005 774 4062 calumniatorem
789 4020 858 4076 pau·
913 4016 970 4056 rem
984 4001 1065 4056 vitam
1075 4001 1209 4069 ducimus,
1222 4013 1250 4060 ut
1260 4005 1319 4061 siue
1328 4005 1436 4077 timore,
1448 4008 1483 4066 de
1497 4025 1578 4066 manu
1587 4010 1709 4068 inimico-

63 4113 158 4170 pesum
179 4115 185 4151 :
201 4096 246 4168 qui
261 4096 369 4169 propria
381 4097 436 4167 jam
453 4109 519 4166 pene
533 4109 588 4151 aon
607 4095 710 4151 habens
729 4109 789 4167 quae
804 4093 855 4148 de·
916 4105 976 4145 rum
999 4101 1152 4147 nostrorum
1165 4088 1280 4165 liberati,
1295 4093 1446 4153 serviamus
1468 4095 1507 4154 illi
1525 4097 1605 4169 (bne.
1618 4115 1638 4167 1,
1649 4102 1707 4172 11).

63 4282 164 4348 Gnido,
179 4283 212 4337 de
231 4297 285 4353 quo
301 4284 350 4336 hae
365 4282 391 4363 in
406 4281 520 4352 epistola
532 4289 559 4337 et
572 4281 705 4364 sequenti·
721 4284 772 4339 lsa
787 4297 857 4355 ‹1¹10-
874 4294 993 4391 „habet
1023 4294 1255 4378 Tiraquellusnde
1284 4297 1375 4355 Poenis
1403 4307 1486 4375 temp.
1516 4312 1573 4362 ant.
1600 4305 1703 4364 remitt.

65 4355 126 4407 dam
143 4351 857 4435 Petromonachoinfestatus,aonqusteoppressus,
913 4369 957 4432 15,
987 4380 1016 4447 ῃ,
1049 4369 1094 4430 ao,
1117 4374 1147 4448 ,⁰²
1170 4369 1217 4423 ata
1236 4369 1342 4448 piures.
1358 4372 1531 4431 pronunciata
1543 4374 1572 4430 ia
1589 4379 1704 4450 geniem

65 4439 203 4505 summum
231 4421 384 4503 pontificem
409 4425 603 4506 Ittnttcettltutn¹
623 4424 766 4495 appellaui
797 4440 858 4480 clm
913 4435 1139 4494 caari-boreum
1153 4439 1257 4496 abbatis
1280 4443 1421 4507 sententia.
1438 4460 1544 4501 rursum
1558 4448 1704 4516 praedictus

67 4495 640 4575 lacenssseqnardacommendatitusflmprst.
659 4497 857 4578 testaceum
911 4507 955 4563 ille
978 4506 1073 4563 Petrus
1101 4509 1249 4580 interpellat
1270 4510 1466 4588 innocentium,
1486 4517 1519 4571 ad
1562 4534 1623 4574 uem
1640 4519 1705 4575 Ber·

67 4573 197 4645 veleralor
211 4566 254 4619 ille
269 4579 377 4620 causum
390 4580 466 4646 suain
480 4573 580 4619 rerntlll
594 4566 626 4646 ati
641 4566 794 4648 Gallicanos
810 4583 859 4648 1¹¹⁸.
911 4577 1012 4633 nardus
1025 4577 1130 4648 scripsit
1142 4581 1285 4648 epistolam
1301 4585 1362 4652 199,
1379 4593 1409 4639 ut
1425 4589 1499 4655 jusi!
1513 4601 1704 4658 episcoporum

66 4639 140 4692 dices
159 4643 334 4707 impetrasset,
351 4650 525 4691 commissum
549 4646 591 4691 est
610 4639 742 4705 judicium
762 4637 858 4692 loanni
912 4647 1045 4704 sementia
1060 4648 1274 4706 confirmaretur.

67 4722 99 4785 er
115 4707 212 4788 abbate
227 4706 412 4786 lionae-Vallis
427 4707 607 4786 cisterciensis
620 4709 747 4789 episcopo
761 4709 860 4789 lielen-
947 4721 1021 4789 (518)
1036 4718 1220 4788 Bella-Vallis,
1236 4722 1269 4777 de
1283 4722 1352 4779 linea
1368 4724 1539 4794 llorimundi,
1555 4730 1607 4783 sita
1620 4735 1663 4784 est
1676 4729 1705 4785 in

68 4786 134 4841 tino,
151 4781 291 4848 qursrmul
307 4793 368 4832 eum
382 4777 632 4847 Gratianopolitano
653 4778 725 4833 litem
746 4779 858 4834 dirime-
912 4789 1170 4845 dioeceeiffisunqna
1188 4807 1236 4861 pro
1292 4794 1705 4864 urbem,1)30har0.1,000‚1„

69 4848 167 4928 [el-¹13²
192 4857 253 4903 ¹¹¹⁰ss
276 4848 634 4926 lllf¹¹¹¹l¹¹¹¹q1¹idemfaclum
654 4857 736 4904 estut
754 4848 859 4929 Cister'·
912 4861 982 4914 libro
995 4867 1090 4930 quarto
1106 4858 1175 4915 Vitae
1190 4861 1219 4918 S.
1255 4864 1371 4930 eruardi,
1387 4881 1414 4920 n.
1430 4868 1483 4933 1ος
1497 4865 1531 4922 de
1544 4866 1706 4926 Bella-Valle

67 4921 204 4974 mensibus
221 4927 384 4989 quaestiones
398 4934 501 4984 eorum,
519 4934 580 4990 quae
593 4919 627 4973 ad
641 4934 719 4973 suum
733 4917 859 4975 Ordinem
914 4930 941 4983 in
955 4933 1051 4984 eodem
1065 4929 1143 4996 fibro,
1154 4948 1180 4985 n,
1197 4933 1225 4987 7,
1455 4937 1458 4942 ⁴

68 4990 243 5060 pertinerent,
259 4989 482 5046 demandarentur
494 4989 648 5059 judicaudae
666 4989 702 5044 oh
722 4990 860 5060 probatam
951 4999 1026 5139 (5193
1042 4999 1149 5072 Scripta
1162 5017 1231 5058 anno
1246 5003 1343 5059 Christi
1360 5006 1438 5060 asar,

68 5060 133 5114 iidei
147 5061 342 5139 integritatem.
352 5059 429 5129 Quod
462 5061 861 5141 osteausureeeptuminduxit
949 5070 1014 5140 (520
1042 5071 1099 5126 Non
1119 5070 1192 5127 aliud
1207 5075 1314 5129 videtur
1324 5074 1396 5130 istud
1411 5077 1601 5133 monesterium
1626 5095 1708 5151 quarn

67 5131 201 5210 celebrem
216 5131 288 5183 illam
303 5141 330 5186 et
345 5077 518 5211 bon‘origoam
533 5147 559 5185 m
574 5133 858 5214 ¹jureeicephonem:
914 5140 1022 5196 abbatia
1048 5143 1076 5196 B.
1093 5141 1182 5201 llariae
1197 5142 1231 5198 de
1259 5144 1435 5217 Faverniaoo,
1464 5163 1545 5219 quam
1563 5121 1710 5210 hn’sabus

71 5203 174 5270 «Quod
186 5203 246 5256 hcet
261 5214 313 5279 non
330 5211 414 5270 possit
427 5217 488 5270 quis
497 5216 559 5257 esse
570 5203 665 5272 Jndex,
675 5215 729 5283 non
744 5201 862 5285 1110110111
914 5211 1111 5268 Bisontinensis
1125 5214 1347 5296 archiepiscopus
1365 5217 1502 5290 Stephano
1517 5220 1551 5275 de
1565 5223 1707 5290 idereerio,

69 5289 128 5336 sua,
143 5273 189 5352 sed
205 5287 292 5342 neque
307 5287 333 5350 in
348 5285 459 5327 suorum
474 5285 554 5353 canae
569 5295 579 5321 i
598 5273 619 5327 l·
634 5272 684 5341 0¹1¹
701 5270 734 5327 de
746 5273 862 5354 111113111-
915 5283 1056 5341 (lasse-Dei
1066 5291 1132 5338 tune
1141 5285 1241 5350 abban,
1254 5287 1400 5358 regendam
1409 5292 1540 5348 concessit
1549 5307 1620 5349 anno
1632 5297 1711 5352 tiss.

70 5346 164 5425 enom,
180 5343 211 5424 11.
226 5342 259 5398 de
273 5341 372 5422 lurisd.
383 5356 455 5424 omn.
468 5341 644 5424 ludiones«
660 5350 785 5424 tamensi
801 5358 863 5422 pel·
915 5353 994 5409 Hunc
1009 5353 1172 5424 Stephanum
1187 5355 1281 5410 merito
1292 5357 1377 5414 virum
1387 5360 1541 5438 religiosum
1556 5372 1633 5423 vocat
1644 5365 1712 5424 Ber·

69 5432 137 5471 sona
151 5418 251 5483 Jurhcis
262 5420 302 5468 est
314 5414 447 5482 ejusmodi
461 5413 533 5484 quod
547 5427 636 5469 omnis
655 5427 773 5484 suspicio
789 5429 863 5468 verr·
917 5424 1030 5489 nardus,
1058 5439 1118 5479 cum
1135 5424 1158 5479 is
1184 5425 1322 5486 miraculis
1346 5428 1452 5489 fulsisse
1470 5433 1713 5493 dimensumque

71 5487 195 5540 simililer
216 5492 313 5552 cessei,
338 5490 367 5538 ul
389 5482 412 5538 si
436 5484 471 5540 sit
498 5487 643 5566 mOnaclius
670 5483 863 5568 cislerciensis,
918 5503 1013 5569 quarto
1025 5495 1152 5553 kalendas
1161 5497 1260 5572 apriles
1273 5503 1482 5562 annostffisse
1497 5500 1604 5564 flbbflliss
1613 5507 1712 5564 Faber-

71 5557 124 5612 hoc
140 5571 192 5610 non
207 5555 374 5628 procederet,
390 5570 477 5628 neque
491 5555 551 5612 telis
570 5563 663 5628 posset
682 5570 812 5624 recusari,
836 5565 867 5614 nt
919 5565 1042 5625 niecenei
1053 5565 1124 5624 infra
1137 5569 1166 5626 in
1183 5571 1299 5644 epistola
1312 5573 1395 5633 moda
1408 5574 1477 5631 aaa.
