3728 5940
117 143 171 200 973
723 140 818 200 aistis
835 140 876 200 lili
895 141 1073 203 uniendos
1093 141 1166 200 aaa.
1708 150 1762 210 art

115 270 225 344 enecta
242 273 363 337 iutrulo;
378 287 418 326 stc
434 270 511 326 enim
526 266 741 343 euclarnatcup.
758 273 785 339 o,
805 285 836 327 n.
855 272 887 323 sti
905 290 914 326 :
931 272 1030 326 siletis
1044 285 1134 339 naeus,
1149 269 1264 340 adjutor·
1280 287 1369 337 tereus,
1381 271 1499 344 dllipum
1510 279 1537 331 le
1548 292 1601 346 pro
1625 274 1696 334 dono
1713 282 1759 334 tuo

114 347 144 397 cl
155 342 235 400 rnoda
245 359 315 411 meo,
326 346 422 397 minus
433 340 642 414 quidemjustu
657 340 704 396 sed
717 342 804 412 plane
817 357 876 398 non
890 344 987 399 ‘isitius
1003 356 1082 413 posse
1092 355 1163 396 meo.
1183 344 1235 408 Qui
1249 344 1303 397 etsi
1314 348 1452 414 quantum
1466 344 1548 401 debeo
1563 364 1620 404 non
1634 365 1758 418 possum,

115 430 175 470 non
187 431 303 486 possum
314 418 411 469 lernen
422 413 503 467 ultra
512 427 599 483 qnam
611 426 736 482 possam.
753 415 853 470 Polero
866 429 931 468 vcro
946 414 1024 484 plus,
1038 428 1103 466 cum
1119 414 1184 484 plns
1194 414 1299 470 donare
1312 414 1482 485 dipnolrcris
1500 431 1648 489 nunquam
1664 424 1759 478 tanen

111 491 201 557 prout
214 486 315 557 dipsitis
337 486 458 542 luteris.
480 503 492 533 s
510 486 640 539 decolora
654 484 769 554 lsnjnscs
785 484 871 541 libelli
885 484 1015 541 doctrina
1028 488 1057 538 et
1071 485 1233 539 memmio.

140 560 178 629 ,3.
195 559 329 614 &andem
345 557 505 613 doctrinam
519 554 678 614 Bernartius
690 557 800 627 passim
815 556 882 612 aliis
896 558 927 610 in
943 555 1009 611 locis
1021 556 1159 619 inculcat,
1174 564 1207 611 nt
1222 559 1255 611 in
1269 571 1397 613 sermone
1412 556 1643 631 degouoemplici
1652 561 1758 630 Dubito,

113 629 164 702 eui
179 634 222 685 est
234 630 384 700 uipesimus
398 626 540 685 secundus
559 625 636 681 inter
649 628 798 685 aienses.-
813 643 864 684 nec
875 627 965 683 atium
980 625 1072 682 tradit
1090 627 1260 683 inscrmone
1291 629 1503 702 uisspuapcsimo
1522 647 1606 705 super
1630 632 1757 699 Cantica,

102 699 164 756 'uti
177 700 319 772 duplicem
333 699 485 771 distinquit
500 698 683 765 claritatem,
697 714 813 755 unum·
830 701 861 755 ist
876 703 943 754 actu
954 717 966 747 s
979 698 1012 752 t'n
1024 698 1140 767 effecte.
1159 717 1171 747 u
1188 698 1225 753 lit
1241 720 1252 748 s
1270 645 1303 756 gc
1318 700 1371 756 illc
1385 701 1583 775 quidamque
1597 704 1688 775 operis
1706 711 1759 769 cst.

114 770 214 827 mlum
229 787 287 829 esse
302 771 390 843 lepem
400 771 569 839 dominium,
584 771 806 844 mundatumque
815 772 983 841 somatum.
998 769 1108 825 Nomia
1124 771 1247 840 affectu,
1262 771 1368 843 inquit,
1384 773 1448 846 qais
1461 773 1505 829 ita
1519 774 1619 832 nutent
1633 779 1666 831 stt
1677 792 1758 831 man·

114 842 220 912 daturi
233 845 303 914 erpo
326 842 379 899 illu
399 841 598 898 mandatnrnd
615 845 762 908 meritum,
778 842 835 898 ista
849 843 887 898 ed
898 841 1062 912 prumiam.
1080 859 1094 892 r
1115 841 1258 897 Nimirum
1280 845 1451 915 praecipitur
1468 845 1596 902 crantor
1609 862 1659 902 scu
1678 862 1758 903 umor

113 914 165 970 Dei
178 930 215 969 ec
228 917 285 972 toto
295 914 387 982 corde,
400 915 645 978 tolonnima,tota
658 915 784 971 virtute:
799 915 844 969 ita
859 918 891 969 nt
904 913 1033 970 omorsit
1046 915 1191 986 perennis,
1207 913 1384 984 indeficiens,
1400 919 1559 986 perfectus,
1574 933 1591 974 a
1606 919 1690 975 natta
1709 933 1758 975 rs·
1791 975 1796 982 ,

114 990 213 1043 creata
227 985 390 1042 retardatur
405 991 432 1041 ct
450 985 643 1041 imminutus:
657 984 731 1058 qnod
740 986 951 1056 nonconts'npet
964 985 1022 1040 nisi
1036 984 1066 1038 in
1081 983 1175 1039 altera
1190 985 1261 1039 vila.
1278 985 1341 1041 tilia
1352 993 1448 1042 antem
1463 988 1589 1045 stinellas
1603 990 1634 1043 t'n
1649 992 1758 1059 efl'cclu

101 1058 146 1112 'eo
160 1061 279 1129 spectat,
299 1061 332 1112 ut
346 1072 443 1113 omnes
455 1056 581 1113 actiones
594 1058 707 1112 nostros
721 1055 758 1111 od
771 1058 859 1112 ileum
875 1059 1044 1126 ceperamus.
1061 1055 1132 1110 tium
1148 1058 1262 1110 testium
1282 1056 1358 1113 etesi
1372 1061 1404 1112 nt
1422 1060 1548 1114 alteritus
1563 1063 1593 1114 in
1609 1062 1759 1132 eplectuen

114 1128 253 1185 Romanii
269 1132 362 1185 ments
375 1142 501 1186 amorem
516 1129 640 1198 eftectus
651 1128 785 1184 occludat
798 1133 831 1184 nt
839 1134 941 1186 contra
954 1128 1048 1198 ipsum
1062 1125 1202 1182 includat.
1219 1129 1398 1199 nequeenim
1408 1131 1571 1201 effectivum
1584 1133 1630 1202 (ul
1643 1137 1757 1203 cocunt)

113 1214 241 1257 umorem
255 1203 371 1269 mcum,
386 1203 513 1264 inanem,
528 1214 600 1270 pure
622 1206 778 1256 cctmnnm
800 1203 828 1256 el
849 1199 1003 1255 ludoicum
1023 1197 1124 1270 prodat
1146 1200 1315 1265 demersus,
1334 1199 1384 1257 sed
1406 1202 1558 1258 internum
1581 1205 1670 1275 setall
1690 1218 1758 1259 cum

113 1268 202 1329 58³
215 1286 298 1343 opere
316 1273 526 1343 conjunctum:
542 1274 687 1327 internum
700 1271 815 1342 quium
831 1286 897 1326 cum
910 1270 1036 1326 claritas
1049 1273 1077 1327 et
1086 1285 1168 1326 amor
1184 1272 1239 1339 sit‚·
1251 1287 1317 1328 cum
1326 1287 1409 1344 opere
1421 1288 1495 1340 osso,
1510 1289 1575 1332 cum
1585 1278 1624 1331 stt
1652 1277 1758 1346 inette·

112 1346 172 1399 ctu.
188 1345 266 1399 lianc
279 1349 375 1400 annm
389 1359 457 1402 esse.
472 1341 611 1400 Bnnardi
624 1357 655 1398 co
669 1342 701 1398 in
715 1342 773 1399 loco
787 1344 961 1398 sententium
974 1342 1128 1412 manifeste
1145 1340 1344 1401 dernenslmnt
1358 1359 1420 1415 pua
1433 1345 1473 1402 ili
1492 1349 1680 1418 recusutum«
1698 1349 1757 1404 iton

115 1411 165 1470 ltoc
184 1414 257 1484 dico,
274 1434 285 1464 ι
302 1414 356 1485 ott,
374 1432 386 1466 t
403 1419 436 1470 ut
451 1414 513 1470 sine
527 1413 781 1485 assertionestmns
791 1415 821 1470 ct
834 1413 908 1470 solas
922 1428 1082 1472 moveamur
1096 1429 1200 1470 manas
1218 1414 1255 1470 ad
1267 1429 1352 1487 opera
1365 1416 1429 1486 leci
1444 1416 1522 1472 inter
1535 1416 1594 1472 ulie
1607 1434 1670 1490 qna
1687 1421 1758 1475 scri·

103 1485 154 1542 rit
168 1487 327 1558 Apostolus,
341 1486 420 1542 muln
432 1488 462 1540 et
473 1487 572 1556 pensio
586 1485 733 1540 lominum
747 1486 835 1550 mota,
850 1485 899 1539 ttae
919 1500 1025 1558 quoqsm
1038 1488 1274 1550 annumeratum,
1289 1486 1399 1543 scilicet
1411 1489 1473 1544 sinc
1485 1488 1638 1558 affcctione
1653 1507 1665 1539 s
1681 1490 1756 1558 Quu-

95 1557 171 1613 ·lsm
184 1574 267 1630 porro
284 1558 320 1613 ad
334 1572 419 1630 opera
432 1556 585 1627 clematis
597 1557 782 1627 affectionem
797 1557 937 1629 recurat,
951 1557 1052 1612 statim
1065 1555 1145 1611 docet
1170 1557 1213 1614 Vir
1235 1563 1362 1624 sanctus,
1376 1560 1525 1630 premisso
1541 1560 1684 1631 triplicem
1697 1575 1757 1619 esse

111 1627 322 1712 effectionem:
340 1630 495 1710 primam·
520 1644 606 1709 quarn
624 1645 688 1686 caro
701 1628 812 1700 picum
832 1627 1017 1685 »secunda-m
1034 1647 1046 1679 s
1061 1643 1151 1710 uuam
1171 1630 1245 1711 ratio
1263 1630 1352 1710 scails
1371 1631 1514 1687 »tertiam
1529 1646 1646 1714 suonam
1659 1633 1756 1690 cmtdit

111 1706 300 1844 lautitiis
313 1698 1756 1844 tlttitt‘trtlt‘latitant”ttttlt'ttlitttttlttttdnttmsltttttt}

112 1841 161 1899 ssd
173 1843 303 1914 madum
314 1844 410 1915 potius
431 1842 638 1913 minutisque
653 1843 708 1898 etsi
721 1842 856 1899 mondum
866 1842 942 1899 dulci
955 1841 1006 1898 illo
1017 1857 1112 1898 maore
1124 1843 1228 1913 reficit,
1238 1859 1334 1901 umore
1348 1848 1445 1900 tcmm
1457 1847 1547 1916 ipsius
1556 1846 1663 1902 cnwrls
1673 1848 1757 1904 ocle-

111 1919 227 1971 mcntsr
238 1916 379 1971 accendit.
398 1933 412 1966 s
428 1915 490 1970 llsec
504 1919 547 1969 est
561 1913 614 1968 itlu
631 1911 759 1970 claritas
779 1917 812 1969 in
827 1917 936 1985 ct't'ectu
951 1929 1038 1986 qnam
1056 1930 1075 1968 a
1094 1917 1147 1970 lico
1166 1920 1341 1989 preceptum
1352 1916 1425 1972 dicet
1445 1917 1618 1986 Bernsrdns,
1634 1920 1757 1989 interior

110 1985 227 2058 pridem
242 1988 329 2044 tertia
342 2002 393 2043 scu
406 1985 538 2055 incudm
552 2000 614 2058 qnae
631 2001 643 2035 s
657 1986 783 2057 primam
797 1987 941 2052 cassinus,
961 1986 1114 2042 mundam
1129 1991 1305 2052 remuneret,
1320 2004 1336 2037 s
1351 1991 1385 2043 ut
1399 1988 1501 2046 iidem
1515 1990 1559 2045 ait
1574 2006 1583 2043 .·
1602 2009 1614 2041 s
1632 1990 1678 2047 Sic
1691 2005 1756 2063 erpo

94 2056 229 2133 ‚dilanio
239 2058 300 2114 alta
311 2061 416 2130 queuis
429 2056 524 2113 delita
540 2071 687 2128 superans,
702 2059 783 2131 qnasi
795 2059 856 2117 sola
870 2073 989 2129 repnarc
1003 2057 1080 2114 dein
1094 2059 1229 2124 introitu·
1245 2063 1278 2114 nt
1289 2058 1426 2133 quidquid
1438 2060 1554 2117 deletur
1567 2062 1688 2130 celcris,
1717 2063 1756 2119 itt

111 2128 235 2188 uindicet
252 2134 280 2185 ct
302 2145 339 2186 es
352 2129 503 2185 dilectione
518 2129 615 2185 omniu
631 2129 783 2199 sudamus,
801 2148 813 2180 s
830 2129 924 2206 inquit
943 2128 989 2186 l'ir
1009 2133 1125 2186 sanctus
1138 2144 1268 2189 serenans
1282 2130 1446 2190 duodecimo
1462 2133 1493 2187 ist
1504 2132 1651 2204 psalmum
1661 2147 1708 2203 xe,
1724 2151 1755 2189 n.

104 2203 140 2258 i.
157 2201 220 2256 trec
235 2201 269 2258 do
281 2204 449 2273 assumento
463 2202 604 2274 sequentis
619 2199 718 2257 liocllt'.

150 2277 178 2328 t.
193 2273 335 2330 Culmum
344 2273 497 2329 directore
511 2271 655 2328 &niardo
668 2277 711 2328 cst
725 2273 880 2330 tlaintsrico
894 2288 944 2330 seu
957 2273 1096 2332 limesico
1111 2276 1140 2333 S.
1156 2275 1188 2329 st.
1205 2274 1236 2327 ii.
1252 2272 1398 2329 cardinali
1406 2276 1436 2328 st
1444 2275 1627 2340 macellaris,
1642 2279 1676 2331 ut
1685 2292 1756 2347 pra·

112 2346 214 2417 [erunt
226 2346 419 2417 nsanuscripli
431 2343 541 2402 codices
558 2359 664 2408 omnes.
672 2348 780 2416 preter
798 2361 890 2402 unum
906 2344 1107 2412 Coilerlinum,
1123 2349 1172 2419 eui
1189 2345 1379 2401 «Ametinum
1403 2363 1416 2394 s
1441 2344 1532 2414 natet,
1546 2346 1595 2402 sed
1612 2350 1754 2419 mendose,

114 2418 242 2474 ustrou
265 2418 324 2490 ipso
338 2417 519 2488 decooperta,
533 2415 674 2473 dloemrdi
697 2416 864 2490 apolooislm
884 2417 933 2489 qui
947 2417 1123 2476 disnericnnt
1146 2418 1276 2489 praeseri.
1298 2416 1428 2487 Scriptus
1451 2420 1493 2472 est
1507 2420 1605 2474 autem
1621 2417 1690 2473 liter
1703 2419 1755 2474 sul

112 2487 285 2563 pontificatu
301 2488 418 2545 tlonorii
432 2488 469 2553 ΙΙ,
485 2503 570 2561 aquo
584 2489 761 2544 itoimcricns
775 2491 888 2544 creatus
907 2490 950 2545 est
965 2490 1166 2547 cancellarius.
1184 2486 1337 2559 (laufridus
1348 2489 1380 2542 in
1389 2487 1459 2542 litro
1469 2489 1554 2543 tertio
1563 2487 1597 2543 de
1616 2488 1676 2546 l'itu
1689 2490 1755 2544 tter·

113 2559 321 2632 mordicando
344 2565 463 2618 octuoo:
487 2563 545 2615 «δι’
559 2561 700 2632 suuntur
711 2560 767 2630 pia
781 2559 886 2613 mentis
905 2560 1038 2631 relipiosa
1060 2560 1179 2628 deuotio,
1205 2557 1415 2614 transeundum
1430 2557 1466 2612 nd
1485 2557 1617 2615 horridior
1637 2560 1756 2632 l'irpins‘s

112 2634 228 2698 muts,
244 2637 272 2689 st
286 2633 372 2689 illum
384 2647 468 2704 quem
481 2631 515 2688 de
528 2630 675 2702 llrlmendo
686 2631 742 2685 ileo
756 2630 844 2685 edidit
859 2629 974 2686 librum.
993 2651 1005 2682 ι
1024 2634 1093 2689 Erat
1103 2633 1182 2690 enim
1191 2630 1366 2687 lloimericns
1379 2629 1473 2686 cellen
1488 2644 1525 2686 ee
1539 2632 1638 2705 oppido
1656 2633 1758 2690 Gastrn

111 2702 192 2776 spud
200 2705 354 2775 Bituricus,
368 2718 444 2759 anno
459 2705 526 2757 ttae
542 2718 561 2757 a
577 2703 694 2765 callisto
708 2702 738 2758 tl
750 2706 862 2759 cecatus
876 2701 1044 2772 cardinalis,
1059 2704 1094 2759 alr
1104 2703 1225 2762 ttostorio
1239 2703 1269 2758 it
1278 2702 1470 2759 cancellarius
1483 2701 1534 2760 sab
1547 2719 1661 2761 annum
1676 2707 1756 2775 tiso,

114 2779 246 2834 mortum
261 2791 337 2832 anno
351 2775 430 2843 titi,
446 2773 604 2846 sinpuleris
620 2772 758 2830 Bernardi
766 2788 886 2841 amicus,
902 2787 940 2829 cc
953 2775 1020 2832 aliis
1034 2775 1171 2849 epistolis.

401 2975 468 3088 S.
512 2971 1011 3086 BERNARDI
1067 2972 1473 3085 ABBATIS

539 3221 632 3342 DE
687 3219 1091 3342 DELIGENDO
1146 3222 1289 3339 DEO

592 3516 755 3609 atses
797 3514 901 3607 sau
951 3478 1276 3608 reserares

334 3708 402 3798 prii)
417 3705 663 3772 numentanus
688 3706 723 3772 S.
747 3706 787 3772 tt.
807 3701 1117 3770 natumnatum
1135 3701 1520 3769 eramusmaerore.

366 3977 450 4040 584
469 3967 658 4037 PRAEFATIO.
968 3990 1020 4032 nec
1033 3973 1113 4031 incita
1127 3971 1293 4044 sanaeque
1308 3987 1369 4030 retu
1397 3988 1431 4031 cx
1452 3972 1598 4047 imperitia,
1622 3993 1716 4050 quere
1728 3995 1762 4038 ox

153 4071 216 4132 Viro
226 4069 324 4129 illustri
333 4069 445 4127 domino
463 4063 761 4134 Munereoescledoe
781 4062 911 4122 romane
966 4063 1131 4122 verecundis
1144 4063 1282 4120 excusatio
1295 4063 1417 4136 prodeat,
1437 4063 1461 4119 si
1475 4078 1530 4123 uon
1544 4064 1658 4134 injuncti
1672 4071 1762 4141 operis

113 4160 366 4223 diuwnocurdinali
389 4168 416 4217 et
433 4128 607 4225 macenaria,
633 4157 803 4212 sumamus
827 4153 910 4211 abhas
926 4104 1087 4213 noredino
1100 4153 1219 4225 probat:
1245 4151 1359 4223 accipite
1376 4152 1411 4209 de
1424 4168 1485 4210 mea
1511 4161 1669 4227 paupertate
1687 4158 1761 4231 quod

114 4253 206 4310 dicim
218 4250 254 4310 de
268 4248 449 4319 Citra-Valle,
458 4246 577 4304 Domino
591 4244 692 4318 siresa,
707 4251 736 4300 et
748 4243 779 4300 iu
792 4241 909 4301 nomiae
963 4243 1063 4314 hebes,
1077 4255 1113 4298 ue
1126 4242 1239 4299 meando
1253 4241 1434 4315 philosophus
1448 4250 1537 4317 puter.
1551 4244 1608 4303 Nec
1623 4254 1712 4304 umen
1726 4249 1761 4305 ad

115 4341 196 4401 mori.
963 4331 1056 4392 emnia
1068 4332 1244 4405 spondsome
1257 4347 1460 4404 responsurum.
1475 4332 1518 4390 ed
1536 4333 1564 4390 id
1582 4334 1670 4393 solum
1687 4339 1761 4410 quod

150 4430 295 4490 Orationes
317 4443 396 4496 ame,
411 4434 439 4485 et
452 4440 507 4483 nou
517 4423 682 4500 questiones
697 4437 810 4495 poscere
836 4422 910 4481 sole-
955 4420 1000 4478 ⁴de
1019 4420 1157 4495 diligendo
1175 4421 1233 4476 Deo
1257 4420 1387 4492 quentis,
1411 4422 1582 4493 respondebo
1602 4424 1675 4498 quod
1701 4425 1762 4499 ipse

115 4520 209 4577 batis:
229 4517 377 4591 etquidem
392 4529 443 4593 ego
461 4515 496 4571 ad
511 4525 637 4570 neutrum
651 4512 780 4571 idoneum
794 4527 839 4569 rua
851 4526 912 4569 esse
963 4509 1050 4568 dubit.
1074 4509 1131 4566 Hoc
1145 4508 1217 4565 enim
1232 4519 1260 4566 et
1272 4509 1343 4581 sapit
1351 4509 1469 4579 dulcius,
1490 4520 1518 4568 et
1532 4519 1659 4570 uenatus
1681 4527 1763 4570 seeu-

104 4609 232 4666 sontido.
244 4609 346 4666 Verum
363 4606 430 4662 iliud
447 4602 542 4662 indicit
563 4602 708 4676 protensio,
727 4601 780 4660 etsi
795 4616 851 4658 non
875 4602 911 4657 ita
964 4601 1022 4658 rius
1039 4607 1066 4657 et
1083 4599 1191 4658 auditur
1209 4598 1313 4657 utilius.
1337 4599 1450 4675 Reliqua
1468 4600 1684 4677 diligentioribus
1715 4620 1761 4661 rs·

104 4697 312 4758 conversatio:
331 4698 429 4754 adhoc
442 4697 554 4765 scro(ut
576 4708 670 4750 verum
688 4691 784 4762 fatear)
798 4707 831 4750 aa
843 4691 912 4747 milri
964 4697 1079 4749 mirate.

104 4788 212 4845 :deesse
229 4789 319 4856 video,
333 4802 396 4861 qun
420 4785 535 4842 maxime
559 4783 715 4843 accessuris
742 4781 908 4853 riderentur,
1284 4780 1397 4836 CAPUT
1418 4783 1441 4837 1.

115 4875 283 4950 diligentiam
298 4885 326 4934 et
348 4877 496 4951 ingenium.
512 4875 605 4931 Placet
622 4884 711 4930 tamen
725 4872 820 4939 luteos,
835 4872 910 4944 quud
1062 4873 1154 4941 &aare
1166 4873 1196 4927 st
1209 4871 1346 4944 quomodo
1359 4870 1567 4942 ditipendussit
1581 4872 1664 4931 Dens.

116 4981 167 5042 pro
181 4967 334 5023 carnalibus
348 4967 503 5039 spiritualia
521 4962 686 5037 repetisitsi
701 4976 766 5018 saue
780 4963 853 5034 upud
866 4959 912 5018 io·
1004 4963 1030 5017 i.
1046 4959 1134 5018 Vultis
1149 4974 1215 5035 ergo
1238 4973 1311 5042 asne
1334 4959 1437 5029 sumre,
1462 4976 1547 5034 quare
1576 4969 1604 5019 et
1625 4965 1760 5037 quomodo

108 5056 435 5131 repraesentarentur
449 5055 583 5113 libuisset.
603 5052 673 5125 Quia
690 5067 756 5110 seru
779 5051 869 5110 doctu
885 5060 914 5110 et
966 5047 1122 5126 diligendus
1132 5047 1166 5105 sit
1179 5049 1275 5105 Deus?
1287 5049 1323 5104 Et
1335 5062 1387 5123 ego
1399 5069 1406 5106 ι
1418 5047 1505 5106 Causa
1517 5050 1649 5124 diligendi
1662 5054 1760 5127 Deum,

106 5147 235 5205 indoctis
256 5143 357 5217 pariter
384 5145 413 5200 in
430 5142 585 5200 istiusmodi
611 5139 759 5199 mcusaudi
778 5155 838 5197 mos
861 5149 913 5212 est,
967 5138 1110 5208 Dcasast3
1127 5138 1234 5207 modus,
1258 5138 1315 5195 sine
1336 5139 1417 5196 modo
1436 5139 1650 5214 diligamini).
1677 5144 1762 5203 Estne

153 5292 229 5366 (tis)
249 5289 351 5347 Eadem
367 5289 451 5345 serbe
464 5287 546 5344 habet
570 5285 663 5343 Severi
685 5284 834 5343 Miletitaui
862 5301 914 5340 eu·
968 5276 1091 5335 imitatur
1104 5279 1221 5336 loannes
1235 5277 1464 5361 Saresberiensis,
1479 5279 1505 5335 iu
1520 5278 1680 5354 Polycratici
1696 5283 1763 5343 libro

118 5364 210 5421 tistilis
220 5365 337 5433 epistole
350 5361 383 5416 ed
404 5359 592 5434 augustinum,
608 5357 677 5413 inter
704 5357 916 5431 Augustiuiuuas
969 5365 1020 5417 su,
1035 5366 1094 5421 ΜΡ·
1109 5355 1152 5407 ¹1·
1163 5350 1536 5434 Apasstlfflpuitssllttlmum
1549 5354 1761 5428 Abaelardiupo-

118 5439 185 5496 tos:
196 5435 302 5495 Nullus
312 5432 390 5494 notis
399 5431 794 5506 snmndimodnst'mponitnr,
802 5430 915 5509 quando
967 5422 1097 5502 loentum
1110 5424 1313 5500 metoparum,
1323 5439 1369 5500 qur
1383 5424 1436 5483 hoc
1444 5441 1558 5484 ameum
1571 5426 1673 5487 dinam
1683 5429 1764 5493 sudet

118 5524 178 5590 tpss
192 5507 232 5571 ili
240 5506 337 5570 modus
353 5507 465 5568 estsine
477 5503 557 5567 modo
571 5517 679 5564 assurt.
690 5501 857 5565 manerem
870 5500 916 5565 hio
969 5492 1115 5557 latomere.
