3728 5940
164 253 218 316 979
634 249 661 309 S,
683 248 851 312 satutant
875 248 1012 345 lutatis
1038 249 1353 315 uttan-tttnnusts
1757 253 1812 317 980

165 392 194 441 ιι
216 398 278 441 curn
301 377 425 437 floridum
443 375 557 447 nuntiat,
572 375 641 433 satis
664 376 774 449 indicat,
796 377 869 436 node
887 375 960 451 quod
1014 393 1092 437 versa
1107 377 1258 437 dilectionis
1279 377 1440 448 testimonia,
1456 396 1517 454 qnae
1531 380 1560 438 in
1578 379 1663 454 priori
1681 380 1819 452 adventu,

166 473 299 532 desiderat
321 471 444 527 obtinere
475 479 632 539 prasumat.
664 469 727 526 Non
748 469 822 527 enim
849 469 883 525 de
903 467 961 527 suis
1017 473 1142 541 tanquam
1157 467 1190 525 de
1205 468 1315 526 sinistra
1327 469 1429 539 dilecti,
1445 479 1596 542 acceperat,
1621 486 1678 544 prae
1694 471 1821 530 multitu·

164 561 277 626 meritis,
292 558 338 615 sed
348 558 381 613 de
394 556 506 614 floribus
520 556 588 631 agri,
600 557 643 615 cui
657 557 797 615 benedixit
811 558 893 615 Dens.
910 559 963 614 ne·
1014 557 1078 614 dine
1100 558 1250 616 dulcedinis
1268 559 1448 632 amplexantis
1469 560 1588 618 dextera
1603 563 1819 629 contemnenda,

165 648 279 706 lectatur
308 646 430 715 floribus,
461 644 594 711 Christus,
624 646 672 721 qui
710 647 737 702 in
768 647 901 705 Nazareth
934 651 962 704 et
1015 656 1043 704 et
1061 648 1173 706 omnino
1193 649 1249 718 jam
1262 647 1340 721 quasi
1366 649 1462 706 subtus
1474 648 1609 708 habenda.
1625 650 1733 708 Sentiet
1745 651 1821 725 quod

165 736 270 809 concipi
288 735 384 804 voluit,
404 742 432 790 et
454 733 562 791 nutriri.
581 733 688 793 Gaudet
710 751 826 804 sponsus
839 733 962 793 eoelestis
1015 737 1155 794 audierat:
1175 739 1244 796 Coro
1258 755 1316 797 uere
1329 739 1440 813 prodest
1458 739 1629 815 quidquem,-
1643 741 1821 813 spirituscst

164 827 263 882 talibus
276 823 471 895 odoramentis,
495 831 522 879 et
540 823 631 879 cordis
645 823 792 881 thalamum
807 824 962 896 frequenter
1016 828 1065 898 qui
1081 829 1206 898 vivificat
1220 827 1305 901 (loun
1318 845 1359 895 vt,
1380 829 1438 902 dl).
1455 827 1586 886 Probabit
1599 829 1673 902 qnod
1688 831 1818 903 legerat:

165 916 333 986 libenterque
343 913 502 989 ingreditur,
513 913 585 984 quod
600 912 757 969 istiusmodi
767 913 897 970 refertum
907 913 963 970 fru-
1016 915 1139 989 Spira'tus
1152 933 1231 974 meaos
1245 932 1328 991 super
1345 918 1402 976 mel
1422 918 1524 989 ιιιιιιίι,
1541 923 1569 977 ιι
1586 917 1741 978 baereditas
1757 936 1822 979 mco

165 1007 263 1073 ctibus,
286 1004 403 1062 floribus
427 1018 579 1076 respersum
603 1003 746 1062 invenerit.
766 1005 819 1061 Ubi
840 1020 896 1062 suae
916 1005 962 1063 vi·
1016 1007 1167 1078 superaret
1187 1009 1215 1064 et
1226 1007 1337 1078 fovum.
1355 1004 1434 1077 Quod
1457 1022 1522 1064 vero
1539 1007 1670 1081 sequitur,
1687 1008 1822 1067 Memorio

164 1096 261 1154 delicet
274 1103 321 1151 aut
339 1092 474 1166 passionis
488 1091 613 1166 gratiam,
625 1101 671 1149 aut
684 1093 886 1150 resurrectionis
901 1093 962 1167 glo-
1016 1111 1082 1152 meo
1095 1096 1127 1151 ιἰι
1137 1096 1321 1168 generatione
1331 1096 1503 1155 saeculoram
1520 1096 1819 1170 (Eecli,xxrv,2'l‚2tl);

165 1186 233 1241 riam
244 1183 337 1242 sedula
351 1183 459 1252 inspicit
473 1181 636 1256 cogitatione
649 1183 762 1250 versari,
782 1182 820 1240 ibi
842 1183 964 1252 prolecto
1017 1182 1070 1239 hoc
1084 1182 1164 1254 dicit,
1181 1184 1244 1257 qula
1258 1184 1385 1259 quamdiu
1399 1194 1471 1242 stare
1486 1201 1608 1257 praesaus
1629 1187 1753 1244 cornitur
1767 1204 1821 1245 sse·

167 1274 246 1331 adest
269 1272 392 1338 sedulus,
417 1273 493 1330 adest
516 1271 613 1330 libens.
638 1272 812 1329 Monumeuta
830 1271 963 1344 siquidem
1018 1270 1118 1339 culum,
1130 1271 1159 1328 in
1173 1288 1227 1345 quo
1238 1273 1377 1346 generatio
1392 1272 1512 1338 advenit,
1528 1282 1555 1331 et
1570 1276 1712 1349 generatio
1728 1285 1822 1349 praete·

166 1362 313 1429 Passionis,
331 1362 434 1420 tructus
448 1376 565 1433 agnosce
579 1359 656 1433 quasi
671 1362 733 1416 anni
748 1360 887 1433 praeteriti,
903 1376 964 1417 om·
1018 1361 1063 1429 rit,
1079 1376 1134 1417 non
1149 1360 1235 1421 deerit
1245 1362 1340 1420 electis
1350 1361 1499 1420 consolatio
1513 1362 1547 1420 de
1560 1363 1704 1432 memoria,
1720 1365 1820 1439 quibus

166 1455 242 1508 nium
257 1452 351 1523 utique
374 1460 444 1508 retro
461 1456 613 1521 temporum
627 1450 678 1506 sub
693 1448 798 1520 peccati
816 1449 964 1522 mortisque
1018 1451 1141 1507 nondum
1154 1449 1188 1507 de
1201 1451 1344 1523 prasentia
1353 1451 1434 1522 pleno
1445 1450 1556 1510 reiectio
1566 1451 1734 1529 indulgetur.
1743 1454 1822 1512 Unde

167 1541 281 1611 imperio
295 1541 481 1606 decursorum,
506 1539 615 1597 tandem
630 1539 658 1595 in
673 1537 841 1609 plenitudine
855 1547 963 1610 tempo·
1021 1539 1150 1612 scriptum
1168 1547 1220 1607 est,
1236 1541 1397 1600 idemortcm
1409 1540 1595 1600 abundantior
1616 1545 1741 1602 scaettis
1763 1549 1821 1603 tote

170 1631 218 1696 ris,
240 1639 414 1704 apparentes.
441 1629 525 1685 Porro
548 1634 637 1684 autem
655 1627 873 1685 Resurrectionis
897 1626 967 1684 insi·
1022 1629 1423 1699 eructabunt5bauddubium,
1438 1629 1553 1703 quiebi,
1567 1633 1821 1706 quospaulosupe-

166 1720 242 1791 guia,
268 1734 355 1776 noros
381 1718 494 1774 aduerte
516 1716 597 1773 flores
618 1717 756 1789 sequentis
778 1717 919 1790 temporis,
941 1716 968 1773 in
986 1717 1201 1801 ariusdixerat,
1216 1720 1361 1778 Generalis
1378 1724 1407 1778 ct
1424 1722 1569 1793 pancratio
1589 1721 1718 1781 loodcbt't
1736 1740 1822 1796 opero

126 1824 128 1828 ⁴
168 1824 265 1867 noram
288 1809 337 1865 sub
364 1805 450 1881 gratia
482 1805 674 1864 revirescentis
694 1811 827 1875 estatem,
852 1820 968 1876 quorum
1025 1811 1076 1865 tuo
1089 1807 1171 1877 (Paul.
1188 1824 1281 1874 cxnrv,
1291 1811 1318 1876 7,
1336 1811 1375 1878 t).
1386 1808 1513 1865 llemoria
1527 1825 1595 1883 ergo
1604 1810 1632 1867 in
1647 1813 1821 1887 generatione

168 1898 286 1956 fructum
300 1895 435 1972 generalis
451 1895 539 1952 lutura
558 1894 719 1953 resurrectio
731 1893 816 1953 inline
839 1894 970 1963 parturiet
1023 1897 1195 1966 saeculorum,
1206 1899 1349 1969 praesentia
1361 1898 1387 1953 in
1399 1913 1484 1970 regno
1496 1898 1685 1957 auctoramus
1696 1900 1820 1976 istaglo·

170 1987 293 2047 sinefina
307 1989 557 2052 mansurumlcm,
568 1985 665 2060 inquit,
676 1986 766 2045 ιιιιιιι
777 1985 905 2053 transiit,
917 1987 970 2043 im·
1023 1984 1142 2043 rificetnr
1163 1986 1219 2057 jam
1235 1995 1375 2056 assumpta
1389 1984 1486 2045 electio
1502 2007 1509 2044 :
1525 1986 1559 2046 de
1572 1987 1620 2045 illa
1637 1988 1748 2047 interim
1772 2005 1821 2063 pe·

169 2078 218 2136 ber
236 2076 307 2134 obiit
322 2079 351 2136 ct
373 2077 500 2143 recessit,
515 2077 598 2147 {tores
613 2079 813 2151 apparuerunt
831 2078 864 2133 in
889 2080 969 2134 terro
1023 2075 1162 2151 regrinans
1175 2077 1317 2150 generatio
1331 2076 1498 2134 consolatur.

169 2172 267 2227 nostru
277 2167 373 2239 (dont.
383 2182 415 2233 ιι,
433 2170 477 2233 ll,
493 2166 537 2237 lt)
553 2183 560 2224 :
577 2164 698 2223 aestivum
709 2175 816 2237 tempus
824 2163 968 2222 aduenisse
1330 2165 1447 2245 CAPU'(
1461 2165 1508 2224 tv.

170 2272 233 2313 ⁰⁰¹ss
251 2254 300 2313 5¹¹0
314 2253 480 2328 Significant,
497 2254 544 2326 ‘lui
557 2255 591 2313 de
605 2255 700 2311 m⁰lli³
713 2255 775 2327 39¹⁰
789 2252 817 2310 1¹¹
830 2252 968 2310 vernalem
1026 2273 1249 2342 Quinumccllei
1258 2272 1451 2332 recordatione
1457 2273 1679 2333 consolationem
1686 2274 1820 2348 copiunt:

169 2345 313 2417 quamdam
326 2359 403 2402 novae
417 2345 478 2400 ritae
493 2343 650 2418 temperiem
664 2345 811 2413 resolutus,
824 2347 904 2411 liene,
920 2342 967 2414 ait,
1129 2345 1212 2417 quiue
1225 2345 1315 2417 erupis
1334 2345 1371 2402 cd
1385 2347 1446 2418 ejus
1462 2361 1584 2404 amorem
1597 2345 1699 2402 idonci.

169 2451 242 2492 nouo
259 2434 334 2507 socio
349 2435 445 2492 omnio
459 2434 552 2507 (Aper.
572 2450 631 2501 ιιι,
645 2435 671 2502 5)
688 2452 695 2490 :
711 2433 791 2504 cujus
804 2448 867 2490 caro
882 2432 968 2490 semi·
1059 2435 1103 2488 lt.
1121 2432 1176 2488 Sed
1191 2433 1314 2500 interest,
1330 2448 1455 2506 qnaenam
1469 2430 1603 2509 generatio
1616 2448 1649 2489 ex
1663 2432 1716 2490 Dei
1730 2432 1822 2505 cupiat

170 2533 233 2579 nata
244 2532 284 2581 est
298 2524 326 2580 in
338 2532 435 2593 morte,
459 2523 578 2581 retloruit
593 2524 619 2578 in
635 2522 849 2592 resurrectione;
869 2523 902 2578 ad
921 2539 970 2579 cu·
1021 2519 1208 2578 recordatione
1225 2523 1355 2578 solamen.
1368 2523 1430 2580 Non
1452 2521 1522 2578 enim
1539 2521 1676 2591 generatio
1691 2537 1776 2595 prava
1792 2530 1821 2579 et

169 2613 216 2683 jus
234 2627 296 2669 mox
315 2613 428 2669 odorem
442 2612 470 2666 in
485 2627 581 2681 eampo
596 2610 726 2669 convallis
740 2621 840 2669 nostrae
855 2610 971 2670 revires-
1023 2625 1197 2683 exasperaus,
1217 2609 1262 2667 cui
1284 2610 1393 2685 dicitur,
1421 2613 1464 2670 l'oe
1487 2611 1559 2670 uobis
1584 2610 1681 2668 diuites
1699 2611 1748 2683 qai
1766 2609 1821 2668 bo·

171 2710 237 2758 cnut
254 2701 340 2767 arida,
354 2700 518 2756 recalescunt
537 2699 644 2772 frigida,
664 2709 770 2757 mortua
791 2700 968 2760 reviviscunt.
1022 2699 1091 2758 tetis
1106 2701 1460 2761 consolationemvestrum
1474 2701 1553 2773 (buc.
1567 2715 1607 2764 vr,
1626 2701 1687 2769 tau
1698 2699 1746 2755 sed
1758 2716 1821 2771 ques

209 2793 236 2845 9.
256 2790 358 2845 Horum
378 2804 443 2861 ergo
467 2787 586 2846 nouitate
603 2788 701 2847 tiorum
723 2805 754 2846 ac
775 2789 924 2860 fructuum,
944 2798 971 2848 et
1023 2788 1624 2861 dicererernciterpotest,lleaaitconsoturi
1634 2790 1818 2846 animemed.

172 2877 371 2951 pulchritudine
380 2877 431 2951 lot.
446 2877 625 2952 plenitudine]
639 2878 699 2951 agri
713 2878 900 2936 suavissimum
914 2878 970 2952 spi·
1021 2878 1089 2935 Huic
1104 2878 1183 2949 plane
1196 2889 1223 2937 et
1236 2878 1379 2949 credimus,
1395 2879 1417 2936 si
1432 2887 1523 2936 secuta
1538 2879 1669 2951 adjecerit
1685 2896 1693 2935 z
1711 2878 1815 2936 Memor

172 2967 258 3024 ruatis
273 2965 394 3031 odorem,
410 2966 469 3036 ipse
481 2981 590 3040 quoque
602 2969 681 3024 Pater
699 2969 727 3025 in
742 2968 810 3026 Filio
823 2968 969 3025 innovante
1022 2969 1068 3040 fui
1081 2971 1141 3040 Dei,
1152 2973 1180 3028 et
1191 2968 1344 3028 delectatior
1350 2970 1508 3040 aumffsol.
1519 2971 1654 3035 nxxvr,3‚
1664 2966 1702 3039 tl,
1711 2968 1819 3022 lustum

171 3055 262 3112 omnia
280 3056 439 3123 delectatur,
454 3057 492 3113 ita
505 3064 534 3112 ut
548 3056 638 3113 dicat:
655 3061 723 3116 Ecce
746 3059 814 3117 odor
830 3059 889 3129 fitia·
902 3059 968 3130 ιιιιι,
1021 3058 1124 3130 quippe
1139 3066 1191 3129 est,
1207 3069 1237 3116 ut
1250 3073 1320 3132 quos
1333 3057 1479 3129 prasentia
1494 3074 1547 3115 non
1563 3057 1705 3123 delectant,
1718 3062 1819 3127 praesto

171 3146 247 3203 sicut
260 3147 327 3205 odor
338 3146 401 3217 apri
413 3147 503 3218 pieni,
515 3146 563 3204 eui
576 3146 723 3204 benedixit
735 3148 874 3205 Dominus
884 3145 968 3218 (Gerr.
1021 3147 1062 3203 eis
1081 3146 1115 3203 sit
1131 3146 1258 3204 memoria
1276 3146 1429 3204 futurorum
1450 3164 1456 3202 :
1478 3154 1507 3203 et
1521 3145 1567 3219 qni
1581 3146 1615 3202 de
1627 3161 1720 3203 rerum
1734 3143 1820 3201 ltuen-

171 3234 335 3306 xxu11,2'l).
359 3235 430 3290 Beue
447 3234 531 3305 pleni,
552 3234 587 3291 dc
599 3236 678 3308 cujus
692 3235 857 3307 plenitudine
872 3251 970 3294 omnes
1022 3235 1089 3293 tium
1111 3235 1228 3307 qualibet
1242 3234 1380 3293 affluentia
1392 3233 1546 3306 despiciunt
1559 3233 1708 3299 consolari,
1726 3248 1819 3289 recor·

172 3323 334 3393 accepimus.
350 3323 456 3393 Sponsa
466 3332 557 3380 tamen
571 3324 730 3382 familiarius
745 3343 777 3382 cx
788 3341 821 3382 eo
832 3325 894 3393 sibi,
906 3341 969 3383 oum
1021 3322 1096 3379 datio
1110 3322 1171 3379 illos
1186 3323 1302 3380 delectet
1312 3321 1479 3379 aternitatis.
1500 3323 1535 3377 Et
1551 3322 1609 3378 haec
1620 3327 1662 3376 ert
1676 3322 1820 3392 generatio

171 3411 240 3478 uult,
264 3411 346 3467 tiores
359 3410 444 3484 legit,
472 3423 499 3467 et
523 3412 608 3481 carpit
623 3427 713 3484 poma,
736 3412 837 3483 quibus
851 3414 968 3486 propriae
1020 3410 1200 3485 quaerentinm
1221 3411 1377 3478 Dominum,
1397 3409 1578 3484 quaerentium
1604 3425 1660 3466 non
1686 3426 1748 3485 quae
1770 3424 1818 3467 aus

172 3508 297 3575 aspergat
318 3499 412 3557 intima
425 3500 607 3568 conscientie,
624 3510 651 3558 ot
665 3502 774 3559 intranti
788 3517 890 3574 sponso
904 3519 968 3563 cor·
1021 3504 1095 3572 suut,
1109 3499 1157 3556 sed
1171 3498 1265 3557 taciem
1275 3499 1326 3557 Dei
1339 3500 1422 3557 Jacob
1435 3499 1521 3571 (Psoi.
1538 3514 1623 3570 xxur,
1635 3498 1673 3570 6).
1689 3498 1740 3555 Dei
1754 3511 1820 3570 ergo

171 3589 214 3645 dis
224 3587 342 3647 lectulus
350 3604 434 3647 snare
448 3590 578 3648 redoleat.
594 3589 708 3661 Oportet
722 3591 793 3648 enim
803 3607 865 3663 nos,
874 3591 898 3649 si
908 3608 968 3651 cre·
1020 3588 1203 3660 quaerentibus
1229 3593 1256 3647 et
1282 3588 1481 3661 suspirantibus
1509 3586 1688 3656 presentiam,
1718 3594 1819 3658 praeto

172 3677 253 3733 brnm
272 3677 397 3734 volumus
423 3677 522 3733 halare
549 3677 684 3749 hospitem
711 3678 860 3744 Christum,
886 3679 969 3736 corda
1020 3677 1173 3737 interimet
1189 3677 1277 3736 dulcia
1300 3678 1428 3735 memoria
1455 3685 1505 3747 est,
1522 3691 1577 3732 non
1597 3684 1684 3732 umen
1697 3691 1752 3747 qua
1778 3690 1821 3730 ss·

171 3771 265 3823 nostra
282 3781 389 3837 semper
406 3765 506 3824 babere
523 3767 625 3823 munita
649 3766 775 3825 fidelibus
797 3767 966 3838 testimoniis,
1020 3767 1132 3841 tientur,
1152 3766 1200 3824 sed
1211 3783 1266 3843 qua
1279 3766 1368 3840 magis
1381 3765 1500 3823 esurient
1512 3765 1585 3821 uude
1600 3764 1743 3820 satientur.
1759 3765 1818 3820 lloc

171 3864 226 3910 tam
241 3854 274 3912 de
292 3853 476 3911 misericordia
489 3854 591 3913 scilicet
604 3856 754 3924 morientis,
768 3856 897 3929 quamde
915 3873 967 3929 po·
1020 3855 1109 3929 ipsum
1130 3855 1164 3912 de
1185 3871 1216 3912 se
1244 3855 1322 3912 cibus
1344 3854 1404 3926 ipsc
1428 3861 1550 3923 astatur,
1581 3853 1617 3909 ita
1640 3852 1742 3919 diceus,
1768 3851 1819 3921 Qui

171 3943 253 3999 tentia
268 3943 696 4018 resurgeaus;quomod01tarid
711 3945 799 4003 aiebat
816 3949 893 4005 :Duo
908 3945 968 4004 ltoeo
1020 3945 1080 4003 edit
1095 3962 1150 4017 me,
1166 3943 1259 4002 cclcc
1273 3943 1487 4017 esurietlbecli.
1502 3957 1584 4010 xxvi,
1599 3940 1645 4013 29)
1663 3959 1669 3996 :
1686 3948 1714 3997 et
1727 3939 1778 4014 qni
1788 3955 1820 3996 eo

170 4032 276 4097 oudini.
292 4036 359 4108 quic
372 4037 498 4106 potestur
511 4035 561 4093 Dei
574 4039 627 4103 cst,
645 4040 674 4091 ct
686 4035 738 4093 tibi
752 4037 869 4095 Domine
879 4035 968 4092 mise·
1021 4033 1186 4101 cibatusest‚
1199 4032 1339 4101 satiabor,
1356 4032 1530 4104 inquitatem
1545 4032 1712 4105 apparuerit
1726 4030 1820 4101 pieria

171 4123 296 4180 recordio
311 4123 398 4191 (Prot.
413 4138 472 4188 uxr,
488 4127 531 4192 lt,
548 4123 605 4194 tt).
620 4123 758 4195 Siquidem
773 4124 914 4196 utriusque
928 4124 968 4179 rei
1023 4126 1074 4180 tuo
1088 4121 1176 4194 (Prot.
1191 4137 1252 4190 xvr,
1269 4122 1325 4191 llll.
1340 4120 1415 4177 Beati
1429 4129 1517 4177 tamen
1533 4120 1590 4192 jam
1604 4133 1677 4177 nunc
1690 4117 1742 4190 qui
1757 4133 1820 4173 esu·

172 4209 326 4266 testimonla
340 4209 479 4266 eredibilia
498 4211 567 4268 iacta
589 4219 653 4269 sunt
667 4212 766 4286 nimis,
792 4211 898 4272 Christo
911 4213 967 4269 uti·
1022 4208 1095 4267 riunt
1109 4218 1135 4267 ιι
1149 4209 1243 4266 sitiunt
1266 4208 1409 4281 iustitiam,
1425 4206 1553 4282 quoniam
1568 4206 1734 4279 quandoque
1753 4202 1819 4277 ipsi,

171 4313 226 4368 qne
245 4297 378 4354 moriente
397 4308 507 4371 propter
521 4299 617 4356 delicta
630 4309 734 4368 nostra,
762 4309 790 4359 et
812 4309 969 4373 resurgente
986 4292 1120 4372 Batnon
1147 4297 1205 4364 alii,
1232 4299 1425 4355 saturabuntur
1451 4296 1561 4368 (notet.
1586 4312 1614 4362 v,
1630 4295 1670 4368 a).
1695 4294 1743 4350 Vm
1759 4291 1819 4362 tibi,

173 4392 286 4459 propter
310 4385 531 4457 justificationem
569 4398 701 4456 nostram,
741 4397 769 4446 ct
807 4387 970 4446 aseendente
1023 4383 1163 4460 generatio
1187 4399 1272 4452 praua
1291 4393 1371 4455 atque
1395 4385 1539 4458 perversa!
1564 4398 1604 4441 rae
1629 4382 1688 4454 tibi)
1716 4379 1820 4454 popule

173 4477 207 4530 ad
238 4474 435 4548 protectionem
462 4483 594 4547 nostram,
623 4485 651 4534 et
689 4477 812 4534 mittente
840 4475 969 4548 Spiritum
1024 4474 1103 4530 stulte
1111 4479 1138 4530 et
1151 4471 1293 4544 insipieus,
1308 4473 1354 4545 qui
1369 4482 1395 4529 et
1409 4473 1569 4530 memoriam
1583 4470 1699 4541 fastidis,
1711 4477 1738 4526 et
1754 4484 1823 4540 prae·

172 4565 206 4621 ad
232 4562 444 4622 consolationem
468 4571 587 4620 nostram
616 4573 644 4621 et
663 4567 823 4639 quandoque
848 4564 969 4622 redituro
1024 4561 1140 4620 sentiam
1151 4559 1321 4633 expavescisl
1338 4561 1431 4619 blerito
1444 4561 1554 4634 quidem
1569 4579 1576 4618 ι
1593 4575 1642 4617 nec
1652 4559 1732 4617 modo
1746 4558 1822 4614 enirn

174 4653 208 4707 ad
244 4649 507 4709 consummationem
535 4660 666 4711 nostrum.
695 4653 799 4726 Nempe
831 4651 859 4708 in
885 4660 971 4709 morte
1024 4648 1134 4708 liberari
1157 4648 1200 4707 ris
1214 4648 1248 4705 de
1264 4650 1370 4722 laqueo,
1386 4650 1550 4718 venantium,
1566 4647 1697 4723 siquidem
1711 4647 1822 4720 quivo-

174 4738 399 4806 misericordiam,
419 4741 569 4812 potentiam
588 4740 617 4797 in
639 4740 850 4806 resurrectione,
864 4748 969 4797 utram·
1025 4740 1084 4797 lunt
1097 4739 1194 4796 divites
1210 4737 1268 4797 lieri
1280 4737 1309 4795 in
1323 4739 1375 4797 boo
1388 4739 1500 4808 saeculo,
1512 4738 1635 4797 incidunt
1648 4737 1676 4794 iu
1692 4738 1821 4811 laqueum

174 4829 270 4901 quein
285 4828 402 4900 singulis
417 4828 537 4885 exhibuit
550 4830 725 4901 reliquorum.
1025 4827 1123 4885 diaboli
1142 4829 1168 4900 (l
1184 4829 1252 4885 Tim.
1268 4844 1307 4896 vt,
1324 4831 1350 4896 9)
1364 4847 1372 4894 ;
1387 4843 1438 4886 nec
1452 4835 1516 4885 tuno
1528 4844 1544 4886 a
1558 4829 1641 4886 verbo
1655 4839 1754 4898 aspero
1770 4841 1821 4896 po·

209 4915 292 4976 588
309 4919 357 4975 lo.
376 4917 441 4975 llaeo
454 4917 534 4985 mala,
550 4918 578 4973 hi
602 4917 695 4986 flores,
715 4916 812 4990 quibus
827 4933 927 4991 sponsa
941 4934 971 4976 se
1025 4914 1090 4973 teris
1106 4915 1225 4973 liberari.
1252 4914 1403 4973 Ouerbum
1430 4931 1566 4988 asperum,
1582 4931 1598 4972 o
1612 4930 1702 4972 sermo
1715 4913 1819 4971 dunis!

185 5004 282 5061 nterim
298 5004 392 5076 stipari
413 5004 531 5076 postulat
545 5010 572 5061 et
586 5002 681 5078 lulciri,
696 5006 776 5063 credo
792 5006 912 5064 sentiens
925 5005 970 5063 ia·
1025 5007 1077 5078 lte,
1092 5004 1252 5071 maledicti,
1267 5006 1402 5080 inignem
1412 5002 1753 5075 atecamutcttaxxr,
1764 5003 1820 5075 tt).

172 5096 224 5151 cile
239 5094 291 5151 uim
313 5092 341 5148 in
351 5109 380 5149 se
394 5093 494 5151 amoris
510 5108 590 5164 posse
605 5100 739 5165 tepescere
754 5103 782 5152 et
795 5095 971 5169 languescere
1024 5095 1123 5151 Durior
1137 5095 1217 5164 plane
1232 5102 1312 5167 atque
1326 5095 1449 5167 asperior
1463 5094 1521 5161 illo,
1536 5094 1583 5167 qui
1596 5092 1718 5166 quotidie
1738 5092 1819 5149 nobis

176 5182 387 5255 quadammodo,
403 5183 424 5238 si
437 5198 491 5239 nou
507 5182 603 5239 talibus
612 5182 715 5256 iugiter
739 5184 863 5242 foveatur
874 5184 970 5242 incen-
1023 5183 1058 5239 de
1083 5181 1214 5241 memoria
1239 5183 1375 5256 passionis
1398 5182 1426 5239 in
1440 5183 1562 5240 Ecclesia
1576 5182 1747 5255 replicatur:
1768 5182 1822 5250 Qui

173 5272 247 5335 tivis,
276 5272 362 5329 donec
387 5274 540 5330 introducta
566 5275 728 5347 quandoque
751 5276 779 5332 iu
804 5274 969 5341 cubiculum,
1023 5270 1824 5345 manducaturamcommatatbttacepctcemmeam,

174 5358 220 5412 diu
239 5360 335 5430 cupitis
359 5361 509 5434 excipiatur
531 5363 707 5436 amplexibus,
733 5373 760 5419 et
781 5364 851 5422 dicat
868 5379 874 5415 :
890 5367 970 5421 Leuc
1026 5360 1107 5419 tradet
1120 5362 1211 5418 eitum
1222 5364 1372 5420 aetenam.
1387 5361 1445 5418 lloc
1460 5368 1511 5428 cst,
1527 5360 1573 5434 qni
1589 5358 1685 5417 recolit
1703 5365 1821 5415 mortem

174 5449 235 5519 ejus
249 5449 299 5503 aab
313 5453 407 5522 cupite
419 5469 490 5516 ιιιιο,
500 5456 528 5509 ιι
538 5451 655 5509 dextero
665 5453 743 5509 illuns
754 5454 919 5527 amplexato
929 5459 969 5511 cst
1024 5465 1126 5522 meam,
1142 5458 1169 5506 et
1188 5450 1310 5522 exemplo
1325 5467 1387 5509 meo
1402 5449 1545 5508 mortificat
1557 5450 1675 5507 membra
1688 5464 1737 5504 sua
1760 5463 1822 5520 quae

173 5537 347 5605 recidentia.
360 5542 436 5605 md).
446 5539 550 5596 Sentiet
559 5540 658 5613 quippe
670 5551 734 5595 tunc
743 5549 770 5596 ot
783 5540 911 5613 probabit
922 5542 969 5598 nni
1024 5546 1088 5596 sunt
1105 5545 1310 5611 superterram,
1328 5539 1412 5596 babet
1424 5537 1507 5596 sitam
1522 5549 1654 5596 aeternam
1671 5555 1677 5592 :
1698 5535 1753 5594 boc
1766 5543 1819 5603 est,
