3728 5940
146 187 200 251 tea

718 186 762 247 lb
780 186 808 246 S.
823 185 991 250 plantant
1002 183 1180 246 EPlS'thhS

1735 180 1790 242 'toi

147 314 362 371 debacchantur:
374 314 456 369 abbas
471 311 561 368 neseio
577 311 642 383 quid
663 319 772 369 acturus
800 312 850 366 iter
864 314 936 368 arri·
954 326 978 406 Α
993 310 1187 367 anathemasit.
1202 311 1289 367 Aliter
1302 311 1374 366 enim
1385 310 1548 380 evangelizat
1572 325 1651 382 00010
1666 310 1792 365 Christus

146 402 216 476 puit.

186 495 228 548 11.
245 489 377 560 Quocirca
400 489 589 547 paternitatem
605 499 719 546 vestram
738 505 787 561 per
803 491 940 547 Christum

149 580 329 644 obsecramus,
359 591 452 633 eorum
481 587 595 649 partem,
621 579 667 650 qui
691 579 724 634 ad
749 580 887 637 severiora
914 589 942 636 et

148 664 260 722 arctiora
274 666 389 721 transire
415 666 537 738 cupiunt,
557 667 716 723 auctoritate
740 677 829 724 vestra
844 667 940 724 defeu-

147 769 207 810 sare
233 752 332 810 velitis.
356 754 384 810 Si
403 770 468 811 vero
487 756 572 811 abhas
593 771 686 812 eorum
710 755 743 811 ud
765 771 813 811 vos
826 755 939 826 venerit,

147 856 197 913 pro
212 848 301 897 vestra
316 856 331 896 a
344 842 402 897 Deo
429 842 490 898 data
518 843 677 900 auctoritate
696 854 721 899 et
748 844 890 921 sapientia,
915 844 941 898 iu

146 943 242 1002 pacem
260 930 337 985 illum
354 931 498 1002 reducatis,
514 939 542 986 et
560 948 594 987 00
605 930 721 988 filiorum
735 942 857 989 sanetum
872 948 939 1005 pro-

146 1015 261 1089 positam
283 1017 421 1091 impediat,
437 1019 613 1075 admoneatis.
630 1019 747 1089 Quodsi
771 1021 940 1090 praevenerit,

147 1114 174 1163 et
192 1106 316 1172 recessit,
343 1124 483 1180 rogamus,
500 1118 529 1165 ut
548 1126 595 1181 per
622 1118 783 1180 praesentem
817 1111 940 1165 nuntium

148 1193 250 1250 litteras
264 1192 302 1249 illi
333 1195 529 1252 exhortatorias
551 1195 682 1268 dirigatis,
712 1212 746 1252 no
771 1197 943 1266 pertinaciter

148 1280 304 1339 adversetur
319 1282 381 1349 illis,
397 1285 451 1340 imo
467 1285 556 1355 potius
569 1299 648 1354 opem
660 1284 782 1340 conferat
796 1293 822 1340 et
837 1301 941 1356 oppor-

150 1368 299 1438 tunitatem,
324 1372 370 1442 qui
394 1370 492 1426 Christi
516 1371 662 1445 Evangelio
687 1379 712 1426 et
739 1372 852 1446 liegulte
870 1373 943 1429 beati

150 1456 285 1514 Benedicti
301 1458 453 1514 inveritate
474 1458 584 1529 eupiunt
608 1460 727 1515 obedire.
749 1461 833 1516 Debet
848 1461 943 1516 saltem

994 397 1197 471 evangelizavit,
1212 397 1259 470 qui
1272 397 1423 471 angelicam
1439 412 1533 466 pacem
1548 406 1575 452 et
1589 398 1712 470 regulam
1732 411 1791 453 suae

993 486 1170 558 professionis
1188 487 1333 542 observare
1347 487 1487 557 cupientes
1511 485 1642 557 impedire
1668 485 1787 544 festinat.

995 573 1154 648 Quicunque
1181 591 1245 632 vero
1266 574 1310 631 ille
1328 575 1362 628 sit
1377 574 1539 630 refellendus
1552 590 1724 645 summopere
1739 583 1792 640 est,

994 680 1056 720 eum
1070 664 1173 719 Veritas
1186 664 1257 719 dicat
1270 682 1277 717 t
1291 663 1321 720 Si
1334 666 1432 721 oculus
1443 667 1510 720 tuus
1531 663 1631 721 denter
1649 665 1793 720 scandali-

995 756 1043 809 zat
1058 758 1095 821 te,
1111 757 1309 818 secesseram
1326 754 1434 825 projice
1448 752 1495 809 ahs
1511 758 1538 810 te
1557 752 1671 824 (lfcttlt.
1700 770 1728 818 1,
1746 758 1790 821 tit,

996 841 1052 913 19).
1069 840 1113 898 Nil
1126 838 1207 897 391
1226 841 1326 913 quippe
1342 842 1481 897 molestius
1496 841 1614 912 laeditur,
1630 841 1673 896 vel
1687 843 1793 898 cantius

997 931 1153 986 observatur
1169 931 1195 985 in
1210 944 1335 999 corpore,
1358 944 1438 1000 quam
1462 929 1557 985 oculus
1572 949 1582 986 :
1597 937 1713 986 attamen
1729 947 1791 988 oum

995 1017 1117 1088 impedit,
1132 1017 1304 1087 spiritualiter
1312 1025 1353 1072 est
1362 1018 1507 1075 eruendus.
1525 1017 1580 1074 lloe
1590 1026 1630 1075 est
1644 1018 1715 1074 enim
1725 1036 1793 1090 pru·

998 1105 1103 1161 dentem
1117 1119 1177 1160 esse
1199 1104 1271 1161 sicut
1284 1114 1446 1177 serpentem,
1470 1113 1555 1176 caput
1583 1116 1668 1161 totum
1695 1106 1721 1160 id
1751 1117 1791 1164 est

996 1202 1125 1263 mentem,
1143 1193 1295 1250 subducere
1309 1195 1343 1250 ab
1357 1195 1431 1250 omni
1446 1194 1559 1266 fallacia,
1574 1211 1635 1268 quae
1654 1196 1794 1252 101111001-

996 1297 1079 1339 mam.

1033 1374 1077 1426 13.
1093 1371 1281 1428 Verumtamen
1296 1379 1406 1444 propter
1429 1371 1587 1429 scandalum
1615 1371 1793 1443 infirmorum,

996 1457 1042 1531 qui
1063 1459 1152 1515 minus
1172 1458 1279 1529 sapiunt
1300 1459 1449 1530 veritatem,
1469 1475 1599 1531 rogamus
1615 1461 1795 1518 sanctitatem

148 1545 264 1601 abbaset
283 1547 405 1601 monachi
420 1547 461 1602 sui
482 1548 508 1600 in
524 1547 572 1601 hae
588 1563 617 1602 00
631 1548 809 1620 AEgyptioset
824 1548 941 1620 Babylo-
996 1553 1123 1615 vestram,
1140 1554 1167 1601 et
1189 1561 1282 1604 omnes
1300 1548 1345 1619 qui
1360 1548 1456 1604 audire
1470 1548 1605 1604 voluerint
1627 1551 1695 1606 hanc
1726 1551 1795 1621 peti·

149 1632 209 1689 nios
224 1632 331 1703 imitari,
346 1633 392 1705 qui
408 1632 478 1689 filios
494 1634 574 1690 lsrael
592 1633 730 1691 interram
749 1636 942 1707 promissionis
959 1598 981 1676 Β
996 1637 1097 1692 tionem
1111 1642 1240 1706 nostram,
1261 1646 1394 1707 quatenus
1410 1637 1477 1693 inter
1499 1637 1623 1694 abbatam
1644 1639 1797 1695 Eboracen·

150 1722 327 1793 permiserunt
345 1722 444 1778 utiliter
459 1722 602 1794 repedare.
617 1723 705 1779 Laban
720 1740 828 1796 quoque
846 1725 939 1790 Jacob,

150 1808 186 1864 ob
209 1809 269 1879 eius
288 1808 494 1865 obstinationem
515 1811 667 1868 clanculum
695 1811 851 1887 fugientem,
883 1821 946 1883 post

151 1893 288 1952 crudelem
304 1896 515 1966 persecutionem
531 1899 566 1954 ad
583 1907 687 1971 patrem
704 1901 792 1956 redire
807 1901 944 1973 permisit.

151 1984 244 2055 Neque
269 1998 332 2041 vero
359 1984 522 2055 desertores,
551 1987 598 2044 sed
631 1988 791 2059 provisores
816 1991 944 2046 censendi

152 2080 225 2139 sunt,
248 2070 296 2145 qui
323 2071 422 2142 locum,
437 2075 483 2130 ubi
501 2076 628 2146 peccandi
654 2077 764 2132 libertas
790 2079 944 2148 ntajorest,

152 2158 345 2232 relinquentes,
361 2162 443 2217 tutius
457 2162 513 2218 Deo
523 2161 645 2218 famulari
658 2162 823 2220 desiderant.
840 2166 944 2235 Nempe

151 2256 274 2314 Christus
303 2259 360 2328 ipse
387 2259 522 2314 deterrere
547 2274 594 2315 eos
618 2260 708 2331 debet,
724 2262 770 2332 qui
797 2262 946 2319 enariseos

151 2346 298 2420 redarguit,
314 2362 347 2403 eo
360 2347 494 2420 quod—nee
509 2347 561 2418 ipsi
575 2349 686 2415 intrent,
703 2366 751 2406 nec
765 2351 833 2407 alios
848 2352 945 2408 intrare

150 2435 249 2492 sinant.
268 2436 367 2492 Notum
381 2435 515 2510 siquidem
538 2436 666 2492 omnibus
689 2446 739 2504 est,
755 2440 827 2510 quod
841 2440 946 2511 Regula

150 2524 222 2580 beati
241 2523 389 2589 Benedicti,
405 2532 461 2580 toto
476 2539 544 2594 pene
557 2526 741 2596 etcommuui,
752 2535 781 2581 ut
797 2526 833 2583 ita
847 2526 944 2598 dicam,

151 2612 218 2669 orbe
242 2612 443 2677 monachorum,
459 2612 571 2667 modum
586 2613 706 2669 suumin
722 2615 849 2670 omnibus
862 2631 944 2685 pror-

57 2736 63 2744 =
151 2713 199 2763 sus
212 2699 329 2754 amiserit
343 2707 370 2754 et
397 2702 506 2755 statum.
536 2700 609 2756 Adeo
628 2712 657 2755 ut
673 2717 751 2758 nemo
770 2705 837 2760 satis
850 2705 945 2761 mirari

152 2794 252 2861 potest,
266 2787 338 2858 quod
352 2788 413 2859 quis
425 2788 507 2842 audet
527 2803 618 2846 coram
633 2790 691 2844 Deo
710 2799 738 2845 ot
756 2791 861 2848 Sancus
882 2794 944 2864 ejus

997 1739 1054 1780 sem
1068 1731 1095 1779 et
1105 1739 1177 1796 saepe
1193 1723 1280 1780 dictos
1289 1724 1387 1781 fratres
1400 1724 1533 1782 studeatis
1549 1725 1674 1782 retituere
1688 1744 1795 1798 paoem.

1000 1813 1140 1867 Postremo
1156 1810 1310 1869 meminisse
1327 1812 1457 1869 debemus
1481 1814 1554 1884 quod
1583 1814 1796 1872 hlolismensium

1000 1900 1193 1954 monachorum
1208 1899 1304 1954 similis
1313 1915 1436 1973 egressus
1449 1900 1634 1959 cisterciensis
1655 1903 1717 1958 vitae
1731 1920 1795 1976 per·

1000 1986 1173 2042 festissimum
1198 2003 1329 2054 normam,
1346 2005 1428 2059 quam
1447 1997 1503 2045 tuta
1523 2005 1594 2062 pene
1614 1990 1725 2046 miratur
1740 1993 1796 2049 Eo·

1000 2074 1091 2143 alesia,
1108 2075 1239 2146 inprimis
1253 2076 1367 2133 instituit
1380 2093 1411 2134 aa
1434 2077 1565 2152 fundavit,
1580 2094 1693 2152 quorum
1716 2081 1796 2152 puri-

999 2163 1061 2219 tatis
1075 2163 1212 2243 ingenium
1228 2165 1391 2221 venerabilis
1414 2168 1553 2223 memoriae
1578 2168 1702 2224 dominus
1718 2169 1796 2239 Hugo

1000 2252 1187 2322 Lugdunensis
1212 2253 1420 2326 archiepicopus
1454 2255 1601 2311 christiana
1618 2257 1717 2328 pietate
1738 2258 1796 2312 lan-

999 2340 1081 2410 davit,
1099 2350 1197 2397 3000110
1210 2341 1529 2414 llegmlaerenovationem
1543 2351 1570 2399 01
1578 2345 1796 2414 probatissimam

1000 2425 1181 2501 integritatem
1195 2425 1309 2483 fideliter
1321 2428 1470 2499 adoptavit.
1485 2432 1572 2501 Atque
1594 2433 1700 2485 demum
1729 2449 1792 2488 cum

1001 2515 1035 2570 ad
1049 2514 1224 2586 apostolicam
1242 2515 1365 2572 notitiam
1379 2516 1535 2573 aemulorum
1552 2519 1720 2589 querimonia
1733 2535 1794 2589 per-

1001 2601 1115 2673 veniret,
1130 2601 1240 2659 domino
1261 2603 1370 2659 Urbano
1393 2620 1462 2675 papa
1481 2606 1600 2659 serundo
1619 2605 1792 2675 presidente,

1000 2689 1156 2747 mandatum
1184 2690 1317 2747 decretale
1333 2692 1491 2766 porrigitur,
1521 2701 1653 2763 quatenus
1667 2694 1726 2748 solo
1748 2696 1796 2748 ah-

1001 2780 1061 2836 bate
1076 2785 1211 2851 reportato
1225 2778 1258 2835 ad
1273 2779 1394 2852 regimen
1408 2780 1522 2836 abbatiae
1541 2796 1597 2837 000
1622 2781 1667 2853 qui
1693 2782 1796 2853 paritor

153 2874 310 2947 promittere
334 2891 396 2932 eum
414 2884 487 2932 10010
512 2877 691 2943 solemnitate,
720 2880 794 2951 quod
824 2884 881 2951 ipse
900 2883 943 2939 nst
960 2869 1108 2948 esurierat,
1125 2884 1204 2926 nemo
1218 2877 1389 2940 caeterorum,
1403 2869 1449 2941 qui
1463 2870 1490 2925 in
1505 2872 1593 2942 plena
1607 2871 1796 2929 observatione

150 2962 273 3036 quotidie
287 2963 407 3037 negligit,
427 2965 492 3031 sive,
512 2965 640 3023 atterius
654 2967 752 3038 dicam,
771 2969 942 3042 corripellitur

149 3068 204 3110 uon
217 3052 370 3109 ohservare.
389 3053 466 3110 Cadit
485 3052 606 3124 profecto
621 3055 648 3110 in
668 3072 717 3112 eos
731 3056 804 3129 quod
819 3057 857 3112 ait
872 3073 940 3128 pro-

149 3143 237 3215 pheta,
253 3143 376 3214 Populus
394 3145 440 3200 itte
469 3143 550 3200 taire
574 3159 619 3200 me
633 3144 765 3216 11010101,
781 3162 828 3202 eor
843 3151 941 3205 cutem

147 3248 247 3291 aarum
262 3233 428 3303 10100110
438 3248 483 3288 me
493 3234 554 3305 (lau.
571 3249 653 3300 xxix,
668 3236 714 3306 13)
730 3252 737 3289 :
753 3245 783 3291 ut
796 3235 942 3305 apostotus

146 3318 195 3391 ait,
216 3321 279 3377 1000
285 3319 458 3392 eonfiteretur
464 3336 493 3378 se
506 3337 619 3380 0000010
632 3325 730 3388 fleam,
746 3325 835 3394 sactis
845 3329 941 3380 cutem

147 3408 333 3481 10101100.
350 3422 369 3473 t,
389 3408 444 3479 tot.

184 3497 226 3553 ts.
247 3496 347 3552 Verum
376 3495 502 3553 fortassis
523 3497 588 3571 quin
604 3499 683 3554 multi
709 3498 745 3554 ita
759 3500 870 3567 faciunt,
887 3500 942 3556 fre·

145 3600 234 3656 quens
249 3600 319 3642 uuus
331 3584 433 3642 confert
456 3586 606 3643 audaciam.
622 3588 733 3656 Verum,
754 3591 828 3662 quod
844 3591 940 3646 dolens

146 3670 267 3742 enuntio,
275 3670 386 3739 fallitur,
397 3673 474 3744 plane
492 3674 592 3730 fallitur
607 3675 718 3732 audacie
730 3678 920 3734 monachorum
932 3696 938 3734 :

144 3761 211 3834 qnia
238 3760 382 3817 multitudo
406 3762 576 3833 peccantium
591 3779 645 3820 non
668 3764 732 3820 furit
753 3765 941 3838 impunitatem

146 3848 289 3905 scelerum.
316 3849 392 3906 Unde
417 3866 469 3906 non
500 3851 673 3925 impediendi,
703 3855 751 3910 sed
780 3856 941 3929 protegendi

144 3944 208 3994 sunt
222 3937 396 4012 quiregulam
412 3939 589 4010 professionis
598 3956 655 3997 sue
665 3943 776 4016 cupiunt
792 3945 940 4003 observare

144 4041 232 4101 nsque
260 4029 473 4100 reprehendendi
495 4031 542 4102 qui
570 4031 670 4088 idcirco
699 4032 825 4089 festinant
853 4035 940 4090 locum

146 4124 260 4176 mutare.
275 4117 447 4189 Nequeenim
463 4120 536 4175 Deus
549 4135 581 4175 er
595 4120 665 4186 loeo,
678 4121 727 4176 sad
739 4121 814 4178 locus
829 4122 940 4194 eligitur

144 4220 178 4263 ex
192 4208 260 4265 Deo.
275 4207 374 4263 Beatus
388 4223 497 4280 quoque
510 4208 671 4264 Benedictus
686 4207 788 4281 liquido
802 4219 940 4266 contesta-

147 4302 200 4358 tur,
215 4293 288 4365 qncd
302 4293 328 4347 in
348 4294 424 4349 omni
446 4297 506 4352 loeo
526 4295 572 4349 uni
592 4295 708 4351 Domino
729 4297 786 4352 Deo
813 4297 938 4364 servitur,

148 4379 195 4437 uni
217 4378 285 4454 Regi
306 4379 433 4436 militatur
451 4381 526 4454 (liep.
552 4398 615 4452 cap.
630 4382 686 4454 61).
702 4383 732 4438 10
746 4383 942 4442 collationibus

148 4470 256 4527 Petrum
271 4468 372 4538 loseph
394 4469 508 4525 eremita
528 4467 691 4526 suflicienter
719 4470 854 4538 edisserit,
870 4475 942 4545 quod

147 4558 194 4616 ifle
211 4558 293 4615 tidem
307 4572 363 4615 suae
378 4556 554 4630 professionis
568 4558 667 4614 rectius
677 4568 780 4628 servat,
801 4562 847 4633 qui
862 4579 891 4618 se
910 4564 943 4618 ari

148 4663 211 4707 eum
227 4649 315 4704 locum
330 4646 481 4715 contulerit,
506 4663 560 4717 quo
575 4647 713 4704 dominica
729 4647 793 4705 fidei
809 4663 942 4723 praecepta

148 4734 725 4809 0100100011010100010100111(010011100,
736 4739 826 4794 collat.
843 4740 899 4810 tt).
913 4739 945 4794 lit

146 4824 256 4898 quidam
274 4841 281 4879 :
299 4845 310 4873 ι
326 4824 406 4879 Juvat
419 4838 468 4879 nos
483 4831 602 4880 sanctam
618 4825 849 4897 opportunitatem
865 4841 944 4897 appe·

148 4919 213 4978 tere,
230 4911 276 4985 qui
289 4912 397 4983 adjutor
411 4920 452 4969 est
478 4911 506 4968 in
525 4912 783 4982 importunitatibus,
808 4915 834 4968 iu
856 4913 945 4968 tribu·

148 4999 259 5058 latione.
278 5021 289 5050 i
306 5000 347 5055 llli
361 5015 434 5071 vero,
462 5000 491 5056 ni
505 4998 595 5068 fallor,
611 5000 738 5057 Pharisaei
761 5001 802 5056 vel
827 5002 946 5058 haeretioi

145 5088 282 5161 indicandi
303 5099 375 5159 sunt,
391 5090 437 5160 qui
452 5104 502 5145 noc
517 5090 623 5158 timent,
639 5104 691 5145 nec
706 5088 774 5145 alios
789 5089 881 5146 timere
905 5090 946 5144 si-

148 5186 215 5233 nunt
231 5176 303 5248 quud
318 5177 424 5234 Veritas
452 5178 510 5234 sit:
534 5179 595 5234 allisi
622 5177 809 5237 ubundaverit
828 5179 946 5250 justitio

149 5270 242 5324 uestra
255 5269 320 5339 plus
335 5283 421 5340 quum
428 5267 591 5325 8011101011
600 5267 878 5332 aufl'fturt'roeorum,
890 5284 947 5323 aton

151 5355 298 5411 intrabitis
314 5357 344 5412 ist
373 5371 490 5429 reguum
504 5358 650 5414 celorum.
661 5354 689 5412 Si
708 5357 778 5412 enim
793 5356 903 5429 augelus
916 5356 949 5411 de

151 5443 222 5503 eoelo
236 5445 462 5518 evangelizaverit
484 5445 559 5502 aliter
572 5461 653 5517 quam
670 5446 883 5517 evangelizatum
897 5451 947 5515 est,

994 2958 1106 3029 ltegulae
1127 2973 1302 3029 perseverare
1327 2959 1467 3028 voluisset,
1496 2959 1717 3032 impedimentum
1750 2969 1797 3017 aut

996 3048 1144 3104 molestiam
1159 3049 1276 3119 aliquam
1292 3056 1438 3121 pateretur.
1455 3051 1526 3106 Luce
1540 3064 1605 3106 vero
1629 3047 1728 3105 elarius
1741 3057 1792 3114 est,

995 3146 1125 3208 quantum
1154 3137 1182 3191 in
1201 3152 1296 3193 eorum
1334 3137 1559 3194 excellentissima
1593 3139 1795 3197 conversatione

996 3225 1077 3280 totius
1099 3225 1240 3296 Evangelii
1268 3227 1367 3280 veritas
1389 3226 1648 3282 elucescit.Prolixo
1673 3237 1700 3282 et
1724 3242 1796 3297 peno

994 3311 1137 3370 fastidioso
1151 3327 1277 3368 sermone
1291 3312 1333 3367 usi
1349 3328 1443 3369 sumus
1459 3331 1465 3368 :
1481 3315 1637 3384 quiastatus
1654 3315 1796 3370 monacho·

995 3417 1054 3456 rum
1068 3407 1239 3464 eaeterorum,
1254 3401 1299 3470 qui
1321 3401 1444 3456 fortassis
1459 3401 1530 3457 fraud
1549 3402 1676 3472 placebit,
1690 3401 1796 3471 iudicio

995 3504 1059 3544 sane
1071 3487 1260 3560 designandus
1279 3503 1339 3542 esse
1362 3487 1515 3559 videbatur,
1536 3505 1581 3554 00,
1611 3505 1689 3546 00000
1716 3504 1796 3561 quam

994 3575 1116 3648 contigit,
1145 3575 1301 3632 aemulorum
1323 3576 1508 3651 divulgaretur
1520 3576 1633 3647 iudicio.
1656 3577 1750 3634 Valeat
1769 3578 1796 3632 in

994 3665 1100 3722 Christo
1114 3664 1251 3722 Sanctitas
1268 3673 1367 3720 vestra.

1239 3752 1404 3810 aristote
1426 3752 1545 3810 cnxct.

995 3859 1131 3901 rnsrnnnr
1144 3858 1259 3899 usatrts
1273 3857 1646 3918 oman-vtttartsrsraartt
1658 3859 1694 3899 un
1707 3860 1798 3908 00011·

1210 3944 1267 3985 nttt
1282 3942 1397 3984 ontttrvts
1411 3944 1454 3985 sut
1470 3943 1599 3985 1011το11

1030 4018 1194 4074 111οτ00003
1207 4015 1335 4087 indignus
1345 4031 1441 4071 servus
1456 4026 1483 4071 et
1499 4018 1582 4072 abhas
1603 4019 1794 4074 monachorum

994 4104 1277 4170 Clare-Vallensium,
1286 4103 1320 4159 N.
1329 4103 1421 4158 abbati
1436 4103 1549 4161 salutem
1561 4105 1660 4160 inlesa
1677 4107 1795 4171 Christo,

995 4204 1024 4250 et
1036 4195 1159 4266 spiritum
1170 4191 1282 4262 majoris
1294 4193 1458 4262 evangelicae
1468 4193 1643 4263 paupertatis.

1033 4288 1058 4338 l.
1076 4283 1170 4339 Relatu
1184 4283 1252 4349 ejus,
1267 4282 1315 4350 qui
1331 4290 1387 4335 tarn
1403 4283 1500 4336 animae
1514 4289 1612 4339 vestrae
1632 4283 1799 4352 compatitur

996 4387 1076 4444 quam
1095 4385 1143 4428 vos
1167 4368 1289 4440 corporis
1316 4368 1489 4439 appetitibus,
1510 4380 1604 4425 notum
1633 4369 1712 4425 nohis
1739 4381 1792 4431 est,

997 4460 1070 4532 quod
1098 4471 1146 4515 vos
1171 4466 1225 4511 tam
1253 4455 1374 4527 Regulae,
1412 4473 1493 4529 quam
1527 4459 1642 4530 exempli
1671 4458 1697 4511 in
1737 4471 1798 4511 mo·

998 4550 1146 4603 nachorem
1175 4555 1325 4600 vestrorum
1356 4545 1443 4601 oculis
1476 4546 1627 4602 exhibendi
1650 4545 1737 4614 obliti,
1769 4544 1798 4598 in

997 4635 1133 4704 hospitum
1147 4633 1359 4689 domomensam
1379 4632 1521 4703 instruitis,
1541 4632 1684 4689 desideriis
1697 4633 1798 4686 vestris

998 4722 1179 4794 indulgentes,
1203 4721 1356 4790 hospitibus
1385 4721 1591 4778 deficientibus:
1606 4730 1632 4776 et
1648 4720 1675 4774 in
1699 4722 1798 4774 vestitu

999 4819 1026 4868 et
1045 4811 1121 4867 lectis
1136 4809 1222 4883 magis
1241 4808 1353 4865 divitem
1372 4810 1529 4881 epulonem,
1544 4825 1624 4882 quam
1649 4824 1797 4880 pauperem

999 4902 1131 4957 Lanarum
1145 4899 1299 4968 imitamini,
1315 4913 1368 4955 non
1383 4901 1561 4955 recordantes
1581 4915 1703 4970 pennam,
1718 4915 1798 4971 quam

999 4998 1085 5052 Deum
1100 4996 1181 5066 hujus
1194 4994 1256 5048 vitae
1272 4993 1445 5051 felicitatibus
1460 4995 1559 5051 innixis
1574 4995 1701 5049 minatur.
1732 4995 1798 5050 Pru·

1001 5084 1081 5152 fecto,
1097 5083 1145 5139 filii
1160 5091 1187 5138 et
1202 5083 1295 5151 frater,
1309 5098 1408 5154 parum
1424 5082 1506 5139 refert
1520 5085 1571 5139 hoc
1586 5083 1679 5140 habitu
1694 5081 1797 5148 vestiri,

1005 5180 1036 5228 ut
1050 5172 1156 5227 inferno
1170 5170 1427 5243 quisdemergatur.
1445 5171 1506 5226 alio
1531 5171 1603 5226 enim
1626 5185 1792 5240 quoeunque

1002 5261 1114 5317 liberior
1143 5260 1281 5333 patetvia,
1298 5268 1325 5315 et
1353 5259 1441 5329 latior,
1466 5277 1519 5332 qua
1546 5259 1686 5315 ambulare
1713 5266 1798 5327 potes.

1002 5348 1225 5421 Quandoquidem
1238 5362 1304 5405 vero
1318 5349 1392 5404 Deus
1404 5348 1435 5403 ad
1452 5351 1522 5405 buno
1537 5357 1561 5404 te
1577 5349 1691 5411 vocavit,
1709 5346 1736 5401 in
1747 5347 1800 5400 hoc

1003 5439 1140 5506 incumbo,
1153 5454 1186 5492 ne
1200 5437 1327 5494 meritum
1341 5438 1450 5508 perdas.
1475 5439 1619 5509 Nunquam
1635 5436 1706 5491 enim
1730 5435 1801 5490 intra
