3728 5940
56 207 110 267 385
790 210 968 273 tristata.

54 331 188 388 universa
211 337 289 385 terrae
319 336 411 386 secuta
434 338 485 386 est.
511 330 539 387 Si
568 331 632 403 quid
656 333 720 389 zela
737 343 892 431 urgenteg
1103 336 1272 394 nrtsrott
1292 337 1402 396 CCXXI
1416 339 1502 411 (576).

55 419 147 492 erupit
162 418 234 490 quod
249 434 304 474 non
315 419 375 487 fuit,
386 429 430 476 aut
444 436 523 477 secus
536 421 678 492 quam,fnit
689 422 851 495 dicendum;
1208 426 1245 464 ΑΙ)
1259 423 1386 466 EUNDEM·

40 508 103 581 sit,
118 522 222 580 queso,
241 507 315 578 apud
336 524 385 563 ros
407 508 483 580 quasi
506 524 562 564 non
581 508 683 564 dictum
703 527 709 564 :
726 512 772 566 ubi
787 527 853 570 vcro
912 496 985 554 Unde
999 513 1093 569 iufra·
1112 526 1142 538 ·
1159 499 1287 556 Graviter
1301 500 1467 559 Ludmfflm
1482 517 1574 582 7⁶de
1589 509 1695 583 adduit,

79 597 111 607 ..
331 596 336 606 .
469 598 473 608 .
598 597 761 610 ···-
1017 585 1116 629 ,ot
1196 588 1269 626 ss
1357 615 1361 621 ,
1676 582 1680 589 ’

382 607 407 652 t
944 569 1700 697 ιι

943 709 1064 776 diorum,
1080 710 1209 782 deinceps
1219 713 1307 768 solies
1319 717 1447 771 veritalis
1456 721 1620 786 patronam,
1634 733 1697 774 rme.

253 824 423 882 EPISTOLA
448 826 546 883 CCXX
560 828 657 900 (574¹).
943 796 1001 835 eon
1017 780 1235 850 malefactorum
1255 785 1317 854 ejas
1337 788 1438 841 testem
1451 788 1522 855 sore.

945 870 970 920 t.
987 867 1043 923 Scit
1058 869 1131 925 Deus
1144 878 1273 941 quantum
1289 886 1347 942 tos,
1363 888 1396 927 ex
1406 888 1469 943 ,quo
1483 874 1555 941 novi,
1570 875 1660 942 dilexi,
1674 885 1701 933 et

194 964 231 1005 tn
248 965 405 1006 sunericus
420 966 516 1007 aucant
531 966 716 1008 rntnnoanrt.
908 963 1024 1011 vestrum
1045 957 1174 1012 honorem
1198 958 1272 1015 volui
1296 978 1304 1016 ε
1325 961 1397 1017 scitis
1416 976 1467 1018 vos
1487 974 1587 1034 quanto
1609 965 1702 1020 labora

57 1058 275 1131 faiquamreqis
290 1058 512 1130 postulationem
526 1057 854 1128 incoasollodrtlfirejt'·
909 1055 1060 1118 (tuamque
1088 1046 1268 1104 ⁵⁰¹¹i⁰st¹¹di¹¹0
1292 1058 1348 1106 ²0¹⁰
1374 1066 1445 1105 ³ss⁰0
1468 1051 1602 1121 Psaeiefim
1625 1069 1701 1125 quae·

94 1131 144 1192 cil,
164 1144 281 1186 monens
296 1129 426 1185 camdem
440 1132 813 1200 rtoeprcmereinttoccates,
826 1132 854 1184 et
907 1132 999 1187 rendae
1019 1133 1078 1204 paci
1097 1143 1193 1190 restrae
1214 1135 1395 1202 interdiana
1418 1154 1477 1193 cunt
1498 1138 1556 1193 aliis
1577 1138 1702 1196 fidelibus

95 1200 325 1256 ffriissfssdfflflra
343 1215 372 1255 ὅθ
385 1202 486 1271 Regem
500 1216 674 1272 willemum·
907 1218 1012 1275 vestris.
1033 1219 1126 1276 Timeo
1148 1231 1238 1278 autem
1258 1240 1292 1279 ne
1314 1224 1373 1281 sine
1392 1241 1473 1281 causa
1491 1226 1703 1285 laboraverimus

95 1309 121 1358 t.
137 1304 267 1360 Libenter
282 1303 400 1376 quidem,
415 1304 484 1360 sicut
512 1306 571 1378 ipse
594 1306 671 1363 fateri
693 1305 852 1379 dignamini,
907 1305 934 1360 in
950 1306 1036 1364 tobis.
1060 1309 1116 1365 Vos
1134 1325 1259 1383 namque,
1277 1319 1307 1368 ut
1327 1314 1501 1371 manifestum
1519 1324 1570 1383 est,
1592 1332 1608 1372 a
1629 1316 1702 1374 bono

56 1393 140 1449 etiam
155 1393 267 1466 propria
286 1399 430 1448 attestante
443 1393 620 1460 conscientia,
635 1410 695 1466 quae
709 1396 743 1449 ad
766 1393 853 1450 hono·
907 1405 934 1451 et
947 1410 1013 1451 sano
1027 1397 1139 1454 oonsilio
1162 1401 1234 1470 quod
1253 1403 1428 1472 acceperatis,
1444 1403 1557 1459 nimium
1581 1405 1634 1463 cito
1654 1406 1700 1460 ni·

59 1498 116 1536 rem
132 1490 251 1536 vestrum
265 1486 291 1536 et
304 1480 380 1553 regni
397 1480 478 1536 rastri
492 1481 633 1538 utilitatem
648 1491 781 1556 spectant,
804 1497 853 1554 pro
906 1483 1047 1556 miumque
1068 1483 1163 1540 feriter
1186 1485 1296 1543 resilitis
1315 1504 1322 1546 :
1339 1489 1418 1545 etad
1437 1491 1507 1545 maia
1526 1490 1625 1563 priora,
1641 1506 1702 1562 quae

56 1578 153 1625 nostro
172 1571 276 1641 exiguo
299 1585 388 1641 posse,
413 1577 440 1625 et
463 1570 618 1641 querimus,
642 1581 668 1626 et
689 1586 852 1642 queremus.
907 1571 1009 1626 dudum
1028 1587 1083 1628 non
1101 1572 1236 1629 immerito
1255 1586 1425 1648 perpetrasse
1448 1593 1499 1634 vos
1523 1579 1701 1651 plangebatis,

58 1659 194 1716 Caeteram
219 1656 292 1727 quod
318 1664 416 1714 nostre
441 1658 583 1715 humilitati
606 1657 749 1730 querimini
766 1657 855 1730 'super
870 1631 893 1711 fl
907 1659 995 1716 adhuc
1008 1660 1160 1716 recentibus
1175 1662 1228 1717 illis
1248 1662 1345 1736 plagis,
1366 1680 1483 1733 rursum,
1499 1671 1529 1721 ut
1543 1668 1633 1734 audio,
1649 1683 1704 1722 ne·

57 1747 229 1802 anathemate
253 1761 314 1801 mox
338 1746 492 1803 innovando
510 1747 537 1802 in
561 1747 687 1804 comitem
710 1746 854 1803 hadulfum
908 1749 965 1806 scio
979 1765 1033 1821 quo
1056 1750 1188 1806 diabolico
1210 1751 1333 1818 consilio,
1349 1753 1492 1814 festinatis.
1515 1754 1539 1810 Δ
1559 1770 1613 1828 quo
1630 1756 1702 1811 enim

57 1836 145 1906 (575),
162 1844 189 1890 ιι
204 1835 285 1890 vultis
305 1852 347 1891 me
364 1836 428 1891 dare
443 1852 553 1908 operam
567 1837 730 1893 omnimodis
747 1845 776 1892 ut
801 1852 855 1893 non
909 1836 961 1892 nisi
981 1839 1119 1895 adiabolo
1137 1840 1283 1910 procedere
1295 1842 1346 1896 boc
1359 1841 1501 1897 consilium
1515 1843 1640 1911 dixerim,
1655 1860 1705 1915 per

58 1922 115 1989 liat,
130 1925 165 1979 ob
181 1923 264 1978 multa
277 1924 348 1978 mala
362 1941 422 1996 quae
435 1934 561 1982 secutura
575 1926 637 1981 inde
653 1925 764 1998 putatis,
779 1940 857 1997 pror·
908 1928 980 1997 quod
996 1925 1024 1981 fit
1046 1934 1074 1981 ut
1088 1928 1219 1983 incendiis
1237 1928 1371 1997 incendia,
1387 1930 1540 1986 homicidiis
1559 1931 1704 1986 homicidia

61 2029 109 2069 sus
123 2029 179 2069 non
192 2013 272 2069 video
287 2014 423 2085 quomodo
436 2014 547 2086 implere
562 2015 676 2088 possim,
688 2025 716 2072 et
728 2015 855 2071 mandato
910 2014 1043 2071 addantur
1060 2016 1145 2088 (577),
1166 2016 1269 2072 ιιιιιιοι
1283 2017 1373 2073 denuo
1392 2034 1552 2090 pauperum,
1567 2028 1594 2077 et
1614 2020 1705 2093 gemi-

58 2102 175 2159 0bviare
198 2104 371 2173 apostolico:
397 2105 468 2174 quod
488 2104 537 2158 etsi
556 2120 676 2176 possem,
699 2119 753 2161 non
776 2103 856 2159 video
909 2109 955 2158 tus
973 2104 1199 2173 compeditorum,
1215 2114 1242 2160 et
1257 2105 1366 2176 sanguis
1379 2105 1581 2164 interfectorum
1594 2109 1705 2165 auribus

59 2191 133 2263 quod
150 2191 343 2247 rationabiliter
357 2206 475 2261 possem.
490 2191 575 2250 Doleo
594 2193 705 2264 quidem
718 2193 752 2248 de
765 2192 854 2259 malis,
910 2204 1056 2263 personent
1072 2194 1159 2248 Patris
1173 2196 1367 2266 orphanorum,
1383 2203 1410 2251 et
1424 2196 1524 2254 iudicis
1538 2197 1704 2254 viduarum?

59 2282 85 2336 si
104 2281 167 2337 inde
180 2283 361 2353 proueniant:
387 2281 433 2336 sed
456 2297 509 2338 non
530 2284 590 2338 ideo
613 2290 701 2337 tamen
725 2283 856 2338 debemus
912 2280 1000 2348 (Ptol.
1017 2297 1104 2352 nxvtr,
1120 2285 1160 2352 6.)
1184 2282 1266 2338 Plane
1288 2284 1330 2339 his
1344 2285 1440 2340 hostiis
1462 2286 1547 2340 hostis
1567 2286 1614 2341 ille
1632 2287 1704 2341 anti-

58 2369 149 2425 facere
166 2369 243 2440 mala,
259 2377 288 2424 ut
304 2369 413 2427 veniant
428 2371 508 2426 hona.
529 2371 619 2426 Satius
643 2371 781 2441 tutiusque
804 2370 856 2425 hac
910 2384 981 2439 quus
995 2371 1079 2424 nostri
1095 2371 1200 2441 generis
1217 2370 1377 2442 oblectatur,
1393 2374 1519 2441 quoniam
1540 2373 1599 2444 ipse
1613 2375 1704 2431 homi-

60 2467 144 2514 totum
160 2457 280 2530 profecto
295 2460 488 2532 omnipotentis
512 2461 562 2516 Dei
574 2460 678 2529 jndicio
693 2469 720 2516 et
742 2459 858 2530 disposi-
908 2457 969 2510 cida
983 2465 1025 2510 est
1047 2458 1081 2511 ab
1095 2457 1170 2512 initio
1190 2459 1356 2528 (doemunt,
1377 2460 1433 2531 bf).
1451 2461 1483 2514 Et
1505 2462 1585 2516 nolite
1606 2461 1704 2518 frustra

59 2547 127 2602 tioni
143 2547 330 2618 relinquimus,
347 2548 393 2620 qui
407 2555 496 2619 potest
511 2547 600 2603 facere
614 2556 644 2602 ut
658 2557 685 2603 et
700 2550 772 2603 bona
795 2560 856 2616 quae
910 2542 1079 2599 occasionem
1101 2560 1207 2602 sumere
1228 2546 1262 2601 de
1280 2548 1376 2602 comite
1395 2547 1552 2604 Theobaldo
1567 2549 1602 2604 ad
1620 2566 1704 2608 ercu-

59 2634 120 2706 ipse
132 2634 189 2689 vult
209 2634 277 2702 fieri,
292 2635 356 2689 fiant
369 2647 395 2691 et
410 2644 557 2701 inaneant,·
573 2643 600 2690 et
622 2636 692 2689 mala
707 2649 768 2705 quae
794 2629 858 2687 mali
910 2630 1009 2686 sandas
1023 2632 1211 2688 excusationes
1223 2633 1251 2688 in
1267 2633 1382 2704 peccatis
1397 2637 1483 2705 (Psol.
1501 2652 1566 2706 cxc,
1582 2640 1622 2709 ι),
1641 2654 1705 2694 cum

60 2722 277 2792 moliuntur‚non
289 2725 400 2780 veniant
411 2742 417 2789 ;
428 2735 474 2781 aut
488 2735 560 2781 certe
575 2724 603 2779 in
613 2738 660 2779 eos
669 2723 745 2795 ipsos
755 2721 855 2793 potius,
910 2717 951 2773 tir
965 2719 1009 2773 ille
1018 2727 1140 2790 paratum
1155 2721 1276 2786 sedicet,
1292 2732 1319 2778 et
1333 2722 1384 2779 hoc
1398 2723 1561 2780 omnimodis
1574 2726 1704 2797 depreoe·

61 2812 110 2884 qui
124 2828 156 2868 ea
170 2813 264 2867 volunt
280 2820 306 2868 et
322 2820 456 2884 quaeruut,
466 2813 585 2869 veniant.
910 2815 965 2873 tur,
983 2806 1074 2862 venire
1088 2807 1121 2862 ad
1134 2810 1327 2866 ιιιιιιιιιίοιιιι
1347 2827 1407 2882 quaa
1426 2811 1495 2866 inter
1509 2828 1558 2868 vos
1572 2829 1704 2870 cucurre-

98 2903 125 2957 2.
144 2899 227 2955 Valde
241 2907 331 2955 autern
355 2899 494 2956 contristat
517 2916 559 2955 me
574 2914 658 2955 unum
677 2899 751 2970 quod
769 2901 797 2954 in
811 2899 859 2955 lit·
874 2905 896 2986 g
911 2902 971 2950 runt
993 2896 1100 2966 quando
1115 2895 1187 2952 facta
1208 2904 1249 2955 est
1273 2915 1335 2971 par,
1361 2907 1388 2955 et
1406 2900 1553 2957 secuudum
1571 2901 1704 2972 judicium

60 2988 128 3045 teris
142 2996 236 3046 vestrae
260 2988 433 3044 Celsitudinis
456 2988 619 3054 continetur,
638 2991 709 3059 quod
732 2989 857 3044 videlicet
911 2984 1079 3057 diligentium
1109 3001 1207 3042 nomen
1239 2996 1368 3053 vestrum,
1398 3003 1490 3044 eorum
1527 2991 1630 3046 scilicet
1658 2992 1703 3061 qui

62 3076 160 3131 debeat
173 3076 282 3132 obviare
301 3093 343 3132 res
359 3078 408 3132 ista
417 3076 482 3149 psci
499 3076 577 3133 factae
596 3078 666 3134 inter
681 3093 737 3143 ,vos
756 3087 783 3135 et
806 3094 856 3136 00-
911 3073 1071 3129 mediatores
1090 3073 1160 3129 inter
1174 3089 1223 3130 ros
1239 3077 1410 3143 exstiterunt,
1425 3092 1475 3148 per
1489 3076 1579 3131 omnia
1593 3076 1704 3132 satista-

61 3166 158 3218 mitem
173 3165 364 3220 Theobaldum,
382 3167 423 3220 hu
439 3164 550 3221 nescitis
567 3181 615 3223 vos
630 3168 748 3239 graviter
767 3168 856 3223 offen·
911 3176 971 3217 ecre
989 3162 1062 3232 velit,
1075 3169 1115 3232 ut,
1130 3164 1152 3217 si
1168 3163 1394 3232 praevaricationis
1412 3163 1480 3218 forte
1501 3165 1534 3219 ab
1549 3163 1615 3237 ipsis
1627 3180 1705 3236 argui

62 3252 135 3307 disse
148 3252 177 3307 in
191 3267 223 3309 eo
234 3254 306 3325 quod
321 3269 413 3310 comes
423 3254 596 3311 theobaldus
610 3255 738 3312 violentia
752 3272 858 3330 guerrae
911 3250 1008 3322 poterit
1031 3253 1114 3325 (quod
1130 3268 1184 3308 non
1204 3252 1350 3323 existimat)
1364 3254 1502 3324 canunuo,
1522 3254 1556 3308 ad
1575 3255 1705 3310 honorem

62 3351 159 3396 vestrae
167 3350 259 3397 contra
269 3344 355 3399 Deum
366 3343 530 3411 etjustitiam
537 3346 630 3415 jurare
639 3344 795 3417 compulsus
805 3353 864 3414 est,
909 3351 1029 3398 vestrum
1044 3342 1180 3412 corrigere
1196 3356 1249 3398 uon
1263 3351 1412 3400 cunctetur.
1779 3419 1782 3424 Ι

62 3444 119 3484 non
140 3431 228 3486 solum
242 3432 305 3504 quia
318 3440 458 3504 quareret,
470 3434 518 3488 sed
531 3433 677 3503 etiamquia
691 3431 809 3490 afficeret
829 3440 859 3488 ut
947 3432 974 3483 Ξ.
990 3430 1090 3487 Verum
1107 3445 1156 3485 vos
1170 3445 1221 3485 nec
1234 3432 1314 3486 rerba
1328 3429 1402 3502 pacis
1416 3430 1546 3503 recipitis,
1563 3447 1613 3489 nee
1627 3437 1705 3504 pacta

63 3517 209 3588 pradictus
228 3535 318 3575 comes
332 3519 462 3575 Radulfus
480 3529 507 3576 et
520 3527 591 3577 terra
605 3522 664 3591 eius
675 3521 858 3577 tamindebite
911 3526 1000 3573 restra
1021 3519 1127 3588 tenetis,
1147 3533 1198 3575 neo
1212 3520 1285 3574 sanis
1302 3519 1423 3575 consiliis
1442 3520 1632 3592 acquiescitis:
1656 3519 1704 3578 sed

63 3606 195 3662 imolam
221 3607 310 3662 illicite
336 3607 545 3663 absolveretur?
569 3609 639 3677 Quid
658 3610 754 3666 iterum
779 3610 859 3666 vultis

64 3703 208 3766 peccatum
230 3701 340 3763 peccato
361 3693 471 3759 addere,
496 3695 609 3750 stiram
631 3696 683 3751 Dei
707 3713 790 3768 super
810 3713 860 3753 ros

65 3783 153 3851 (quod
164 3781 234 3835 absit
243 3779 262 3850 l)
273 3779 455 3837 accumulare?
465 3781 534 3849 Quid
546 3782 667 3854 peccavit
676 3798 767 3839 comes
775 3783 861 3840 Theo

64 3869 170 3937 baldus,
186 3877 216 3924 ut
228 3868 296 3922 iram
310 3878 426 3924 vestram
445 3884 552 3925 rursum
566 3870 703 3927 incurrere
725 3877 861 3927 mereatur

912 3605 1068 3678 nescioquo
1090 3608 1140 3662 Dei
1158 3606 1273 3674 judicio,
1293 3609 1384 3664 omnia
1404 3609 1481 3665 vohis
1503 3609 1539 3664 ita
1557 3609 1661 3665 vertitis
1676 3611 1704 3664 in

913 3707 1080 3761 perversum,
1090 3702 1120 3749 ut
1131 3693 1228 3765 probra
1243 3695 1385 3762 honorem,
1396 3695 1525 3752 honorem
1541 3695 1641 3768 probra
1655 3696 1706 3752 du-

913 3779 991 3851 catis,
1007 3788 1065 3836 tuta
1083 3781 1211 3851 timeatis,
1232 3781 1349 3838 timenda
1362 3785 1539 3840 contemnatis
1553 3802 1560 3843 :
1576 3795 1613 3852 et,
1632 3784 1709 3856 quod

914 3867 977 3920 olim
988 3873 1080 3922 saneto
1089 3875 1115 3922 et
1129 3868 1247 3938 glorioso
1258 3868 1316 3940 regi
1326 3869 1413 3925 David
1425 3869 1492 3925 Joah
1501 3871 1600 3942 legitur
1610 3886 1709 3942 expro-

64 3957 113 4028 qui
128 3968 153 4012 et
168 3956 365 4013 absolutionem
379 3956 485 4014 comitis
498 3957 615 4030 hadulfi,
631 3958 693 4016 licet
716 3960 858 4032 injustam,
914 3954 1017 4024 brasse,
1033 3953 1145 4026 diligitis
1161 3953 1269 4025 eosqui
1281 3968 1331 4010 ros
1345 3954 1471 4023 oderunt,
1488 3962 1515 4011 et
1529 3958 1590 4014 odio
1603 3956 1708 4012 habetis

64 4044 135 4099 sicut
150 4043 233 4109 scitis,
252 4052 326 4099 tanto
345 4045 436 4100 labore
449 4052 475 4099 et
495 4045 651 4102 difficultate
674 4046 810 4117 obtinuit;
834 4054 862 4103 et
915 4040 1021 4114 eosqui
1044 4057 1093 4098 vos
1113 4040 1225 4114 diligere
1246 4040 1338 4097 volunt
1353 4043 1393 4112 (ll
1408 4046 1472 4114 fleg·
1487 4058 1549 4110 nux,
1564 4043 1603 4117 t).
1614 4045 1710 4115 Neque

66 4130 214 4185 reditivam
229 4132 542 4199 excommunicationem,
563 4135 688 4207 quamtis
709 4136 859 4205 justissime
915 4131 987 4185 enim
1001 4129 1047 4202 qui
1062 4145 1109 4186 ros
1130 4129 1261 4202 instigant
1275 4128 1391 4199 priorem
1410 4131 1507 4187 iterare
1522 4132 1649 4187 malitiam
1663 4132 1710 4187 ad·

67 4220 231 4287 redeuutem,
247 4236 297 4275 nec
312 4219 398 4277 2⁰4
421 4222 553 4293 quaesivit,
570 4239 620 4280 nec
645 4227 751 4296 quaerit,
767 4231 860 4296 utpote
877 4182 901 4261 ῃ
916 4235 1010 4276 versus
1025 4233 1079 4274 non
1094 4226 1250 4284 merentem,
1264 4220 1429 4290 quaerentia
1448 4222 1499 4277 hoc
1518 4221 1648 4277 honorem
1663 4236 1711 4279 ve·

66 4307 139 4378 quod
155 4308 248 4363 timore
262 4317 353 4364 vestro
368 4310 449 4366 etiam
472 4310 624 4380 abjuratit‘l
637 4312 734 4382 Nolite,
759 4328 862 4385 queso,
915 4316 1010 4377 strum,
1032 4307 1081 4362 sed
1099 4322 1177 4362 suum
1196 4307 1380 4377 commodum,
1401 4308 1455 4363 imo
1474 4322 1524 4365 nee
1537 4324 1617 4365 suunt
1631 4324 1709 4365 com·

66 4390 163 4464 nolite,
187 4397 296 4453 domine
311 4399 346 4450 mi
368 4398 436 4468 Rex,
453 4397 523 4472 Regi
542 4408 644 4466 vestro,
665 4400 720 4457 imo
740 4401 859 4457 omnium
915 4397 1036 4462 modum,
1047 4393 1422 4463 seddiabofiroluntatem3ut
1431 4395 1515 4469 Regis
1523 4396 1606 4468 (quod
1616 4397 1709 4471 absitl)

67 4481 218 4550 Conditori,
233 4491 287 4536 tam
301 4484 439 4540 evidenter
449 4485 477 4541 in
491 4501 541 4542 suo
554 4503 639 4561 reguo
655 4496 682 4545 et
691 4488 720 4544 in
734 4505 783 4545 sua
796 4506 858 4562 pos·
919 4483 1065 4557 potentiam
1076 4484 1199 4555 concepti
1211 4482 1309 4539 furoris
1318 4485 1435 4540 habeant
1444 4484 1621 4553 effectricem,
1629 4501 1710 4556 quem

68 4573 192 4626 sessione
207 4573 305 4628 audere
324 4573 458 4639 resistere,
474 4583 502 4628 et
515 4591 625 4632 manum
641 4578 787 4634 extendere
808 4585 864 4635 tam
918 4573 975 4628 suis
985 4589 1014 4628 se
1024 4587 1103 4642 posse
1113 4572 1260 4642 adimplere
1268 4573 1370 4628 viribus
1381 4589 1435 4628 nou
1449 4572 1598 4644 confidunt,
1609 4573 1711 4629 inimici

67 4660 202 4730 frequenti
215 4670 243 4716 ιι
260 4662 402 4718 temerario
415 4679 483 4718 ausu
497 4663 640 4722 adversum
663 4667 821 4738 terribilem,
837 4675 863 4722 et

68 4763 130 4803 eum
145 4752 192 4819 qui
205 4748 292 4804 aufert
310 4750 435 4823 spiritum
449 4751 601 4826 principum
625 4753 767 4811 terribilem
788 4754 861 4825 apud

69 4852 149 4906 reges
165 4846 251 4892 terrac.
269 4838 372 4894 Acriter
386 4841 493 4912 loquor,
508 4843 570 4912 quia
588 4842 692 4897 acriora
706 4843 783 4898 robis
804 4843 862 4899 for-

68 4924 160 4979 mido:
177 4927 248 4998 quod
268 4943 321 4982 non
336 4928 370 4983 ita
394 4929 568 4985 vehementer
591 4928 726 4996 timerem,
740 4928 794 4984 nisi
813 4945 863 4986 vos

67 5014 242 5071 vehementer
253 5015 406 5089 diligerem.

105 5133 181 5203 (att)
196 5130 299 5203 Scripta
314 5149 383 5189 anno
397 5133 496 5189 Christi
507 5137 587 5190 ttta.

104 5204 178 5274 (575)
203 5204 313 5257 Duabus
340 5220 373 5259 ex
395 5204 482 5260 causis
504 5205 663 5278 indignatus
686 5211 728 5262 est
757 5221 804 5262 rex
828 5207 864 5262 ob

68 5276 210 5330 anathema
225 5274 340 5329 hadulfo
354 5274 508 5329 inflictum:
531 5276 658 5332 nimirum
673 5287 700 5332 et
721 5280 793 5348 quod
807 5276 863 5332 tta-

67 5348 160 5401 dulfus
175 5347 234 5415 ejus
249 5355 381 5416 cognatus
395 5351 462 5410 erat,
474 5353 542 5401 teste
553 5348 718 5404 herimanno
729 5349 864 5405 monacho

68 5415 253 5543 Torpaoensn
268 5424 295 5473 et
309 5419 381 5489 quod
396 5430 519 5474 sororem
538 5416 640 5492 regine
657 5421 863 5492 superduxerat,

69 5503 103 5544 ex
135 5498 204 5544 tufts.

917 4677 1023 4718 corouae
1042 4670 1148 4729 testrae,
1165 4661 1242 4731 regni
1256 4661 1468 4717 manifestissimi
1484 4662 1642 4717 turbatores.

951 4753 978 4805 3.
995 4749 1030 4804 Αι
1043 4749 1173 4821 quidquid
1187 4748 1264 4804 vobis
1278 4750 1312 4805 de
1327 4766 1412 4822 regno
1425 4757 1524 4821 vestro,
1535 4752 1570 4805 de
1584 4748 1712 4806 animast

917 4852 1015 4894 corona
1042 4848 1131 4893 restra
1154 4837 1244 4892 facete
1272 4838 1386 4909 placeat,
1417 4853 1466 4892 nos
1493 4837 1623 4893 Ecclesia
1651 4837 1709 4905 filii,

918 4928 1010 4982 matris
1023 4925 1145 4996 injurias,
1167 4934 1350 4997 contemptum
1363 4937 1391 4981 ιι
1408 4925 1641 4982 conculcationem
1655 4942 1710 4982 om-

917 5015 983 5070 nino
993 5013 1165 5071 dissimulare
1179 5027 1233 5069 nou
1247 5029 1404 5086 possumus,
1421 5012 1541 5084 quelli,
1553 5021 1650 5084 preter
1663 5014 1710 5072 illa

964 5137 1028 5206 tto)
1044 5136 1149 5208 Scripta
1164 5152 1234 5193 anuo
1249 5136 1346 5192 Christi
1364 5137 1443 5191 ttta.

966 5210 1029 5279 aff)
1049 5209 1105 5264 fluo
1129 5216 1250 5280 spectant
1269 5223 1330 5279 quae
1348 5209 1487 5264 decusare
1506 5207 1635 5277 vitriaco,
1658 5223 1710 5265 una

917 5289 979 5333 cum
994 5278 1144 5346 promiscua
1160 5279 1330 5333 aiuttitudine
1344 5277 1464 5343 incenso,
1478 5277 1602 5336 dicentur
1615 5279 1643 5335 in
1660 5294 1710 5336 no-

917 5348 952 5405 tis
966 5350 1000 5403 ad
1014 5349 1155 5418 epistolam
1170 5351 1233 5416 att,
1250 5347 1322 5405 unde
1336 5349 1584 5408 vitriaco-Incensa
1599 5365 1712 5420 nomeu,

917 5419 951 5474 ad
969 5421 1127 5492 hattonem,
1146 5419 1174 5475 in
1187 5434 1260 5496 pago
1273 5419 1402 5477 Partensi.
