3728 5940
182 218 234 284 499
654 227 679 288 S.
701 227 1026 295 timiamateriis
1047 227 1362 296 mita-vittatam

366 347 533 409 aristoni
552 350 680 409 CCXClV
693 356 777 427 (785).
990 374 1041 453 fl·
1270 352 1438 411 EPISTOLA
1453 352 1593 411 CCXCVt.

234 454 271 496 ιιι
297 454 426 496 noiimuu
449 457 538 497 isnin
557 459 774 507 nucerinaniio
790 462 922 504 nniscono
1149 487 1258 528 „omo
1272 484 1400 527 omps,
1414 470 1501 557 (789),
1524 484 1578 525 ,230
1597 483 1706 527 gom,

465 545 693 591 CENWANNEW·
1066 561 1183 634 Quidam
1205 561 1318 618 clericus
1340 559 1439 615 dicitur
1467 574 1547 615 aures
1573 558 1678 614 domini
1704 557 1758 615 mei
1773 557 1832 616 cir·

181 619 349 691 Eprscopain
366 622 613 688 cenomanensem,
625 628 654 680 et
668 627 738 683 alios
753 627 886 698 Pontifici
904 646 977 689 eom·
1029 650 1220 716 eumpse,
1245 648 1348 721 aliquid
1374 655 1467 704 contra
1489 647 1647 719 episcopum
1672 663 1755 704 snum
1774 691 1782 716 ,
1807 659 1834 704 et

214 778 299 836 Ades,
327 781 471 854 episcop„
499 696 712 839 ggffi'emis
739 785 827 857 (786).
848 789 909 861 Ipse
924 796 975 858 est,
1030 753 1153 799 nostram
1168 738 1281 796 amicum
1296 753 1345 808 pro
1360 752 1409 792 sua
1423 737 1568 808 cupiditate
1587 735 1707 796 molitus.
1723 737 1756 795 Si
1778 753 1833 794 mei

180 866 204 922 si
230 869 350 939 nesciris,
380 872 414 927 d,
436 872 515 943 ,ujus
543 873 657 929 verpa„
672 881 699 929 e,
723 875 864 932 honestato
887 877 976 932 nunus
1031 831 1116 890 282
1135 836 1249 887 curaest
1262 828 1348 895 robis,
1364 841 1419 883 imo
1432 835 1545 898 iustitiae
1555 827 1614 892 Der,
1630 826 1830 901 dateoperarn,

1029 930 1059 978 ut
1079 921 1144 976 nihil
1155 920 1273 976 lucretur
1286 916 1320 973 de
1335 931 1384 973 suo
1399 915 1539 973 mendacio
1554 931 1668 972 susurro
1682 916 1831 991 malignus,

180 955 294 1059 ‘minat’
323 978 378 1062 ¹⁸⁵¹.
397 978 445 1035 qm
466 964 536 1065 wie
563 979 617 1020 ⁰⁰¹¹
646 971 720 1021 nm
739 965 890 1067 h⁰m¹⁰⁰m‘.
912 967 976 1023 uim
1029 1027 1080 1068 nec
1094 1009 1205 1065 laedatur
1223 1007 1252 1064 in
1265 1006 1355 1080 aliquo
1376 1005 1508 1063 innocens
1522 1005 1675 1079 episcopus,
1689 1014 1719 1064 et
1742 1004 1833 1064 fidelis

182 1048 293 1117 quidem
320 1052 354 1106 ab
373 1061 482 1109 ineunte
506 1061 650 1122 inventute
665 1069 714 1108 sua
727 1063 809 1111 notus
823 1065 850 1112 et
863 1056 977 1113 dilectus
1028 1099 1131 1157 amicus
1144 1098 1231 1172 (79⁰).

182 1143 233 1202 est,
249 1149 302 1192 tam
329 1153 379 1211 pro
395 1142 551 1197 memoratis
573 1141 724 1210 virtutibus,
741 1159 821 1215 quani
840 1160 890 1217 pro
918 1144 977 1201 aliis
1265 1165 1433 1225 Eppspopp
1451 1165 1598 1225 ccxcvn,

181 1225 262 1281 bonis
275 1227 397 1285 moribus
412 1231 478 1286 suis.
490 1229 517 1288 Si
538 1229 603 1303 quid
616 1230 686 1286 aliud
709 1231 868 1289 paternitati
881 1242 977 1293 vestrae

182 1315 216 1370 de
238 1332 271 1374 eo
303 1317 501 1377 insusurratum
529 1331 579 1386 est,
621 1327 666 1376 aut
691 1335 742 1396 ego
758 1319 847 1390 fallor,
872 1322 977 1380 antille

182 1407 308 1463 mentitus
335 1419 377 1466 est
403 1409 429 1465 in
457 1418 537 1482 caput
565 1425 652 1466 suuni.
673 1409 773 1466 Audite
787 1427 860 1481 eum,
875 1423 977 1470 etcum

181 1493 347 1565 plenitudine
378 1498 471 1573 gratim
495 1508 592 1556 vestrae
611 1500 748 1557 remittite.
767 1501 904 1574 Deceptus
916 1519 978 1560 sum

182 1586 265 1653 enim,
281 1586 387 1645 sibene
408 1604 462 1645 non
477 1589 559 1646 luerit
576 1590 714 1647 collocata.
741 1590 833 1646 tlbbas
848 1591 977 1648 Vindoci-

181 1676 283 1741 nensis,
313 1678 359 1750 qui
387 1679 538 1749 specialiter
553 1689 639 1737 vester
654 1689 695 1735 est
709 1680 797 1752 (787),
808 1696 936 1754 rogamus
950 1689 978 1737 ut
994 1665 1016 1743 Β

181 1774 209 1820 ιι
224 1763 282 1836 ipse
311 1767 452 1836 specialem
475 1767 593 1824 inveniat
613 1768 737 1842 gratiam,
760 1777 787 1826 et
811 1769 978 1827 rationabilis

182 1853 242 1920 ejus
274 1856 368 1924 petitio
395 1856 467 1910 haud
481 1856 616 1914 difficilem
631 1858 737 1930 assequi
755 1866 891 1916 mereatur
905 1859 978 1917 elie·

183 1948 266 1998 ctum.
282 1943 413 2000 Dominus
434 1944 640 2020 studegavensis
653 1946 733 2003 mittit
747 1947 870 2002 nuntium
884 1965 979 2017 suuni,

183 2037 210 2085 et
224 2046 273 2101 per
295 2047 324 2087 se
347 2040 374 2088 et
402 2049 450 2103 per
468 2049 519 2090 nos
532 2034 635 2106 aliquid
651 2045 755 2106 petens.
775 2035 940 2091 Exaudiatur
953 2046 980 2094 ιι

183 2117 243 2192 ipse
257 2135 306 2191 pro
325 2121 431 2191 justitia
458 2138 518 2191 sna,
532 2130 560 2179 ιι
575 2138 628 2180 ιιι
639 2123 797 2181 exaudiatur
812 2136 905 2181 contra
918 2141 979 2181 eum
1211 2101 1382 2160 EPlSTOLA
1396 2100 1549 2158 CCXCVffl
1561 2100 1650 2174 (79²)·

182 2223 294 2266 susurru
326 2211 451 2269 mendax.
472 2213 590 2283 Dignum
604 2221 645 2269 est
663 2212 735 2268 enim
751 2221 780 2269 ut
793 2215 838 2287 qni
854 2213 981 2272 omnibus
1207 2217 1243 2258 lt>
1253 2215 1384 2259 nonmurt
1401 2214 1494 2259 niatu
1507 2215 1665 2260 nucsniuii.

182 2297 282 2371 vivitis,
293 2298 419 2356 omnibus
434 2301 600 2370 promeritis
618 2302 741 2360 valeatis.
1071 2309 1181 2368 Nicotat
1194 2309 1303 2367 notarii
1320 2307 1436 2380 fraudes
1451 2312 1479 2366 et
1492 2308 1666 2381 imposturas
1680 2307 1799 2383 detepit.

431 2389 732 2448 EPISTOLACCXCV.
1070 2398 1203 2456 Nicotaus
1217 2398 1262 2454 ille
1276 2397 1354 2469 (788)
1367 2395 1462 2453 exiita
1478 2397 1570 2468 nubis,
1585 2397 1716 2471 quianon
1730 2407 1791 2454 erat
1803 2415 1834 2456 ex

235 2492 344 2536 ιοιιιιο
358 2494 482 2538 ιιιιιιο
495 2495 645 2538 cinnamis
659 2481 746 2554 (788),
761 2496 816 2538 nso
832 2493 929 2537 nonnis
1036 2487 1115 2545 nobis
1131 2503 1139 2543 ι
1154 2486 1223 2545 exiit
1236 2493 1328 2542 autem
1343 2484 1413 2542 loeda
1422 2495 1484 2555 post
1498 2501 1528 2542 se
1543 2485 1697 2559 relinquens
1709 2485 1833 2562 antigii.

511 2585 656 2642 ennecone,
1036 2578 1071 2634 Et
1084 2591 1135 2651 ega
1149 2575 1231 2649 longe
1245 2582 1307 2631 ante
1321 2574 1458 2632 bominem
1471 2590 1599 2632 noveram
1612 2594 1620 2642 ς
1635 2573 1682 2630 ιιι
1695 2584 1836 2648 exspecta·

190 2678 193 2683 ·
221 2656 267 2712 Sic
294 2658 352 2725 tibi,
385 2659 462 2732 quasi
485 2660 551 2716 mibi
585 2660 684 2728 scribo,
708 2670 735 2717 ιι
749 2662 800 2718 buc
814 2662 920 2734 quoties
934 2660 983 2719 tibi
1036 2664 1099 2721 bani
1119 2672 1150 2719 ut
1168 2670 1214 2719 aut
1235 2662 1309 2719 Deus
1323 2678 1386 2720 eum
1401 2669 1581 2736 conuerteret,
1596 2669 1642 2718 ant
1660 2662 1746 2719 instar
1757 2664 1835 2720 tude

183 2744 282 2801 scribo.
312 2747 363 2804 Ubi
391 2748 464 2803 enirn
491 2756 521 2805 ta
547 2764 586 2819 es,
601 2765 644 2806 me
668 2766 730 2806 esse
749 2748 866 2818 conlido,
882 2752 984 2824 quippe
1036 2753 1134 2826 ipsese
1153 2750 1295 2824 proderet:
1315 2750 1387 2825 quod
1400 2761 1427 2807 ιι
1443 2751 1541 2811 lactum
1555 2762 1608 2808 asi.
1624 2751 1723 2808 Praeter
1740 2748 1834 2822 libros,

184 2846 266 2902 quein
290 2841 416 2907 tanquam
448 2852 491 2891 nie
518 2837 608 2910 ipsum
631 2837 725 2911 diligo.
754 2836 782 2893 Si
805 2854 848 2896 me
862 2847 892 2897 tu
906 2855 983 2913 aque
1036 2841 1172 2910 denarios,
1186 2849 1214 2899 et
1228 2855 1326 2899 aureos
1339 2839 1448 2908 multos,
1476 2840 1504 2897 ia
1527 2841 1588 2913 ipso
1607 2839 1680 2897 exitu
1706 2841 1768 2912 eins
1794 2842 1834 2898 in·

184 2919 287 2995 diligis,
302 2923 356 2981 imo
380 2925 444 2997 qnia
468 2926 569 3002 diligis,
589 2927 651 2984 ride
666 2943 700 2983 ne
714 2927 841 2985 dominns
854 2928 985 2987 Cenoma·
1035 2939 1115 2993 renta
1137 2938 1201 2990 sunt
1222 2946 1306 3004 super
1335 2947 1399 2988 euin
1422 2929 1510 3003 sigilla
1525 2929 1584 3001 tria,
1599 2945 1681 2986 unum
1696 2929 1758 3002 ejus
1771 2926 1834 3004 pru-

183 3011 275 3068 nensis
302 3029 334 3070 ex
349 3022 376 3070 te
391 3016 475 3089 (quod
489 3016 517 3071 in
536 3028 562 3073 ta
581 3017 633 3088 est)
648 3015 677 3071 in
696 3016 787 3090 aliquo
803 3018 896 3076 redeat
910 3034 980 3076 con-
1038 3021 1138 3096 prium,
1154 3021 1268 3078 alterum
1281 3019 1392 3089 Primis,
1420 3018 1529 3076 tertium
1552 3027 1671 3075 nostrum
1690 3021 1835 3092 ipsumque

185 3100 443 3176 irisiaiusntlioquin
463 3121 517 3180 ega
532 3105 708 3164 contristarer
726 3106 753 3161 in
775 3107 980 3182 bomineqnem
1036 3110 1253 3184 nonantiqnum,
1282 3108 1330 3165 sed
1358 3106 1515 3164 novellum:
1533 3105 1604 3179 quod
1631 3116 1658 3162 et
1683 3107 1719 3164 ub
1747 3107 1835 3180 ipsius

184 3191 250 3248 satis
283 3208 333 3264 pro
347 3208 396 3248 sua
415 3193 555 3252 honestate
569 3195 666 3268 diligo,
683 3203 709 3252 ιι
732 3204 791 3253 ate
804 3197 892 3273 diligi,
908 3198 979 3268 volo,
1034 3199 1112 3259 dulos
1125 3207 1152 3256 ιι
1164 3198 1276 3256 furtivas
1288 3195 1474 3270 subreptiones
1487 3203 1593 3251 mutare
1610 3209 1699 3268 nuper
1721 3204 1834 3255 mactus

1225 1282 1532 1327 inniniisaniiaiinrisi
1546 1268 1633 1342 (791).

1032 1361 1198 1424 Monachum
1218 1364 1379 1435 apostatam
1411 1359 1602 1433 penitentem
1628 1359 1722 1434 rector·
1745 1365 1830 1437 petit.

1067 1455 1148 1510 batur
1163 1448 1345 1523 praesentium,
1365 1449 1400 1504 ad
1418 1447 1576 1520 petitionem
1597 1458 1717 1508 nostram
1730 1449 1832 1510 dudum

1031 1549 1175 1613 susceptus
1190 1540 1218 1596 in
1231 1538 1396 1597 consortium
1413 1544 1542 1607 vestrum,
1558 1538 1669 1596 stultitia
1681 1547 1711 1597 ιι
1723 1541 1832 1600 ιιιιιιιι

1032 1649 1082 1688 sua
1096 1630 1196 1702 rejecto
1213 1628 1306 1684 babitu
1324 1635 1418 1684 sancto
1440 1645 1457 1683 a
1484 1627 1562 1685 rubis
1581 1627 1656 1686 exiit.
1680 1629 1738 1687 Sed
1768 1631 1832 1703 quia

1031 1721 1127 1776 ductus
1141 1716 1310 1792 poenitentia,
1330 1725 1360 1773 ut
1385 1716 1505 1784 ridetur,
1523 1715 1613 1773 redire
1641 1717 1728 1791 cupit,
1751 1728 1779 1776 et
1801 1735 1830 1776 sa

1032 1811 1130 1867 iterum
1145 1806 1228 1879 recipi
1243 1805 1379 1863 humiliter
1394 1805 1470 1876 petit,
1489 1804 1603 1878 petimus
1615 1815 1642 1863 et
1665 1821 1718 1865 nos
1737 1816 1768 1865 ut
1781 1808 1831 1866 ite·

1032 1915 1092 1955 rum
1107 1897 1259 1969 recipiatur,
1277 1893 1482 1968 poenitentique,
1497 1909 1589 1953 amore
1603 1894 1654 1953 Dei
1673 1903 1702 1955 ιι
1725 1906 1828 1967 nostro,

1033 1987 1159 2045 introitus
1172 1995 1199 2043 ιι
1213 1984 1322 2041 habitus
1337 1999 1393 2042 non
1406 1991 1532 2060 negetur.

219 3332 295 3404 (788)
310 3332 415 3406 Scripta
427 3334 497 3390 circe
519 3336 644 3392 eumdem
656 3352 767 3393 annum.
1034 3343 1117 3400 homo
1130 3339 1321 3414 versipellis,et
1332 3336 1401 3410 pelle
1415 3337 1467 3394 sub
1480 3336 1559 3395 urina
1573 3333 1738 3460 alignandiu
1756 3355 1836 3397 mcii·

220 3406 307 3486 (786)Ι
328 3404 490 3486 Guitlelmus
518 3406 552 3463 de
576 3408 728 3491 Passavant,
743 3425 777 3465 ex
791 3409 980 3493 archidiacono
1033 3421 1088 3472 tem
1116 3420 1213 3541 tegens
1238 3410 1371 3495 lupinam,
1395 3407 1502 3466 tandein
1529 3405 1648 3481 prodiit
1677 3408 1839 3479 hypocrisin

183 3474 309 3531 Remensi
323 3490 469 3548 episcopas
493 3478 720 3546 Cenomanensis,
743 3497 822 3553 quam
843 3483 979 3554 religiosae
1033 3500 1120 3542 suani.

1169 3485 1250 3541 amsi
1279 3483 1315 3538 llo
1330 3478 1457 3538 bernardi
1479 3494 1533 3535 non
1561 3478 1644 3532 semel
1668 3479 1793 3548 abusus,
1812 3490 1841 3537 et

182 3547 245 3604 ritae
259 3545 350 3610 luerit,
379 3546 476 3604 docent
493 3548 552 3618 ejus
566 3558 627 3606 acta
642 3551 669 3606 in
680 3560 752 3607 tomo
767 3552 844 3610 tertio
858 3561 979 3610 veterum
1031 3556 1216 3628 deprehensus
1228 3498 1364 3619 infamius,
1387 3553 1480 3624 lugam
1493 3549 1605 3633 arripuit
1624 3566 1632 3602 s
1649 3556 1680 3604 ut
1706 3565 1765 3607 non
1780 3552 1840 3634 sine

183 3617 385 3685 3⁰³¹⁸⁰¹⁰fflmi
401 3636 417 3675 ὃ
429 3635 491 3693 9³3·
503 3623 567 3680 357·
1032 3643 1111 3685 causa
1119 3627 1186 3684 allas
1194 3628 1227 3684 ed
1239 3626 1393 3699 Eugenium
1402 3619 1708 3694 scripseritllemardus,
1728 3623 1840 3692 peneb-

214 3689 297 3816 )787)
311 3690 351 3746 lta
363 3706 446 3761 supra
460 3697 494 3746 de
507 3691 604 3749 Odone
616 3693 712 3749 abbate
727 3694 975 3767 Sancti-Dionysii:
1032 3708 1116 3756 tatum
1131 3714 1161 3756 se
1176 3700 1203 3756 in
1217 3697 1292 3755 lalsis
1304 3697 1444 3760 tratribus,
1459 3693 1539 3766 epist.
1548 3693 1611 3749 ast.
1636 3691 1796 3775 Profugisse
1810 3695 1839 3750 iii

188 3783 201 3814 ι
240 3760 334 3817 dliuec
344 3771 371 3818 et
383 3763 416 3827 is,
431 3762 510 3818 etilla
532 3764 784 3836 ecclesiaspacialis
798 3776 886 3823 vestra
899 3775 976 3836 ιιι»
1033 3771 1159 3844 angliam
1168 3767 1348 3826 communiter
1362 3767 1513 3825 traduntur
1529 3764 1708 3821 amasiones
1742 3763 1838 3821 usnam

185 3832 312 3889 nimirum
328 3836 400 3916 quod
430 3835 535 3890 abbatia
562 3848 589 3893 et
608 3836 780 3908 Dionysiana,
808 3847 835 3894 et
853 3839 979 3896 Vindoci-
1032 3841 1139 3899 Nicolai
1160 3841 1190 3898 s.
1210 3840 1310 3898 Albani
1334 3840 1361 3895 ιιι
1382 3837 1484 3911 Anglia
1516 3833 1714 3917 monachismi
1753 3838 1838 3918 ,lter-

184 3903 287 3973 nancis,
302 3922 345 3962 cui
355 3915 417 3963 tunc
432 3915 545 3978 praeerat
564 3909 705 3973 liebertus,
726 3909 780 3964 sint
792 3909 914 3981 proxime
928 3910 978 3966 sub
1032 3914 1112 3969 nardi
1124 3915 1181 3985 jam
1195 3928 1210 3968 e
1225 3912 1292 3969 viris
1307 3909 1393 3981 erepti
1408 3915 1572 3966 senientiam
1590 3906 1625 3961 da
1653 3905 1838 4033 Cancepuone

185 3983 318 4050 potestate
327 3985 354 4033 et
364 3977 426 4048 jure
440 3978 574 4049 pontificis
589 3981 710 4035 nomini.
1032 3985 1063 4042 B.
1083 3984 1203 4057 Virginis
1215 3981 1397 4056 impugnavit.
1417 3983 1454 4037 itt
1482 3994 1543 4035 cuin
1572 3977 1669 4060 Petrus
1694 3976 1740 4034 Cel
1753 3980 1837 4060 ensis,

221 4050 297 4119 (788)
312 4049 416 4120 Scripta
424 4051 496 4107 circa
508 4065 608 4106 annum
624 4055 745 4107 1158-
758 4051 845 4116 ilias,
861 4053 978 4109 Domino
1036 4056 1083 4128 qui
1098 4056 1128 4112 S.
1143 4056 1267 4113 Ductoris
1279 4069 1385 4110 cansam
1400 4050 1527 4109 tuendam
1549 4055 1671 4119 suscepit
1687 4089 1695 4114 ,
1723 4052 1840 4121 epistole

186 4122 272 4178 lleliie
286 4121 438 4178 cardinali.
454 4123 494 4179 De
515 4137 547 4178 ec
562 4123 693 4179 Emaldus
711 4126 739 4178 in
762 4124 829 4180 libro
843 4124 932 4196 primo
944 4125 979 4180 de
1033 4131 1068 4184 23
1078 4126 1138 4184 libri
1149 4142 1188 4194 vi,
1198 4134 1225 4182 et
1238 4124 1354 4199 epistula
1368 4122 1457 4181 slibri
1471 4140 1510 4182 ιι,
1521 4121 1603 4203 istum
1617 4119 1838 4203 Anglumroeet.

185 4190 248 4247 Vlla
261 4192 398 4258 Bttsstrdb
414 4193 490 4262 quus
501 4193 573 4264 apud
587 4194 815 4250 Claram-Vallem
829 4196 979 4250 monachus
1032 4214 1148 4271 eumque
1162 4197 1214 4254 sibi
1229 4213 1262 4253 ex
1277 4195 1335 4252 istis
1350 4196 1479 4250 duntaxat
1501 4191 1668 4264 Scriptorum
1696 4189 1836 4248 velitatio-

186 4261 274 4316 luerat
301 4263 443 4328 tiedricus,
467 4277 532 4319 tunc
556 4264 699 4322 cardinalis
724 4266 793 4321 iituli
820 4265 979 4321 Sanctorum
994 4245 1017 4322 ὓ
1032 4270 1114 4326 nibus
1127 4279 1222 4326 notum
1236 4265 1509 4334 etamicumindieet3
1526 4263 1602 4320 illum
1618 4269 1707 4320 autern
1716 4260 1839 4345 ,⁶⁸.¹¹'¹¹¹¹i

186 4332 265 4388 Nerei
279 4341 304 4388 ιι
318 4334 440 4391 Achillei.
456 4335 576 4405 Epistola
589 4336 613 4404 ej
620 4352 650 4391 us
669 4347 755 4394 exstat
768 4338 795 4393 ia
811 4346 885 4393 tomo
899 4337 980 4393 tertio
1037 4350 1065 4398 et
1082 4343 1161 4399 Petro
1176 4339 1289 4397 Cellensi
1304 4337 1474 4394 familiariter
1488 4345 1582 4393 notum
1605 4342 1632 4391 et
1651 4334 1840 4392 charissimum

187 4403 360 4461 Bibliotheca
387 4405 583 4474 Cisterciensis,
611 4423 676 4481 pag.
705 4412 769 4477 838,
808 4408 844 4465 de
863 4408 984 4480 legitima
1037 4428 1099 4470 osse
1121 4418 1271 4469 constater
1290 4409 1412 4474 epistolis
1431 4409 1501 4464 ultro
1523 4407 1647 4478 citroque
1668 4404 1701 4461 ad
1721 4404 1841 4490 ips-icem

187 4475 320 4532 electione
335 4478 480 4534 Alexandri
497 4479 542 4533 ltl.
1038 4482 1127 4539 missis
1139 4502 1148 4551 3
1161 4482 1244 4538 nlinm
1257 4482 1291 4537 ab
1305 4481 1350 4537 illu
1365 4496 1425 4536 esse
1439 4478 1578 4535 latendum
1593 4484 1656 4542 est;
1683 4485 1713 4532 nt
1733 4485 1841 4535 interm

224 4548 298 4619 (788)
310 4548 418 4606 Scilicet
431 4551 549 4622 Hugoni.
562 4548 767 4632 Videepistulas
786 4554 850 4621 287,
866 4552 930 4606 290.
1039 4562 1139 4611 taceam
1161 4553 1234 4626 quoii
1256 4552 1335 4610 stilus
1353 4552 1413 4622 ejus
1426 4565 1479 4607 nun
1501 4549 1536 4605 sii
1556 4556 1612 4605 tam
1639 4546 1766 4620 mordax,
1794 4550 1841 4605 sed

222 4620 298 4690 (788)
313 4621 377 4676 Post
396 4621 466 4676 hanc
491 4621 633 4692 epistolam
659 4638 687 4677 in
706 4621 897 4693 manuscriptis
912 4620 985 4676 band
1039 4624 1187 4692 urbanior,
1203 4639 1282 4697 quani
1297 4631 1327 4679 ut
1342 4622 1369 4678 in
1388 4624 1497 4679 Petrum
1511 4621 1659 4679 celiensem
1671 4627 1740 4700 'tam
1764 4627 1842 4703 patn-

187 4691 282 4762 paucis
301 4693 422 4749 tucantur
435 4694 555 4764 epistolae
579 4696 631 4749 259
655 4694 690 4748 ad
706 4694 984 4758 Praemcnstratenses,
1039 4697 1126 4752 lanter
1139 4712 1169 4753 se
1180 4695 1307 4770 gesserit,
1321 4703 1352 4750 nt
1364 4695 1423 4762 ipse
1436 4694 1533 4751 Petrus
1553 4698 1726 4764 conqueritur
1740 4706 1841 4773 passim

187 4763 285 4820 29081
297 4764 452 4836 episcopum
467 4765 630 4829 Ostiensem,
644 4773 672 4819 et
683 4768 729 4820 ³¹¹
749 4768 819 4836 (quae
833 4765 988 4835 modo3lt)
1039 4768 1074 4825 de
1087 4767 1198 4826 Nicolaa
1211 4767 1316 4840 angelo
1337 4764 1480 4839 epistolatl
1499 4762 1562 4821 libri
1575 4779 1625 4847 ιιι,
1653 4767 1680 4817 ιι
1698 4776 1740 4844 ιιΙ
1758 4778 1843 4845 ipsius

187 4837 220 4892 ad
234 4838 383 4892 monachos
398 4836 600 4904 Hibernienses,
613 4835 641 4891 in
656 4853 709 4908 qua
723 4836 853 4892 bernardi
864 4834 986 4908 epistolia
1041 4839 1138 4912 Augeli
1153 4838 1277 4912 epistola,
1291 4853 1353 4908 ιιι
1365 4837 1453 4910 ipsam
1480 4834 1622 4917 praecedit,
1638 4830 1744 4906 legenti
1766 4849 1842 4919 rnna

186 4908 251 4964 olim
262 4907 431 4964 desinebant.
1041 4912 1131 4969 tescit.
1146 4911 1280 4968 Ceterum
1294 4909 1424 4967 Nicotaus
1433 4924 1467 4967 ex
1476 4915 1641 4964 monasterio
1651 4906 1843 4963 arremarensi

223 4980 297 5050 ι78ι)
309 4980 438 5047 Gildoni,
455 4981 585 5053 adquam
600 4978 715 5050 epistola
729 4979 793 5036 388.
1042 4985 1074 5040 ad
1090 4981 1346 5040 claravallensem
1361 4979 1468 5037 transiit
1481 4980 1592 5061 absente
1606 4976 1755 5043 bernardo,
1770 4992 1844 5035 anna

222 5054 298 5124 (792)
315 5051 420 5122 Scripta
430 5067 501 5107 anno
515 5050 616 5107 Christi
635 5054 714 5106 llbt.
1042 5053 1150 5114 circiter
1164 5057 1244 5122 tite,
1260 5062 1331 5112 certe
1340 5052 1464 5126 Eugenio
1477 5050 1505 5107 in
1515 5048 1675 5108 Pontificem
1689 5060 1844 5120 assumpto,

224 5125 424 5189 (remittente
450 5124 688 5194 ideonunquam
712 5122 781 5178 tanti
804 5120 867 5179 lecit
894 5122 989 5179 Petrus
1043 5136 1072 5184 ιι
1097 5134 1171 5200 patet
1197 5143 1230 5185 ex
1257 5124 1372 5197 epistola
1399 5126 1415 5182 7
1440 5140 1520 5198 quam
1543 5122 1578 5178 ad
1601 5119 1846 5178 Clara-Vallenses

185 5195 269 5252 alibas
283 5195 474 5263 cluniacensia,
490 5206 520 5250 ut
546 5195 638 5251 videre
659 5203 700 5250 est
722 5194 749 5250 in
767 5193 896 5275 'epistolis
910 5194 984 5274 ejus,
1039 5200 1158 5255 nondum
1181 5196 1315 5254 admissus
1335 5193 1452 5323 scripsit.
1467 5193 1547 5270 Fugit
1563 5208 1628 5279 iero
1651 5191 1847 5275 annucirciter

186 5284 220 5322 ex
247 5269 380 5324 monacho
414 5267 599 5323 arremarensi
631 5266 717 5323 lactus
743 5265 942 5337 Cisterciensis,
959 5273 986 5320 et
1041 5272 1120 5333 llil,
1144 5270 1270 5327 nimirum
1300 5268 1535 5342 posteectionem
1549 5264 1845 5347 Gratianopolitanani,

185 5338 315 5394 Bernardi
341 5341 473 5394 notarius.
515 5340 625 5395 Valebat
649 5337 721 5393 enim
744 5338 817 5406 stila,
844 5345 871 5392 ιι
895 5335 984 5407 ipsum
1040 5342 1237 5411 dequasupra
1264 5341 1291 5396 iri
1314 5341 1385 5398 notis
1406 5337 1596 5420 adepistolnm
1621 5335 1846 5420 2⁶1⁰,siqnidem

186 5413 292 5465 tantuin
331 5411 495 5467 bernardum
537 5411 710 5479 exprirnebai.
756 5408 883 5477 Epistulae
926 5408 986 5475 ejus
1039 5413 1160 5483 epistolae
1183 5416 1235 5470 388
1263 5414 1292 5469 S.
1309 5412 1441 5469 bernardi
1459 5411 1505 5467 ubi
1528 5410 1562 5466 de
1580 5409 1625 5465 illa
1648 5416 1752 5491 agitur,
1780 5409 1846 5465 snb-

185 5484 330 5536 exstantia
355 5483 473 5538 editione
495 5482 649 5537 Coloniensi
669 5479 843 5560 Bibliotheca·
863 5479 983 5560 Parrum,
1038 5483 1179 5554 scripsisse
1201 5485 1439 5556 tensamentum
1457 5484 1491 5540 dc
1517 5497 1550 5539 eo
1578 5480 1607 5538 in
1625 5476 1792 5539 Proeseltone
1812 5481 1846 5539 ed

186 5552 281 5611 edente
306 5555 411 5612 toanuo
439 5550 551 5609 l’icardu
580 5551 717 5609 Victorino
747 5550 900 5606 Parisiensi.
930 5550 984 5607 Sed
1040 5562 1144 5612 turnum
1166 5554 1212 5612 111.
