3728 5940
179 189 232 248 323

649 181 676 237 S.
696 173 864 236 satutant
884 173 1022 235 nubitis
1039 177 1354 250 tutan-tamense

1780 192 1831 255 32⁴

183 322 238 379 tur,
253 309 384 385 quidquid
398 307 467 362 aliud
487 305 614 369 facerent,
630 301 741 357 minime
755 297 972 356 secontirmatu·
992 316 1015 398 Α
1035 301 1194 361 animaverit
1218 310 1357 379 procedite
1379 319 1409 366 ut
1429 308 1536 380 coepisti
1561 328 1569 366 :
1592 310 1636 368 sin
1660 320 1764 386 auum,
1783 331 1829 374 an.

179 419 252 468 rum,
268 416 318 456 noc
329 407 415 457 ratum
431 394 598 450 habiturum.
614 390 753 445 diductus
767 396 808 444 est
818 387 976 443 etdominus
1033 391 1225 460 quiescendum
1240 400 1371 468 Apottnlo
1385 399 1496 469 dicanti,
1511 399 1625 456 Nemini
1638 404 1696 460 cttn
1709 420 1830 463 manum

179 489 353 546 cancellarius
367 487 393 541 in
409 482 605 540 testimonium.
626 480 682 535 Nec
696 477 824 541 contenti,
841 474 975 530 adivimus
1027 481 1199 554 importasti
1214 487 1281 543 Tim.
1303 505 1327 554 v,
1348 489 1403 559 ιι).
1426 488 1520 543 Visum
1537 492 1581 544 est
1595 489 1743 548 eonsilium
1767 495 1829 565 pli.

178 581 256 636 etiam
272 575 441 649 praesentiam
465 571 567 629 domini
582 587 673 643 papae,
698 577 727 624 ut
752 567 811 638 ejus
834 565 925 621 favore
949 570 976 621 et

178 666 333 722 auctoritate
350 665 425 736 quod
447 664 518 719 inter
540 678 590 717 nos
614 664 776 716 convenerat
796 654 973 712 confirmare-

178 765 221 810 tur
236 772 243 809 :
260 754 334 826 prius
348 762 438 809 umen
453 751 545 807 habite
568 749 639 803 inter
654 761 704 803 nos
723 744 865 802 collatione
880 750 975 798 mutua

178 858 209 897 ae
223 842 350 898 diuturna
373 856 454 910 super
479 836 599 892 facienda
624 834 764 900 electione,
781 840 806 887 et
829 832 862 886 de
877 830 976 885 multis

177 929 313 1000 personis,
330 944 443 998 quarum
468 925 506 979 ibi
522 924 624 979 mentio
641 924 708 978 faeta
727 929 778 989 est,
795 918 901 974 duabus
915 925 974 971 tau-

177 1020 240 1073 dem
264 1017 450 1084 nominatis,a
478 1016 574 1087 quibus
604 1012 694 1068 nullus
722 1020 842 1066 nostrum
867 1008 975 1076 penitus

177 1108 343 1174 dsscntiret,
360 1105 505 1177 quamlibet
531 1104 639 1158 illarum
663 1100 726 1173 eligi
743 1098 898 1171 placuisset.
924 1096 975 1149 lta-

177 1213 231 1269 que
245 1197 318 1266 quod
339 1195 417 1250 nobis
440 1192 611 1266 complacuit,
632 1189 757 1243 dominus
781 1201 853 1258 papa
878 1184 975 1238 immu-

179 1286 294 1342 tabiliter
309 1283 446 1340 observari
460 1281 586 1353 praecepit
603 1298 609 1334 :
627 1288 653 1334 ct
677 1285 730 1333 tam
745 1273 974 1346 archiepiscopus,

1029 570 1126 625 cuisse.
1151 572 1241 629 iterim
1264 577 1347 633 homo
1367 576 1412 633 ille
1432 575 1537 633 venisse
1561 577 1711 648 nuntiatur,
1733 583 1830 640 sedin

1029 655 1184 727 hospitium,
1211 677 1265 719 uon
1288 664 1314 718 in
1337 664 1477 736 palatium.
1502 663 1620 735 Vespere
1643 673 1728 723 sextae
1752 667 1830 726 ferie

1030 746 1120 813 venit;
1150 749 1264 808 sabbato
1295 769 1374 809 mane
1405 751 1528 809 recessit.
1557 753 1618 808 Non
1650 763 1692 811 est
1719 772 1829 815 mecum

1030 834 1194 904 dicereeas
1209 856 1258 897 nec
1273 842 1299 897 in
1319 841 1393 897 curia
1408 856 1540 913 apparare
1556 842 1681 909 voluerit,
1697 845 1732 900 ed
1746 862 1827 917 quam

1028 922 1054 977 ei
1078 940 1150 982 cure
1179 927 1229 984 fuit
1255 928 1339 1001 longo
1367 929 1462 984 itinere
1491 931 1635 1000 pervenire
1650 947 1658 987 z
1673 932 1728 988 uisi
1755 936 1829 1006 qnod

1029 1014 1193 1070 verecundia
1233 1017 1415 1084 nronaehalis,
1453 1017 1620 1088 honorisque
1653 1029 1829 1093 eonanptus

1028 1097 1118 1156 forsan
1131 1107 1221 1173 putari
1237 1105 1376 1176 possessi
1400 1121 1453 1162 uon
1473 1106 1547 1162 aliud
1572 1108 1635 1173 alia,
1650 1125 1713 1180 quae
1736 1123 1829 1170 secuta

1029 1198 1101 1256 sunt,
1117 1191 1275 1249 indicarent.
1291 1196 1322 1250 Et
1335 1210 1430 1251 revers
1444 1195 1511 1266 quid
1524 1194 1598 1252 aliud
1612 1204 1677 1254 tunc
1690 1199 1827 1272 suspicari

1029 1276 1185 1347 debuimus,
1209 1283 1317 1355 quando
1340 1282 1561 1354 archiepiscopus
1587 1285 1698 1343 radiens
1720 1289 1757 1343 ab
1780 1290 1827 1349 itte

1031 1375 1139 1424 testatus
1148 1378 1190 1424 est
1199 1385 1291 1428 cosam
1305 1373 1440 1434 amnibus,
1449 1373 1522 1430 nulle
1533 1373 1616 1430 modo
1625 1391 1690 1430 enm
1704 1378 1826 1437 uoluisse

1029 1457 1216 1527 acquiescere,
1244 1460 1292 1516 sad
1319 1461 1451 1533 quidquid
1476 1461 1510 1516 de
1537 1477 1572 1518 eo
1599 1460 1699 1520 bunna
1728 1465 1824 1533 fuerat,

177 1390 256 1445 quiam
278 1371 367 1428 elerici
377 1371 491 1429 firmiter
504 1371 698 1441 promiserunt.
715 1361 798 1422 we
806 1362 861 1419 illis
875 1360 976 1417 abeun-

177 1461 268 1526 tibus,
289 1477 339 1534 ego
359 1469 420 1532 post
445 1459 595 1515 discessum
619 1471 714 1512 eorum
743 1453 803 1509 dies
820 1465 923 1523 paucos
947 1447 975 1502 in

176 1552 249 1607 Urba
268 1549 379 1617 faciens,
404 1549 479 1605 abia
505 1547 614 1603 domino
643 1560 704 1600 meo
727 1543 871 1616 impetrare
896 1535 972 1612 potui
1031 1543 1292 1615 penitissimum?

176 1635 328 1693 facultatem
344 1636 484 1703 redeundi,
504 1635 538 1690 ad
554 1635 652 1693 fratres
666 1633 719 1691 iter
734 1630 909 1704 arripuimus.
1068 1636 1094 1689 t.
1111 1635 1236 1707 Denique
1249 1645 1276 1693 et
1288 1636 1428 1694 mandarit
1440 1652 1503 1694 mox
1513 1637 1673 1696 ebetiomm
1686 1638 1756 1698 fieri.
1770 1644 1826 1703 Hoc

212 1731 239 1782 2.
263 1728 296 1784 Et
313 1727 539 1801 transalpinantes
565 1725 746 1797 comperimus
770 1724 870 1780 instare
886 1719 970 1788 diem,
988 1735 1010 1814 B
1029 1739 1078 1794 per
1090 1725 1223 1794 quosdam
1248 1726 1433 1799 Lingonenses
1451 1726 1598 1785 ansuinus
1619 1735 1684 1787 tunc
1697 1747 1825 1803 praesen.

177 1831 231 1887 qua
243 1815 314 1870 foret
336 1815 483 1870 sacrandus
498 1816 579 1870 homo
594 1815 621 1869 in
644 1814 802 1885 episcopum
822 1811 972 1884 Lingonen·
1030 1819 1079 1879 tes,
1095 1813 1147 1870 hoc
1161 1821 1187 1871 et
1206 1831 1254 1886 per
1269 1816 1383 1888 litteras,
1399 1832 1460 1888 quae
1473 1815 1564 1873 sdbuc
1588 1824 1704 1874 essum.
1719 1816 1826 1888 Quibus

179 1919 237 1958 sem
255 1921 262 1957 :
277 1904 312 1959 de
325 1921 378 1976 qno
394 1904 496 1959 utinam
519 1903 630 1961 meliora
652 1911 732 1974 atque
757 1899 914 1957 honestiora
928 1914 976 1954 eu·
1028 1901 1056 1956 in
1071 1901 1190 1972 capitulo
1204 1901 1369 1976 lingonensi
1380 1904 1478 1961 oblatis
1494 1912 1521 1960 et
1533 1904 1622 1971 lectis,
1637 1907 1706 1977 prola
1716 1907 1823 1977 pudori

179 1991 356 2048 diuissemusl
371 1992 441 2048 Nolo
456 1999 544 2047 autern
569 1991 735 2062 dicereque
759 1988 857 2044 invitus
871 1984 972 2043 audivi.
1028 1990 1203 2048 incontinenti
1232 1994 1357 2065 leguntur
1393 1991 1453 2049 aliae
1480 2009 1528 2065 per
1561 1993 1652 2050 omnia
1678 1995 1821 2052 contreniae

175 2079 245 2150 Quid
267 2079 365 2152 plura?
379 2082 403 2137 Α
419 2079 553 2153 religiosis
567 2080 632 2136 siris
648 2093 700 2134 noo
715 2076 819 2149 paucis,
833 2075 880 2146 qni
895 2073 973 2130 nobis
1027 2078 1092 2149 illis,
1105 2089 1260 2138 asserentes
1278 2082 1370 2155 utique
1383 2082 1750 2156 consecrationemdiletam,
1766 2099 1823 2141 non

174 2169 306 2225 salutandi
320 2170 407 2243 gratia
427 2175 611 2234 occurrerant,
628 2165 750 2237 persuasi
776 2179 869 2221 sumus
883 2161 972 2219 diver·
1025 2166 1184 2235 dimissam3
1212 2169 1383 2242 assignantes
1408 2169 1480 2226 diem
1494 2179 1524 2225 nt
1543 2169 1633 2227 innunt
1657 2171 1691 2227 nd
1710 2186 1821 2230 mnsam

175 2265 233 2314 tere
247 2275 295 2328 per
310 2258 484 2331 Lugdunum,
510 2264 654 2328 quatenus,
672 2254 696 2309 si
718 2252 778 2310 fieri
798 2258 902 2323 posset,
915 2266 972 2306 rem
1026 2255 1216 2323 decidendam,
1239 2273 1321 2330 quam
1342 2257 1439 2316 litterae
1459 2259 1565 2330 priores
1587 2259 1747 2315 annuebant
1768 2259 1819 2317 de-

174 2346 316 2413 ntfatissma
328 2363 362 2402 ΠΕ
378 2346 464 2411 finini,
479 2345 698 2417 prohiberemus·
714 2345 783 2398 Nam
798 2356 849 2414 ego
864 2338 971 2394 aliunde
1026 2343 1118 2399 risam.
1135 2348 1247 2402 Putares
1261 2347 1289 2402 in
1302 2346 1398 2403 litteris
1411 2363 1467 2403 non
1481 2348 1562 2404 modo
1575 2347 1702 2413 diversas,
1727 2349 1777 2405 sed
1793 2358 1821 2404 et

175 2436 273 2492 obviae
289 2434 476 2504 compendium
491 2434 530 2490 ira
557 2441 713 2498 statueram,
729 2430 875 2486 cousulens
897 2426 970 2484 vale·
1025 2433 1152 2489 adversas
1180 2434 1232 2489 sibi
1270 2435 1412 2506 loquentes
1445 2452 1594 2507 personas,
1620 2437 1762 2492 adversum
1788 2452 1821 2494 sa

174 2523 258 2580 tudini
275 2533 301 2579 et
325 2523 477 2578 lassitudini
495 2521 626 2593 eorporis,
653 2518 804 2592 praesertim
828 2516 970 2587 quodnon
1025 2520 1137 2578 invicem
1166 2525 1357 2580 comendentes
1387 2543 1393 2579 :
1423 2525 1476 2580 „psi
1494 2526 1566 2598 quod
1591 2541 1644 2581 uu,
1671 2527 1820 2598 eadem„e

174 2611 285 2683 liquido,
315 2612 411 2678 fateor,
441 2610 582 2665 credebam
612 2608 777 2664 rumoribus.
802 2603 870 2672 Quis
897 2604 969 2657 enim
1023 2610 1113 2683 unago
1128 2611 1259 2683 impressa
1274 2613 1343 2669 wis
1364 2614 1452 2686 (440)μ
1474 2629 1556 2670 unum
1572 2613 1701 2686 idemque
1719 2629 1818 2670 nomen

175 2703 297 2757 crederet
320 2710 420 2756 uatum
445 2701 534 2756 ilium
556 2709 628 2755 muta
642 2698 681 2755 nli
704 2697 828 2763 levitali·
853 2701 881 2750 ¹¹²
896 2699 970 2763 9⁰⁵¹·
1022 2700 1212 2773 praesignatum
1237 2702 1265 2754 in
1287 2701 1435 2768 schedulis,
1455 2701 1596 2758 manifeste
1618 2703 1652 2757 de
1671 2717 1725 2758 uno
1745 2701 1819 2759 fonte

175 2791 262 2861 posita
278 2800 331 2845 tam
346 2801 450 2846 recente
466 2788 644 2861 promissione
664 2803 722 2855 sua,
743 2787 853 2858 iusuper
866 2782 969 2839 domini
1022 2786 1103 2841 dulce
1116 2796 1144 2843 et
1158 2803 1279 2844 auarum
1302 2788 1368 2845 illud
1393 2805 1501 2847 manere
1525 2790 1629 2847 cuncus
1642 2790 1688 2863 qui
1705 2790 1818 2846 aderaut

174 2879 216 2933 ⁸¹¹1
238 2880 382 2944 mandam,
410 2894 531 2946 ternnnae
557 2876 671 2934 notabili
694 2891 802 2931 manum
826 2875 966 2943 imponere
1025 2872 1109 2931 163
1124 2877 1284 2933 mirantibus
1298 2877 1483 2933 declarabant.
1499 2879 1634 2934 Tenentur
1649 2879 1676 2934 in
1691 2878 1818 2934 manibus

85 2958 87 2963 ’
174 2982 227 3022 non
243 2968 371 3023 linierat?
394 2969 485 3039 ltaque
506 2967 621 3025 consilio
646 2965 836 3038 religiosorum
859 2961 968 3035 acqrrie-
1020 2965 1235 3022 oontredictoriae
1249 2965 1343 3022 littarae
1358 2983 1365 3020 :
1381 2967 1448 3022 utris
1459 2966 1522 3023 libet
1532 2967 1644 3023 obedire
1654 2966 1816 3031 decreveris,

172 3064 288 3123 scentes,
305 3055 466 3128 Lugdunum
489 3056 540 3110 iter
554 3054 711 3119 direximus,
727 3061 753 3108 et
768 3051 966 3122 pervenientes,
984 3013 1007 3092 Β
1022 3052 1182 3109 inobediens
1200 3069 1312 3110 necesse
1327 3060 1369 3109 ast
1388 3056 1514 3113 tenearis.
1530 3057 1585 3111 Αιιι
1607 3055 1680 3110 enim
1695 3055 1816 3126 priorem

171 3145 283 3200 omniuo
309 3143 377 3200 sicut
402 3143 568 3209 audivimus,
593 3143 632 3198 sic
648 3141 776 3197 uidimus.
802 3139 969 3195 Parabantur
1023 3150 1048 3199 te
1068 3143 1241 3213 recipientem
1268 3142 1411 3214 epistolam
1440 3144 1575 3215 posterior
1600 3143 1816 3200 condemnabit:

171 3231 226 3298 illa,
257 3248 311 3288 uon
331 3232 412 3303 testa,
443 3232 492 3288 sed
521 3231 636 3286 infausta
664 3229 804 3285 solemnia.
842 3230 968 3284 Decanus
1024 3239 1071 3285 aut
1084 3230 1108 3285 si
1127 3230 1306 3301 posteriorem
1328 3230 1405 3303 sequi
1425 3230 1511 3306 eligas
1533 3230 1609 3300 prior
1625 3230 1817 3287 murmurabit.

170 3325 268 3388 tamen,
284 3326 310 3374 et
333 3318 459 3383 maxima,
485 3317 512 3371 ui
542 3316 630 3385 fallor,
660 3332 723 3388 pars
746 3310 966 3389 Lugdunensium
1020 3318 1053 3373 Et
1069 3318 1170 3373 utinam
1194 3319 1311 3375 secunda
1334 3317 1457 3388 epistola,
1482 3319 1553 3374 sicut
1586 3317 1674 3388 potuit
1694 3328 1818 3376 evertere

171 3406 360 3463 canonicorum
387 3413 543 3464 constanter
566 3413 713 3477 aperteque
736 3401 965 3461 contradicebant.
1020 3407 1147 3478 primam,
1163 3406 1200 3463 iti
1228 3416 1321 3479 postet
1342 3401 1404 3462 ne'sn
1429 3406 1476 3462 net
1504 3405 1562 3478 ipsa
1586 3405 1654 3462 tueri
1681 3407 1817 3466 adini-snt

170 3495 225 3551 Sed
239 3504 266 3551 et
278 3511 372 3552 rumor
390 3494 532 3566 pudendus
546 3493 732 3561 dolendusque
746 3489 848 3564 passim
862 3489 966 3546 crebre
1019 3494 1135 3553 tertiam.
1152 3494 1206 3550 Sed
1225 3509 1288 3552 acce
1304 3493 1397 3552 litterae
1411 3502 1505 3552 contra
1529 3493 1642 3559 litteras,
1657 3495 1815 3552 mandatum

169 3598 250 3638 saeos
264 3589 291 3638 et
305 3583 476 3638 invalescens
491 3581 629 3637 civitatem
647 3581 805 3652 repleverat.
1018 3581 1145 3639 adversus
1157 3584 1312 3640 mandatum
1328 3601 1335 3638 ε
1350 3583 1387 3639 ita
1400 3592 1431 3640 ut
1444 3599 1497 3639 non
1506 3584 1572 3653 iam,
1586 3583 1815 3654 quomadmodum

207 3675 234 3730 3.
248 3671 588 3740 Quldfacaremiconreui
599 3668 966 3740 archiepiscopumneveren-
1018 3668 1046 3725 iu
1063 3672 1204 3743 propbeta,
1219 3673 1329 3740 trauca,
1345 3672 1482 3730 remanda
1496 3671 1682 3744 (tsnxxnn,
1699 3672 1812 3743 tu,13),

169 3769 210 3817 ter
228 3761 348 3832 quidem,
365 3769 532 3832 superpaeto
546 3760 618 3831 quod
633 3760 741 3824 feceret,
757 3765 784 3812 et
792 3771 874 3826 super
888 3771 966 3811 meu·
1018 3759 1064 3815 sed
1084 3760 1190 3828 iianda
1204 3761 1349 3829 demenda,
1363 3761 1453 3834 potius
1468 3761 1627 3819 inculcetur.

169 3849 232 3904 dato
246 3850 317 3919 quod
331 3844 832 3922 acceperat:etnibilhorumnegavit.
849 3845 963 3900 Causam
1054 3851 1081 3906 ll.
1104 3849 1215 3907 interim
1243 3865 1342 3923 nempe
1367 3851 1449 3906 bomo
1477 3849 1523 3921 qui
1545 3857 1573 3904 et
1586 3847 1814 3905 consecrationem

168 3952 231 3993 vcro
246 3936 475 4009 prevaricationis
499 3936 621 3993 referens
639 3935 666 3990 in
686 3935 770 3990 lilium
784 3934 862 3990 ducis
876 3932 962 4006 (439),
1018 3937 1134 4010 lingeret,
1171 3949 1197 3996 et
1230 3940 1387 3997 electionem
1422 3939 1570 4006 refutarat,
1602 3935 1737 3993 tenuavit
1777 3935 1814 3989 nd

168 4030 245 4098 quia
265 4027 411 4082 constituto
433 4025 583 4091 resiliera13
599 4041 632 4080 ne
655 4024 701 4080 ille
715 4026 878 4092 turbaretur,
895 4024 921 4077 in
937 4023 963 4076 id
1016 4026 1128 4102 Regem.
1161 4028 1306 4101 {legalium
1343 4027 1532 4084 investituram
1565 4025 1683 4083 obtinuit
1713 4023 1810 4096 (itt);

169 4131 198 4171 se
221 4115 410 4172 mutabilitatis
438 4114 566 4169 incidisse
595 4113 719 4182 dicebat,
743 4112 817 4183 pacis
837 4111 964 4169 videlicet
1017 4114 1116 4185 quibus
1129 4115 1244 4184 moritis,
1260 4116 1318 4185 ipsa
1342 4115 1449 4171 uiderit.
1471 4117 1532 4170 ilos
1554 4114 1663 4170 directis
1677 4111 1812 4182 epistolis,

169 4204 276 4258 iutuitu.
298 4205 332 4258 Et
354 4204 455 4272 intulit,
479 4203 544 4275 quia
560 4201 690 4274 quidquid
714 4201 843 4256 hactenus
864 4201 960 4273 egerit,
977 4186 1003 4267 ὓ
1019 4211 1046 4257 et
1059 4203 1193 4274 locusqui
1205 4205 1359 4276 assignatus
1374 4203 1472 4276 fuerat,
1488 4211 1530 4261 est
1553 4213 1682 4272 mutatus,
1700 4208 1726 4256 et
1751 4202 1812 4255 dies

166 4291 224 4358 jam
240 4298 394 4360 pronastro
410 4291 664 4362 deincepsarbitrio
687 4291 876 4346 safacturum.
892 4288 961 4343 Tum
1016 4293 1177 4364 anticipatus
1209 4309 1215 4348 :
1250 4301 1280 4348 ut
1308 4292 1360 4349 loci
1389 4292 1572 4364 temporisque
1607 4288 1811 4363 opportunitate

168 4394 221 4451 ego
236 4377 335 4450 gratias
345 4378 521 4453 agensmnsu
532 4377 538 4435 l
551 4379 660 4451 inquam
673 4396 680 4444 ;
698 4386 848 4433 tamennon
860 4387 961 4442 nostra,

168 4468 214 4524 sed
233 4467 282 4524 Dei
305 4466 394 4540 potius
410 4470 534 4526 voluntas
553 4469 598 4523 fiat
614 4484 622 4524 ι
637 4484 698 4539 qnae
720 4466 758 4522 ita
786 4465 897 4522 forsitan
917 4481 964 4524 eu·

168 4565 324 4631 gnoscetur,
341 4557 363 4613 si
381 4575 423 4614 res
445 4566 559 4631 ponatur
579 4557 607 4612 in
633 4555 748 4612 consilio
774 4555 963 4627 episcoporum

167 4647 333 4720 aliarumque
356 4647 541 4721 religiosarum
565 4661 752 4716 personarum,
776 4660 836 4717 quae
859 4645 904 4701 hic
928 4646 960 4700 ad

166 4747 281 4794 vestram
302 4736 390 4806 ipsius
408 4736 576 4793 vocationem
600 4742 796 4805 convenerunt,
811 4732 854 4791 vel
876 4735 963 4790 adhuc

166 4837 288 4884 ventura
302 4836 377 4884 sunt.
391 4826 471 4896 Quod
485 4828 508 4883 si
528 4827 651 4883 invocato
665 4833 758 4881 sancto
773 4825 878 4895 Spiritu
890 4842 960 4882 con-

167 4933 262 4974 sensus
276 4916 397 4974 omuium
411 4932 461 4973 uos
475 4916 510 4972 ad
521 4914 722 4988 procedendum
735 4913 763 4969 in
775 4921 864 4984 aoepto
878 4928 962 4985 opere

187 5059 278 5139 Ι(439)
296 5061 436 5130 Hugonem
461 5060 573 5128 scilicet,
599 5057 684 5113 lilium
703 5055 807 5114 Odonis
831 5055 961 5131 burgun-

166 5130 224 5212 ⁶¹?
240 5131 317 5188 ducis
342 5148 374 5188 ex
398 5131 481 5189 staria
496 5131 550 5188 lilia
572 5129 723 5187 Tlreobaldi
744 5127 898 5199 Campaniae
912 5144 960 5186 eo·

167 5209 277 5354 ᾚῗο)
290 5274 395 5347 Nempe
409 5273 481 5332 Petri
506 5271 701 5356 archiepiscopi
716 5270 807 5345 imago
826 5268 960 5354 impressa

164 5342 956 5543 {pptsttauultluturuatttrr

1016 4382 1166 4451 snbtncu,
1204 4389 1230 4437 et
1259 4382 1337 4453 eopia
1374 4381 1471 4455 agendi
1503 4381 1604 4453 pariter
1641 4378 1812 4435 subtrabatur

1015 4470 1240 4540 contradicturis,
1264 4478 1292 4525 at
1321 4470 1533 4527 consecrationis
1557 4468 1618 4524 dies
1645 4466 1811 4538 subripiatur

1016 4559 1200 4629 appellaturis.
1227 4559 1362 4614 Caeterum
1391 4574 1445 4615 non
1480 4567 1521 4615 est
1550 4556 1694 4614 consulum
1717 4563 1812 4611 eontra

1015 4648 1156 4707 consilium
1171 4647 1291 4717 Domini,
1312 4648 1391 4719 cujus
1416 4645 1585 4719 prouidentia
1607 4643 1705 4699 factam
1726 4650 1768 4697 est
1783 4652 1813 4699 ιιι

1015 4756 1067 4797 nec
1106 4738 1315 4796 contradictores
1344 4736 1497 4803 defuerint,
1530 4751 1579 4792 uec
1619 4729 1811 4804 appellatores.

1015 4829 1186 4903 Appellatum
1196 4837 1258 4885 esta
1272 4826 1386 4884 Falcone
1398 4827 1503 4882 decano
1514 4822 1706 4897 Lugdunensis
1718 4820 1811 4877 Eccle-

1015 4920 1077 4984 siae,
1104 4920 1268 4992 appellatum
1292 4925 1319 4973 et
1341 4931 1357 4971 a
1379 4915 1475 4972 Pontio
1495 4913 1684 4970 archidiacono
1706 4911 1809 4985 Lingo-

1052 5063 1127 5133 (itt)
1142 5061 1282 5134 liegalium
1298 5057 1457 5114 investitura
1472 5064 1514 5111 est
1535 5052 1693 5124 temporalis
1706 5050 1809 5108 domini

1014 5149 1046 5189 ac
1074 5132 1236 5205 praediomm
1267 5129 1396 5186 Ecclesie
1423 5129 1532 5184 traditio
1547 5143 1598 5199 per
1625 5139 1718 5199 ιοςειιι
1742 5123 1811 5178 facta

1014 5220 1086 5260 noro
1110 5205 1237 5275 episeopo
1280 5209 1322 5256 ost
1343 5207 1541 5256 sacramentnm
1566 5194 1702 5253 fidelitatis
1720 5195 1755 5250 ab
1776 5209 1810 5250 eo

1033 5275 1173 5331 restitum.
1189 5275 1227 5329 De
1276 5271 1398 5346 agalibus
1414 5270 1475 5325 uide
1494 5270 1557 5326 item
1578 5268 1719 5340 epistolam
1745 5266 1809 5332 tto,

1014 5291 1121 5474 {ugerii
1134 5343 1388 5419 epistolesmsxime
1403 5345 1434 5397 ts
1448 5347 1475 5398 et
1488 5343 1535 5410 20,
1549 5348 1629 5412 atque
1642 5336 1809 5396 Glossarium

1037 5433 1191 5494 cognanum.
