3728 5940
139 190 223 252 ‘tttt

152 333 226 386 mur,
251 316 403 373 artasatis·
431 310 499 366 aem
521 307 650 364 nimirum
676 307 705 364 in
732 306 866 381 plerisque
880 305 989 416 adeon

633 183 660 239 S.
684 178 851 239 BERNdell
869 174 1333 243 atuattsdtattAE-tttttttsts

1750 174 1817 233 tttt

1004 304 1086 370 duos,
1102 303 1248 375 septimum
1265 301 1352 360 696
1368 311 1394 360 et
1408 311 1544 358 octarium.
1559 301 1617 357 diui
1631 318 1697 358 vero
1715 313 1745 357 ct
1761 297 1817 357 bini

153 418 262 476 paream
276 409 302 458 et
317 395 469 456 restrictam
483 395 644 467 reperimus,
656 402 686 452 ut
701 396 728 450 in
743 394 838 451 eadem
860 394 946 448 histo·
1005 393 1071 459 toni,
1098 393 1143 464 qui
1172 394 1222 447 sul>
1251 393 1363 465 singulis
1391 384 1562 449 eontinentur
1588 393 1732 461 maneriis,
1764 409 1816 449 nou

152 494 193 550 ria
207 494 277 548 idern
292 504 386 548 versus
400 495 442 543 ter
452 480 626 558 repeteretur
638 491 686 542 aut
696 491 803 561 quater,
822 499 855 540 ac
870 483 896 539 si
922 484 949 539 ia

154 591 210 639 toto
239 577 332 636 Veteri
353 593 385 633 eo
398 578 475 633 Novo
490 576 662 631 Testamento
686 574 772 646 reperi
787 589 841 629 non
855 580 950 643 posset

152 669 300 744 quidpiam,
324 666 395 738 quod
416 666 484 722 adeo
505 665 649 720 commodo
673 671 766 734 posset
787 661 899 734 opponi.
920 661 949 715 ln

153 760 244 814 multis
258 755 341 813 etiam
355 753 476 811 historiis
495 751 767 810 Postcommunioncs
794 749 886 820 abiis,
903 745 949 821 qui

153 844 351 918 simplicitatem
360 848 456 900 cantus
470 841 599 914 ignorant
611 838 811 913 Antiphonarii,
823 852 872 910 pro
882 838 950 895 Res-

153 933 289 1006 ponsoriis
303 929 438 1003 appositas
453 928 605 987 invenimus
622 946 629 983 :
660 927 758 1001 quibus
771 940 867 983 versus
881 924 949 980 sub-

150 1023 239 1096 juncti
262 1023 299 1079 ita
314 1022 416 1079 misere
430 1022 612 1085 cohaerentes,
629 1027 660 1073 ut
673 1016 762 1073 notari
776 1030 830 1071 non
846 1024 949 1085 posset,

152 1111 302 1170 secundum
316 1111 391 1182 quod
404 1124 451 1166 eos
466 1125 515 1181 pro
534 1106 649 1162 nuntiari
664 1104 853 1162 necessarium
882 1110 948 1158 crat.

189 1205 216 1259 2.
244 1200 375 1258 Dedimus
404 1214 469 1271 ergo
493 1212 615 1268 operam,
631 1203 662 1250 ut
688 1194 715 1248 in
738 1194 812 1248 nulla
839 1190 949 1247 historia

105 1354 110 1360 ,
152 1291 224 1347 idem
251 1304 347 1347 versus
375 1289 519 1360 plusquam
540 1285 623 1341 semel
640 1281 801 1355 reperiatur,
818 1282 882 1351 imo,
899 1279 950 1336 nisi

156 1380 286 1446 fallimur,
300 1377 345 1434 vix
361 1386 416 1432 tres
435 1391 532 1431 versus
545 1372 676 1444 reperies,
691 1372 737 1443 qui
752 1372 779 1425 in
794 1378 850 1426 toto
871 1363 951 1424 Auti-

153 1469 286 1542 phonario
314 1467 356 1522 vel
387 1466 429 1520 bis
452 1464 652 1522 contineantur.
681 1457 953 1517 Postcommuniones

152 1568 244 1616 autem
272 1558 404 1629 quasdam
426 1554 604 1618 removimus,
625 1551 730 1608 usuam
749 1558 778 1604 et
801 1546 953 1603 authentica

1002 480 1207 554 distinguuntur
1227 496 1244 537 a
1264 497 1293 539 se
1310 480 1470 538 diversitate
1487 480 1617 549 finalium,
1638 499 1710 554 quas
1732 498 1815 554 pror·

1003 587 1051 627 sus
1079 570 1187 626 easdem
1204 570 1317 641 hahent3
1334 571 1382 627 scd
1406 573 1602 643 progressione
1626 580 1655 629 et
1672 573 1816 644 composi·

1002 661 1075 718 tione
1090 679 1096 712 :
1113 678 1224 731 qrrarum
1242 663 1325 715 altera
1347 662 1532 732 quantitatem,
1548 662 1632 718 altera
1653 663 1815 729 qualitatem

1003 750 1178 807 determinat.
1196 748 1248 816 Qui
1267 766 1332 822 ergo
1352 751 1435 805 libros
1457 759 1601 808 notaturus
1623 767 1664 824 es,
1680 759 1738 807 tuae
1753 753 1815 808 dili-

1003 847 1101 914 genter
1111 839 1233 910 imprimo
1244 840 1393 908 memoriae,
1405 840 1478 913 quod
1494 855 1589 897 omues
1605 848 1705 898 cantus
1720 842 1816 914 prima

1006 927 1142 998 maneriae,
1169 927 1213 998 qui
1241 926 1304 983 lacti
1332 938 1403 996 sunt,
1428 928 1471 986 vel
1499 927 1545 1001 qui
1569 930 1738 1002 regulariter
1758 932 1815 989 fieri

1007 1031 1034 1087 pt
1044 1026 1130 1082 ssunt,
1147 1016 1173 1069 in
1189 1017 1211 1069 ll
1228 1023 1330 1071 tantum
1356 1025 1382 1071 ct
1404 1015 1431 1071 in
1451 1020 1473 1073 d
1495 1020 1636 1075 terminari
1650 1022 1755 1078 habent
1768 1043 1775 1090 ;
1789 1027 1814 1078 el

1005 1104 1159 1176 qtticunque
1174 1112 1268 1161 cantus
1294 1113 1382 1178 potest
1403 1122 1504 1176 ponere
1528 1107 1555 1162 in
1577 1108 1668 1180 aliqua
1690 1111 1812 1183 illarum,

1005 1191 1099 1262 primae
1123 1192 1246 1264 prolecto
1270 1202 1311 1248 cst
1331 1196 1468 1263 maneriae,
1485 1195 1513 1250 id
1538 1206 1581 1253 est
1597 1197 1679 1271 primi
1701 1199 1746 1255 vel
1769 1218 1813 1258 se-

1006 1281 1087 1338 cundi
1113 1282 1178 1340 toni.
1202 1284 1366 1356 Utrumque,
1391 1283 1510 1356 inquies,
1533 1284 1634 1342 laisum
1651 1307 1658 1343 ι
1678 1289 1745 1360 quia
1764 1306 1814 1346 nec

1005 1388 1101 1429 omnes
1115 1382 1209 1429 cantus
1223 1374 1318 1444 primae
1334 1374 1462 1430 maneriae
1477 1375 1504 1430 in
1518 1375 1562 1431 illa
1577 1386 1682 1434 tantum
1698 1391 1812 1450 possunt

1006 1462 1154 1528 terminari,
1169 1479 1229 1520 eum
1251 1470 1278 1518 et
1300 1461 1379 1518 linem
1400 1463 1428 1518 in
1442 1463 1467 1520 G
1482 1472 1583 1537 ponant
1602 1482 1651 1537 per
1668 1467 1690 1523 Β
1716 1477 1812 1526 rotun·

1010 1551 1092 1624 dum;
1109 1566 1159 1608 nec
1173 1568 1268 1610 omnes
1283 1556 1329 1626 qui
1343 1554 1371 1609 in
1385 1555 1429 1610 illa
1445 1556 1623 1613 terminantur
1636 1558 1737 1629 primae
1751 1572 1811 1617 sunt

155 1647 261 1722 procis
278 1644 453 1718 responsoria
476 1650 656 1715 apponentes:
686 1637 868 1712 quorumdam
890 1650 955 1692 vero
973 1630 994 1706 Β
1010 1641 1137 1696 maneriae
1150 1662 1156 1698 ι
1169 1643 1232 1713 quia
1248 1663 1259 1693 ι
1277 1643 1422 1699 Benedicta
1437 1652 1464 1700 tu
1481 1645 1517 1713 in,
1535 1653 1587 1702 »et
1603 1668 1614 1698 ι
1631 1647 1721 1716 Petra,
1737 1664 1811 1706 amas

157 1738 272 1794 litteram
287 1743 316 1791 ut
330 1743 450 1794 sanctum
464 1742 492 1790 et
514 1731 696 1807 evangelicam
720 1729 877 1792 retinentes,
904 1726 954 1782 ho·

160 1836 265 1885 aestate
287 1835 314 1882 et
329 1823 530 1898 pulchritudine
557 1833 655 1878 cantus
679 1815 952 1890 supercoloravimus,

157 1916 277 1972 sobriam
292 1923 381 1970 tamen
404 1923 484 1985 atque
507 1911 666 1982 prudentem
696 1908 827 1963 musicam
852 1904 953 1975 ubique

158 2013 310 2063 servantes.
327 2006 357 2060 ln
385 2002 474 2058 multis
503 2001 619 2071 denique
644 1998 710 2056 locis
722 1997 840 2053 litteram
855 1994 952 2053 veteris

157 2093 346 2165 Antiphouarii
374 2098 455 2148 tantae
479 2088 648 2146 remissionis
670 2096 751 2159 atquc
766 2083 953 2141 dissolutionis

155 2199 216 2239 ease
230 2183 430 2254 comperimus,
445 2187 474 2234 ut
486 2178 578 2233 multis
593 2177 753 2233 falsitatibus
763 2175 823 2230 sive
837 2188 953 2245 apocry-

155 2272 273 2342 pltorum
287 2269 381 2325 naeniis
397 2283 533 2339 respersa,
544 2281 599 2321 non
618 2266 707 2321 solum
731 2262 850 2329 taedium,
867 2261 954 2317 sedet

155 2359 249 2416 odium
272 2359 315 2415 sui
343 2355 501 2431 legentibus
524 2354 663 2424 inl'erret3
694 2355 729 2408 ita
751 2359 781 2407 ut
800 2349 893 2408 novitii
907 2349 953 2422 qui

156 2449 206 2507 sub
228 2447 415 2504 ecclesiastica
429 2444 573 2515 disciplina
592 2443 689 2499 eruditi
714 2442 829 2509 fuerant,
862 2441 952 2510 ipsum

141 2537 382 2609 -Antipnonarium
398 2544 454 2591 tum
474 2550 523 2607 pro
542 2533 640 2601 littera,
662 2541 717 2587 tum
733 2547 781 2603 pro
800 2538 865 2586 nota
881 2529 954 2585 lasti·

154 2627 258 2685 dientes
272 2636 301 2684 et
328 2627 487 2699 ignorantes
502 2624 531 2679 in
552 2623 652 2679 divinis
667 2621 793 2677 laudibus
821 2618 953 2676 tardiores

155 2717 333 2773 redderentur
348 2723 375 2771 et
395 2713 632 2771 somnolentiores.
662 2709 839 2767 Praemonitos
861 2715 952 2764 autem

1008 1747 1063 1798 me,
1086 1752 1098 1780 ι
1115 1741 1141 1787 et
1155 1732 1246 1787 multae
1266 1733 1421 1788 consimiles
1437 1734 1610 1806 Antiphone,
1624 1735 1653 1791 in
1668 1739 1691 1790 Α
1707 1743 1809 1792 tantum

1009 1822 1110 1877 habent
1123 1822 1280 1893 terminari3
1297 1829 1325 1878 et
1341 1831 1429 1879 nmen
1444 1831 1507 1879 sunt
1529 1824 1659 1881 secundae
1682 1827 1808 1882 maneriae

1008 1919 1107 1982 quarto
1121 1917 1186 1968 tono
1200 1912 1345 1984 deputatae.
1360 1913 1423 1968 Hac
1436 1914 1544 1985 quidem
1559 1913 1652 1987 opinio
1664 1917 1723 1985 jam
1738 1917 1807 1971 mul·

1007 2007 1049 2056 tos
1071 1999 1175 2066 lesellit,
1201 2016 1282 2073 quam
1310 2002 1420 2058 adduxit
1445 2002 1473 2057 in
1501 2003 1622 2060 medium
1649 2006 1680 2061 B.
1701 2005 1808 2061 rotundi

1007 2089 1130 2160 adjectio,
1156 2106 1306 2163 perquam
1330 2091 1421 2147 multis
1445 2092 1586 2148 erroribus
1599 2094 1735 2150 llusioam
1748 2109 1809 2149 ma-

1005 2179 1106 2235 culavit
1120 2179 1274 2249 ineptorum
1296 2182 1480 2254 praesumptio.
1495 2181 1566 2239 Sane
1579 2199 1634 2238 non
1657 2184 1809 2241 secundum

1007 2269 1111 2341 aliquid
1127 2269 1335 2326 accidentaliter
1349 2271 1496 2341 adjectum,
1513 2272 1561 2328 sed
1575 2273 1728 2329 secundum
1749 2273 1808 2344 pri-

1007 2375 1081 2414 mam
1095 2365 1122 2415 et
1135 2358 1279 2431 propriam
1295 2361 1447 2417 litterarum
1470 2361 1664 2418 iustitutionem
1678 2362 1811 2419 distincta

1007 2457 1046 2503 cst
1061 2446 1184 2503 finalium
1199 2449 1360 2520 proprietas,
1377 2450 1450 2520 apud
1474 2466 1540 2523 quas
1552 2451 1680 2506 nimirum
1701 2450 1811 2524 princi·

1007 2539 1069 2610 pale
1093 2546 1119 2594 et
1142 2539 1293 2594 maximum
1316 2539 1350 2596 de
1372 2547 1453 2597 cantu
1472 2550 1590 2598 versatur
1609 2541 1758 2610 judicium.
1776 2543 1810 2594 ln

1007 2627 1121 2682 naturali
1137 2638 1226 2683 autem
1242 2636 1370 2699 computo
1386 2629 1534 2685 litterarum
1550 2637 1653 2699 septem
1666 2629 1810 2693 invenies,

1007 2731 1068 2786 quae
1096 2731 1197 2789 graves
1225 2717 1410 2773 nominantur.
1441 2718 1488 2773 Hae
1515 2725 1544 2771 ut
1571 2725 1666 2774 cantus
1695 2717 1812 2774 liberius

153 2805 356 2863 essevolumus
370 2819 419 2860 ecs
434 2801 551 2859 maxime
565 2803 611 2874 qui
635 2801 717 2856 libros
731 2798 849 2855 notaturi
877 2806 950 2865 surrt,
1006 2803 1172 2860 discurreret
1196 2805 1355 2875 duplicatae,
1379 2806 1504 2879 quedam
1526 2821 1591 2862 vero
1613 2822 1648 2863 ex
1670 2805 1743 2878 ipsis
1767 2807 1812 2863 tri

154 2909 189 2953 tte
216 2894 324 2951 nolutas
344 2893 385 2949 vel
414 2891 574 2962 conjunctas
603 2889 752 2963 disiugant,
767 2887 811 2945 vel
839 2886 953 2955 coujuu·
969 2933 990 3011 c
1006 2892 1110 2962 plicatae
1125 2901 1187 2949 sunt
1203 2911 1210 2948 :
1227 2893 1254 2948 in
1269 2893 1452 2965 duplicatione
1467 2903 1570 2964 ocultus,
1587 2895 1614 2950 in
1629 2895 1811 2966 triplicatione

153 2990 218 3057 tant
232 2983 399 3053 disjunctas3
424 2981 486 3056 quia
515 2996 564 3052 per
595 2978 753 3049 hujusmodi
776 2975 953 3034 variationem
1007 2992 1187 3054 superacutas
1202 2985 1332 3054 reperies.
1347 2986 1531 3042 Consideratis
1544 2985 1703 3042 litterarum
1718 2985 1809 3057 singu·

154 3072 243 3147 gravis
258 3079 389 3128 cantuum
402 3069 465 3126 oriri
478 3077 569 3141 potest
583 3067 788 3123 dissimilitudo:
802 3065 915 3136 insuper
928 3072 955 3120 et
1007 3069 1095 3126 larum
1111 3071 1323 3139 habitudinibus,
1342 3091 1408 3145 quas
1423 3076 1523 3132 habent
1546 3076 1580 3130 aa
1604 3074 1744 3146 proxim„
1759 3073 1808 3129 sipi

155 3161 280 3234 singulos
295 3167 391 3217 cantus
408 3159 435 3213 in
451 3159 573 3230 propriis
585 3158 711 3213 studeam
726 3153 869 3212 terminare
881 3153 952 3208 sina·
1008 3159 1110 3216 litteras
1125 3161 1286 3218 altrinsecus
1301 3163 1412 3233 positas,
1430 3163 1533 3218 nullam
1546 3161 1669 3233 proiecto
1685 3162 1808 3233 reperies

155 3248 240 3318 libus,
274 3264 321 3319 per
350 3264 465 3321 quarum
494 3247 675 3302 inconsultam
704 3241 953 3300 transmutationem
1007 3251 1180 3318 praetepppv
1194 3251 1226 3315 Α,
1244 3252 1512 3323 quaeascpndapppf
1528 3261 1624 3307 conum
1643 3259 1669 3307 pp
1693 3251 1807 3305 semiro-

157 3347 229 3396 tanta
239 3337 265 3392 in
280 3338 403 3394 cantibus
418 3346 476 3394 orta
488 3345 529 3393 est
548 3335 685 3406 conlusio,
709 3343 739 3389 ut
752 3335 846 3407 plures
858 3346 951 3389 eorum
1005 3337 1092 3402 nium,
1108 3346 1136 3392 et
1150 3338 1298 3395 descendat
1320 3355 1371 3412 per
1391 3347 1495 3395 tonum.
1513 3339 1590 3395 Unde
1605 3348 1633 3396 et
1645 3339 1685 3393 lrae
1700 3344 1808 3394 tantum

155 3427 269 3485 alterius
279 3427 333 3483 siut
344 3425 481 3493 maneriae,
496 3433 524 3482 et
538 3427 644 3481 alterius
658 3425 830 3494 deputentur.
1005 3426 1098 3484 finales
1113 3438 1176 3483 sunt
1193 3429 1290 3500 primae
1306 3429 1444 3500 maneriae,
1459 3430 1538 3498 cujus
1551 3434 1593 3485 est
1613 3427 1753 3498 proprium
1768 3427 1809 3481 sic

96 3526 99 3533 '
190 3519 217 3571 ³.
246 3515 369 3584 Quatuor
383 3514 457 3571 cuim
472 3523 535 3570 sunt
560 3514 731 3571 diversitates
745 3512 803 3568 sive
825 3509 951 3567 maneriae
1005 3517 1154 3573 ascendere
1178 3528 1204 3572 et
1225 3518 1441 3576 descenderet}
1466 3533 1533 3592 ergo
1555 3515 1720 3583 excluditur,
1736 3517 1809 3588 quod

155 3613 296 3673 cantuum,
323 3604 422 3677 quibus
449 3604 537 3662 omnis
561 3603 684 3676 ipsorum
712 3601 893 3672 multiplicitas
913 3601 950 3655 iu·
1005 3604 1033 3660 in
1047 3606 1163 3662 naturali
1177 3607 1275 3662 ordino
1295 3606 1448 3663 litterarum
1468 3615 1494 3662 et
1515 3607 1562 3663 ubi
1586 3606 1663 3679 prius
1687 3607 1809 3677 ponitur,

154 3696 285 3754 eluditur.
300 3694 348 3751 ltae
362 3695 434 3767 apud
449 3694 560 3751 Graecos
579 3700 721 3765 vocantur,
736 3699 840 3764 protus,
857 3692 951 3747 deute·
1005 3703 1031 3752 ct
1047 3698 1118 3754 uude
1142 3697 1282 3766 repetitur,
1298 3713 1468 3768 nequaquam
1491 3712 1539 3768 per
1554 3704 1648 3752 tonum
1672 3703 1703 3752 et
1727 3696 1811 3752 semi·

154 3802 212 3852 ms,
227 3784 315 3853 tritus,
337 3784 465 3841 tetradus.
481 3784 528 3838 llu·
550 3782 622 3839 inter
642 3798 671 3839 se
690 3781 822 3853 oppositae
838 3787 909 3845 sunt,
925 3787 952 3834 et

154 3873 237 3933 certis
264 3873 300 3929 ab
332 3872 447 3931 inuicem
476 3871 603 3928 differunt
626 3869 845 3943 proprietatibus.
861 3868 952 3923 Prima

153 3963 225 4022 enim
248 3962 370 4020 maneria
402 3969 453 4029 cst,
475 3977 536 4034 quae
563 3961 598 4016 ab
616 3975 683 4017 voce
709 3975 765 4032 qua
792 3957 952 4014 terminatur

145 4051 279 4111 'ascendit
291 4067 342 4124 per
356 4059 451 4108 tonum
465 4059 527 4123 post
558 4048 739 4117 semitonium,
757 4060 784 4105 et
811 4045 952 4103 descendit

152 4153 206 4223 per
231 4151 337 4201 tonum.
356 4140 422 4198 llaec
435 4140 505 4198 duas
520 4149 623 4197 tantum
636 4138 717 4196 habet
732 4137 824 4194 linales
838 4138 861 4193 D
875 4144 901 4192 et
916 4136 950 4201 Α,

1005 3786 1119 3852 tonium,
1137 3786 1185 3842 sed
1201 3802 1247 3858 per
1262 3787 1331 3843 duos
1345 3796 1424 3842 tonos
1438 3786 1538 3842 directe
1551 3784 1685 3842 ascendit.

1042 3875 1068 3930 l.
1092 3876 1121 3929 ln
1146 3877 1198 3930 hoe
1223 3875 1374 3930 tittemrum
1398 3875 1493 3932 ordine
1516 3891 1570 3930 non
1591 3875 1812 3946 computaturll

1006 3963 1165 4018 rotundum.
1183 3964 1257 4021 Patet
1272 3965 1343 4019 euim
1360 3964 1496 4031 omnibus,
1512 3964 1581 4037 quod
1596 3978 1653 4019 non
1668 3964 1704 4018 sit
1718 3963 1814 4036 aliqua

1005 4049 1039 4106 de
1065 4053 1214 4123 gravibus3
1230 4069 1291 4110 cum
1315 4054 1395 4110 etiam
1419 4054 1490 4109 inter
1504 4069 1551 4109 eus
1566 4067 1704 4124 nusquam
1719 4069 1813 4124 pona·

1007 4144 1202 4198 tu1·:scdncc
1224 4143 1314 4214 aliqua
1335 4143 1368 4199 de
1392 4142 1487 4211 acutis,
1505 4158 1568 4199 cum
1591 4140 1660 4197 nulll
1685 4143 1813 4216 gravium

98 4227 100 4235 ’
153 4231 486 4306 queramutroquehahet
500 4244 582 4302 supra
601 4245 631 4286 so
660 4229 734 4301 ptius
757 4237 862 4292 tonum,
892 4234 951 4297 post
967 4225 989 4302 n
1007 4246 1054 4300 per
1078 4231 1215 4301 duplarem
1238 4232 1421 4304 conjungatur
1444 4231 1660 4304 proportionem.
1684 4231 1737 4287 list
1764 4246 1815 4287 au-

154 4321 339 4390 semitoninm,
368 4329 394 4377 et
421 4322 471 4377 snb
498 4335 527 4377 se
546 4327 650 4377 tonum.
676 4318 802 4376 Secunda
827 4315 949 4371 maneria

153 4419 205 4480 est,
222 4427 308 4485 quaa
322 4425 460 4482 voceque
485 4409 655 4477 terminatur,
671 4406 793 4465 ascendit
806 4422 854 4477 per
869 4403 950 4459 semi-

154 4500 257 4560 tonium
270 4510 297 4559 et
309 4509 413 4566 tonum,
429 4507 453 4557 et
477 4515 525 4571 per
548 4506 641 4555 tonum
654 4497 803 4555 descendit.
818 4496 882 4551 llaec
897 4493 949 4549 ite-

154 4600 216 4649 rum
231 4591 392 4648 habetduas
406 4589 500 4647 linales
528 4587 550 4644 Ε
578 4598 605 4645 et
626 4589 647 4643 B
675 4585 848 4660 quadratum,
878 4582 949 4655 apud

155 4697 223 4755 quas
250 4680 378 4738 nimirum
392 4681 466 4736 illum
480 4695 619 4736 ascensum
634 4685 661 4735 et
684 4677 846 4734 descensum
869 4682 949 4728 natu·

156 4770 249 4828 mlitcr
276 4770 406 4831 invenies.
429 4769 520 4827 Tertia
547 4768 667 4827 maneria
694 4776 736 4823 est
757 4781 818 4838 quae
832 4761 953 4820 ascendit

155 4874 204 4934 per
219 4862 288 4918 duos
309 4869 397 4926 tonos,
414 4867 441 4917 et
459 4858 599 4916 descendit
623 4874 672 4929 per
686 4853 856 4914 semitonium
870 4867 876 4908 :
891 4867 950 4925 quae

154 4948 331 5008 nihilominus
356 4951 436 5006 latret
464 4950 533 5005 duas
560 4947 656 5004 finales
682 4946 740 5002 Fet
753 4947 784 5013 C,
800 4951 892 5015 utpote
907 4952 950 4999 ta-

154 5040 220 5096 lium
249 5039 445 5113 proprietatum
460 5036 638 5111 susceptivas.
655 5035 755 5105 Quarta
769 5031 890 5088 ascendit
904 5046 952 5103 pcr

157 5131 227 5188 duos
241 5137 332 5199 tonos,
346 5137 372 5184 et
386 5127 525 5185 descendit
548 5143 597 5198 per
614 5134 723 5182 tonum:
742 5130 769 5180 et
792 5123 850 5178 liaeo
871 5135 953 5201 unam

152 5219 262 5277 ‘tantum
276 5219 359 5276 lrabct
374 5216 481 5274 finalem
492 5217 526 5274 G.
542 5216 633 5273 Prima
646 5213 768 5270 moniera
782 5212 850 5267 duos
864 5210 953 5265 conti-

158 5316 205 5364 net
234 5309 339 5375 modos‚
360 5307 410 5378 qui
429 5307 483 5363 toni
511 5304 660 5379 vulgariter
682 5303 817 5363 dicuutur.
831 5297 954 5357 videlicet

156 5397 276 5471 primum
301 5396 510 5458 etseeundum:
541 5396 660 5455 secunda
687 5395 766 5461 duos,
794 5391 904 5450 tertium
928 5401 953 5445 et

168 5497 313 5563 quartum:
331 5490 408 5545 tertia
437 5486 516 5555 duos,
542 5489 666 5560 quintum
681 5492 837 5543 etcertum:
859 5490 955 5554 quarta

1004 4327 1058 4375 tem
1073 4321 1225 4386 inventum,
1244 4338 1299 4376 uon
1313 4322 1345 4376 ad
1361 4323 1553 4392 proprietatem
1574 4320 1698 4376 finalium
1719 4323 1816 4379 deter-

1004 4408 1169 4478 minandam,
1187 4409 1234 4465 sed
1248 4413 1283 4466 ad
1298 4410 1459 4466 servandam
1475 4410 1502 4465 in
1520 4410 1659 4482 plerisque
1683 4411 1816 4468 cantibus

1004 4499 1177 4572 euphoniam,
1195 4515 1277 4572 quam
1301 4499 1373 4571 apud
1396 4516 1443 4555 eos
1466 4499 1600 4556 minueret
1622 4500 1667 4554 vel
1690 4501 1817 4557 auferret

1005 4588 1128 4656 tritonus,
1147 4588 1192 4661 qui
1218 4588 1290 4660 apud
1314 4589 1334 4642 B
1359 4587 1521 4660 quadratum
1545 4587 1720 4644 terminatur.
1738 4590 1817 4648 Unde

1005 4679 1032 4734 iu
1047 4678 1168 4752 qualibet
1181 4678 1311 4744 maneria,
1326 4677 1372 4734 ubi
1389 4677 1541 4734 molliorem
1555 4676 1744 4749 expeditfieri
1769 4697 1817 4736 so·

1005 4784 1080 4837 num,
1097 4769 1156 4826 loco
1170 4770 1190 4823 B
1207 4765 1328 4841 quadrati
1342 4767 1362 4822 B
1377 4768 1524 4823 rotundum
1547 4766 1718 4840 quandoque
1734 4772 1818 4843 poni·

1006 4865 1058 4926 tur,
1077 4858 1171 4915 lurtim
1188 4866 1277 4913 tamen
1293 4872 1323 4913 ac
1337 4856 1446 4930 raptim,
1461 4873 1497 4912 ne
1512 4865 1623 4928 propter
1643 4855 1743 4929 ipsum
1769 4876 1819 4932 ge·

1005 4955 1114 5005 neretur
1128 4949 1155 5003 in
1171 4956 1250 5004 cantu
1265 4946 1413 5003 similitudo
1429 4945 1539 5001 alterius
1562 4945 1655 5017 modi,
1672 4948 1757 5017 quod
1780 4949 1819 5004 ni·

1005 5037 1105 5093 mirum
1119 5038 1222 5092 nullam
1237 5037 1344 5102 lineam,
1360 5035 1499 5091 nullumve
1514 5034 1630 5105 spatium
1651 5049 1705 5105 per
1721 5037 1819 5092 deter-

1007 5126 1184 5185 minationem
1199 5125 1314 5196 alicujus
1328 5124 1425 5182 litterae
1439 5125 1465 5180 in
1480 5123 1556 5180 libris
1568 5125 1683 5193 obtinet,
1703 5125 1764 5180 nisi
1781 5127 1820 5196 ip·

1007 5232 1068 5273 aum
1082 5223 1243 5289 apponatur.
1259 5216 1292 5272 Et
1307 5215 1330 5270 si
1345 5216 1429 5270 semel
1444 5216 1464 5271 B
1487 5213 1648 5287 quadratum
1673 5229 1816 5285 superve-

1007 5305 1088 5371 nerit,
1103 5306 1138 5362 de
1152 5305 1221 5362 ituro
1240 5304 1361 5360 deleatur
1376 5304 1464 5360 omnis
1488 5305 1548 5374 ejus
1564 5302 1710 5368 memoria,
1729 5305 1819 5359 donec

1007 5404 1119 5468 urgente
1147 5394 1300 5465 supradicta
1327 5394 1488 5452 necessitate
1516 5392 1614 5449 iterum
1643 5406 1815 5462 apponatur.

1008 5482 1037 5539 Si
1051 5498 1117 5556 erpo
1133 5485 1160 5537 ln
1173 5482 1199 5538 G
1214 5499 1263 5552 per
1277 5483 1367 5553 ipsum
1381 5484 1502 5556 aliquem
1517 5491 1624 5541 cautum
1645 5483 1817 5543 terminares
