3728 5940
101 242 154 304 sss
837 236 1016 298 uetsruta.
1697 254 1749 314 354

101 383 163 424 cum
178 373 298 421 montem
313 365 542 433 sublimimatis,
555 358 784 435 iuquienshrrron
798 369 828 421 et
841 367 900 421 lior
913 384 937 464 Α
951 364 1016 429 suis,
1030 372 1057 419 et
1070 363 1097 419 in
1111 363 1253 422 codicibus
1268 366 1325 422 suis
1337 368 1458 427 scribunt
1472 389 1480 426 1
1497 381 1523 430 et
1539 373 1579 431 sic
1592 376 1749 437 obstruatur

99 455 256 512 vobiscum:
266 455 292 508 si
301 453 367 525 quid
376 457 479 508 actum
488 455 579 523 fucrit
589 453 897 523 questionis,reseretis
951 465 982 507 os
995 450 1163 522 loquentium
1178 452 1279 522 iniqua.

100 544 138 597 od
152 546 223 613 ipsos
234 542 334 610 (deod.
348 557 426 604 xnrv,
444 544 498 611 15).
511 539 593 596 illum
608 541 706 610 loquor
719 541 837 609 hlopseu,
851 540 897 611 qui
1119 539 1292 595 EPISTOLA
1310 541 1470 601 CLXXXlX
1489 546 1576 617 (197).

100 631 177 686 venit
193 647 239 700 per
253 646 360 700 aquam,
372 641 398 684 et
412 645 467 683 non
481 629 508 684 iu
522 644 592 698 aqua
605 627 705 693 solum,
722 627 770 682 sed
784 629 814 680 in
828 643 897 700 aqua
1004 642 1040 682 tn
1058 642 1187 684 uuutuutt
1206 642 1296 683 111111
1315 643 1518 703 maocuurruu,
1534 650 1570 691 us
1588 653 1694 696 1111111111.

100 726 129 773 et
143 719 286 789 sanguiue.
303 718 336 771 Et
357 717 418 772 ideo
434 716 494 786 plus
509 731 589 786 quam
613 716 729 787 hloyses,
752 713 814 786 quia
828 724 854 770 ct
870 716 897 770 in
950 718 1046 773 Animi
1068 718 1193 773 dolorem
1216 718 1324 773 indicat
1348 721 1379 777 oh
1402 738 1509 780 errores
1533 725 1673 783 abelardi
1685 735 1748 802 post

101 807 232 879 sanguiue
255 808 336 862 veuit.
352 807 384 860 Et
407 804 534 874 quoniam
557 819 606 873 pro
628 805 685 859 llur
698 811 725 858 et
738 804 831 859 Aaron
844 810 897 858 stat
985 805 1103 862 schisma
1124 807 1225 861 statim
1244 816 1435 880 exsurgentes,
1457 813 1555 884 quihus
1581 818 1748 888 Pontificem

101 897 175 951 zelus
189 902 217 950 et
232 894 375 951 auctoritas
390 894 518 949 Romanas
531 893 658 948 Ecclesiae
670 906 752 961 super
767 893 896 963 populum
986 909 1132 950 occanere
1146 899 1251 951 moaci.

101 985 161 1049 Dei,
185 983 218 1036 sd
242 984 329 1053 ipsam
352 981 449 1038 merito
472 981 624 1051 referimus,
645 997 700 1037 uon
722 981 895 1053 quaestiones,
985 981 1176 1036 Amantissimo
1199 982 1270 1037 Patri
1296 991 1323 1039 et
1348 984 1460 1042 domiuo
1489 988 1673 1063 luuocsurto,
1699 997 1748 1052 Dei

101 1072 149 1127 sed
165 1071 289 1127 laesiones
302 1070 375 1135 fidei,
393 1080 421 1125 et
443 1069 557 1139 iujurias
579 1068 692 1136 Christi;
708 1077 816 1140 patrum
830 1085 897 1140 pro·
950 1072 1037 1145 gratis
1058 1085 1165 1126 summo
1186 1070 1317 1137 Pontifici,
1343 1072 1427 1129 irater
1454 1074 1621 1136 Banntnuus
1649 1083 1748 1141 Clare-

100 1160 150 1215 hra
162 1168 241 1230 atque
256 1165 441 1229 contemptum
466 1157 641 1229 praesentium
662 1157 797 1222 scandala,
821 1157 896 1228 peri·
951 1157 1033 1214 Vallis
1044 1164 1155 1214 vocatus
1165 1159 1260 1225 abbas,
1276 1159 1414 1217 modicum
1429 1161 1457 1216 ld
1472 1165 1546 1234 quod
1562 1176 1614 1223 est.

83 1250 162 1304 cula
178 1258 357 1320 posterorum.
373 1247 502 1302 irridetur
517 1245 678 1316 simplicium
697 1243 776 1310 fides,
791 1246 897 1301 evisee·
988 1252 1013 1300 1.
1030 1247 1147 1303 Necesse
1161 1254 1203 1303 est
1219 1257 1248 1302 ut
1271 1249 1381 1304 veniant
1402 1253 1528 1309 scandala
1545 1271 1551 1311 :
1568 1271 1677 1312 uemsse
1695 1266 1747 1329 est,

100 1348 193 1392 rantur
206 1351 304 1392 areana
325 1336 386 1401 Dei,
410 1335 578 1404 questiones
598 1334 632 1390 de
652 1333 789 1389 altissimis
813 1334 897 1391 rebus
950 1334 1001 1390 sed
1016 1351 1071 1390 non
1086 1351 1176 1392 suave.
1193 1337 1227 1393 Et
1240 1336 1301 1392 ideo
1316 1337 1381 1394 dicit
1403 1343 1556 1411 propbeta:
1582 1345 1648 1414 Quis
1670 1345 1749 1404 dabit

99 1427 242 1482 temerarie
260 1422 435 1492 ventilantur,
451 1423 593 1478 insultatur
616 1423 746 1491 patribus,
761 1422 835 1492 quod
849 1437 897 1479 eas
949 1423 1024 1479 milti
1029 1440 1136 1496 pennos
1145 1425 1368 1492 sicatcotumom
1376 1430 1516 1497 stechedo,
1524 1435 1552 1488 et
1560 1435 1750 1506 requiescam:

99 1513 350 1587 magissopieadas,
360 1527 439 1583 quam
452 1510 592 1567 solvendas
602 1511 764 1566 censuerint.
781 1508 847 1565 lude
855 1507 894 1577 lit,
950 1508 1108 1580 (11111111,
1132 1513 1161 1582 1)
1183 1520 1211 1567 et
1233 1514 1381 1583 Apostolus
1404 1516 1480 1587 cupit
1502 1517 1624 1593 dissolvi,
1648 1528 1675 1577 et
1688 1538 1749 1580 eum

99 1603 171 1673 quod
182 1603 276 1674 Agnus
288 1600 429 1671 paschalis,
441 1608 532 1656 contra
543 1599 593 1654 Dei
603 1597 833 1668 statutumOEcod.
845 1613 895 1664 111,
951 1595 1056 1651 Christo
1066 1599 1214 1667 quiescere.
1222 1598 1256 1654 Et
1265 1600 1334 1656 alius
1342 1601 1451 1672 quidam
1460 1613 1624 1675 sanctorum,
1635 1610 1750 1680 Sufficit

100 1692 139 1760 9),
154 1699 200 1746 aut
214 1706 285 1763 aqna
300 1690 434 1761 coquitur,
455 1697 500 1745 aut
519 1691 618 1746 crudus
633 1688 804 1761 discerpitur.
819 1705 896 1745 more
912 1663 936 1742 Β
950 1686 1158 1754 mihillomt'ne,
1170 1689 1217 1754 ait,
1230 1689 1436 1749 tolleaaimcm
1445 1709 1557 1762 meam·
1567 1713 1657 1770 aeque
1670 1701 1748 1756 euim

100 1787 128 1837 et
144 1794 191 1834 ore
204 1778 319 1834 bestiali.
335 1778 413 1845 Quod
429 1779 567 1834 residuum
582 1786 632 1848 est,
657 1792 710 1834 non
733 1777 796 1848 igne
818 1793 897 1834 com-
949 1776 1051 1831 mclt'or
1062 1792 1128 1832 sam
1141 1792 1227 1848 quom
1239 1781 1336 1849 potres
1351 1783 1407 1836 mei
1419 1781 1473 1852 (tlt
1487 1786 1549 1857 itaq.
1569 1800 1631 1848 11111,
1647 1784 1686 1857 1).
1702 1787 1750 1842 Est

100 1868 217 1937 horitur,
232 1867 280 1922 sed
295 1869 474 1925 conculcatur.
493 1869 533 1925 lta
552 1868 642 1924 omnia
653 1874 765 1937 usurpat
777 1866 828 1923 sibi
842 1868 896 1923 hu·
950 1863 1060 1917 etmihi
1075 1879 1146 1919 nunc
1160 1864 1258 1934 aliquid
1283 1880 1426 1922 commune
1448 1885 1510 1924 curn
1534 1874 1644 1940 sanctis,
1660 1873 1687 1928 in
1702 1891 1751 1930 vo-

102 1971 209 2010 manum
225 1958 375 2028 ingenium,
390 1956 453 2011 fidei
468 1957 502 2011 nil
518 1972 666 2013 reservans.
683 1955 779 2011 Tentat
802 1956 897 2012 altiora
951 1950 1053 2008 luntate
1067 1953 1206 2018 duntaxat,
1224 1966 1277 2007 non
1292 1953 1320 2007 in
1335 1955 1440 2011 merito.
1456 1957 1522 2011 Nam
1538 1953 1637 2015 bellem
1651 1961 1751 2031 etipse

102 2062 143 2111 se,
157 2044 269 2101 fortiora
283 2053 427 2110 scrutatur,
442 2044 520 2099 irruit
538 2045 566 2099 in
584 2044 684 2110 divina,
701 2051 795 2100 sancta
808 2053 897 2100 teme·
951 2043 1033 2096 modo
1058 2043 1091 2095 de
1113 2041 1202 2096 medio
1227 2040 1296 2106 lieri,
1313 2043 1408 2107 victus,
1425 2043 1521 2111 lateor,
1537 2048 1751 2117 apusillanimi-

103 2142 142 2189 rat
156 2134 243 2209 magis
259 2151 338 2207 quam
355 2143 468 2204 reserat3
485 2134 574 2189 clausa
590 2141 617 2189 et
632 2133 739 2205 signata
756 2148 810 2189 nou
827 2149 896 2204 ape·
952 2138 1005 2187 tate
1019 2130 1132 2200 spiritus
1145 2139 1174 2186 et
1188 2138 1368 2201 tempestate:
1390 2150 1487 2190 vereor
1509 2143 1612 2208 autem,
1637 2153 1672 2195 ne
1697 2154 1751 2195 non

101 2224 145 2289 rit,
161 2222 207 2278 sed
223 2222 323 2293 diripit,
338 2231 365 2278 et
379 2222 509 2293 quidquid
525 2223 576 2278 sibi
591 2236 645 2278 nou
659 2221 761 2279 invenit
775 2223 897 2294 pervium

101 2312 128 2366 id
145 2319 219 2382 putat
233 2311 355 2377 nihilum,
372 2311 481 2367 credere
495 2311 667 2383 dedignatur.

138 2404 164 2454 2.
179 2399 280 2470 Legite,
296 2401 319 2453 si
335 2398 431 2469 placet,
450 2398 548 2454 librum
570 2398 640 2454 Petri
659 2397 803 2463 hbtalardi,
818 2413 898 2470 quem

102 2486 167 2542 dicit
181 2487 360 2559 Theologiae:
382 2486 416 2540 ud
439 2502 548 2542 manum
563 2495 603 2541 est
627 2484 713 2555 euim3
731 2501 804 2550 eum,
828 2486 898 2540 sicut

101 2575 242 2648 gloriatur,
258 2591 273 2629 a
287 2574 409 2644 pluribus
433 2574 569 2630 lectitetur
591 2574 618 2629 iu
641 2574 737 2630 curia:
762 2582 789 2627 et
807 2574 897 2629 videte

101 2664 192 2734 qualia
211 2663 248 2717 ibi
271 2665 305 2718 de
326 2671 418 2717 sancta
432 2661 564 2718 Trinitate
578 2662 710 2727 dicantur,
727 2662 761 2716 de
775 2661 898 2734 genitura

103 2753 174 2818 Filii,
191 2763 218 2808 et
233 2753 267 2807 de
282 2751 455 2822 processione
469 2750 584 2822 Spiritus
599 2751 696 2816 sancti,
711 2758 737 2805 et
753 2750 804 2804 alia
819 2749 898 2804 innu-

104 2857 187 2911 mera,
212 2840 352 2895 catholicis
373 2854 486 2910 prorsus
507 2838 617 2894 auribus
640 2848 667 2893 et
690 2838 825 2894 mentibus
840 2839 896 2893 dis·

951 2219 1021 2275 sicut
1035 2219 1138 2291 pariter
1152 2218 1277 2288 allectus,
1287 2219 1325 2274 ita
1341 2221 1440 2290 pariter
1454 2231 1481 2277 et
1496 2233 1603 2295 paratus
1619 2227 1750 2287 inveniar.

951 2308 1042 2363 Taedet
1056 2308 1155 2376 vivere,
1171 2311 1200 2363 et
1222 2323 1256 2362 au
1281 2310 1347 2363 mori
1368 2311 1503 2381 expediat,
1525 2313 1633 2381 nesuio;
1650 2323 1676 2370 et
1691 2316 1751 2373 ideo

951 2397 1020 2452 forte
1034 2395 1114 2452 etiarn
1129 2397 1156 2451 in
1170 2397 1240 2452 votis
1254 2395 1352 2453 distem
1367 2414 1382 2451 a
1396 2399 1505 2464 sanctis,
1522 2402 1593 2473 quod
1617 2402 1669 2475 ipsi
1687 2419 1752 2474 pro·

952 2491 1081 2538 vocentur
1095 2482 1229 2539 desiderio
1245 2482 1395 2552 meliorum,
1412 2501 1474 2541 cum
1498 2502 1550 2557 ego
1574 2491 1710 2546 scandalis
1725 2500 1753 2549 et

952 2574 1078 2628 aerumnis
1100 2570 1245 2641 compellar
1267 2570 1350 2627 exire.
1376 2574 1498 2646 Denique
1522 2576 1568 2648 ait,
1590 2579 1710 2639 Dissolvi
1724 2588 1752 2640 ct

952 2676 1018 2715 eam
1035 2660 1145 2718 Christo
1159 2661 1328 2725 assemano
1342 2664 1445 2719 melius
1456 2665 1571 2738 (Philip.
1584 2681 1603 2733 t,
1615 2667 1671 2737 19).
1680 2669 1752 2742 Brgo

953 2756 979 2802 et
996 2748 1023 2803 in
1048 2756 1141 2804 sancto
1155 2748 1300 2820 appetitus,
1315 2755 1344 2803 et
1366 2749 1393 2802 in
1417 2766 1462 2804 me
1484 2754 1613 2821 praevalet
1630 2770 1751 2815 sensus:

950 2838 998 2893 sed
1023 2839 1048 2894 iu
1074 2838 1123 2894 ltac
1147 2837 1298 2893 miserrima
1313 2839 1366 2893 vita
1380 2855 1430 2895 nec
1446 2840 1488 2895 ille
1502 2842 1601 2899 babere
1615 2847 1688 2915 quod
1702 2862 1753 2916 ap-

104 2938 190 2987 sueta.
213 2929 304 3000 Legite
329 2937 355 2982 et
369 2928 459 2993 alium,
483 2943 562 2997 quem
585 2927 680 2983 dicunt
697 2925 895 2983 Sententiarum
912 2926 1017 3021 gpetit
1036 2926 1153 2994 bonum3
1179 2941 1229 2982 nec
1253 2941 1306 2998 ego
1329 2927 1402 2997 quod
1428 2928 1571 2984 molestum
1586 2933 1683 3003 patior,
1698 2948 1753 2990 non

104 3020 162 3089 ejus
176 3019 262 3089 (l95);
276 3022 422 3071 necnonot
445 3017 518 3070 illum
540 3015 584 3086 qui
605 3014 769 3087 inscribitur,
784 3014 898 3071 Scitote

104 3105 207 3176 ipsum;
235 3113 261 3160 et
288 3104 492 3159 animadvertite
513 3111 613 3176 quauta
635 3111 661 3159 et
686 3102 736 3174 ipsi
755 3101 899 3159 silvescant

104 3202 192 3264 segete
224 3193 299 3261 (196)
325 3191 526 3263 sacrilegiorum
555 3199 635 3264 atque
664 3205 809 3247 errorum:
833 3191 899 3263 quid

104 3282 200 3336 sentiat
223 3283 255 3335 de
276 3282 365 3336 anima
385 3281 499 3346 Christi,
522 3281 557 3337 de
581 3296 696 3349 persona
722 3279 839 3345 Christi,
864 3279 899 3335 de

103 3372 236 3426 descensu
251 3371 348 3425 Christi
367 3371 401 3425 ad
425 3370 538 3434 inieros,
554 3371 588 3428 de
602 3371 774 3428 Sacramenta
789 3369 896 3440 altaris3

105 3461 139 3514 de
155 3468 286 3529 potestate
300 3459 399 3532 ligandi
410 3470 489 3530 atque
503 3461 638 3527 solvendi,
651 3461 685 3516 de
695 3457 821 3523 savinati
832 3473 898 3529 pec-

105 3558 174 3612 cato,
189 3550 222 3602 de
236 3546 467 3615 concupiscentia,
481 3547 514 3603 de
529 3555 640 3618 peccato
654 3545 848 3612 delectationis,
864 3545 900 3602 de

104 3647 216 3706 peccato
230 3633 403 3698 infirmitatis,
418 3634 453 3689 de
468 3633 759 3704 peccaroignorautiae,
770 3632 805 3686 de
815 3646 899 3702 opere

105 3722 221 3792 peccati,
237 3720 271 3775 de
285 3721 420 3775 voluntate
436 3719 573 3788 peccandi.
589 3720 622 3774 111
639 3718 769 3790 siquidem
788 3717 898 3788 judica·

108 3810 140 3865 tis
154 3823 198 3863 me
210 3809 282 3878 iuste
293 3792 406 3870 moveri,
418 3806 565 3864 movemini
578 3815 605 3862 et
618 3822 667 3863 vos
682 3824 689 3861 :
704 3821 736 3861 ac
751 3820 785 3861 tte
799 3804 900 3861 frustra

106 3896 279 3966 moveamini,
294 3894 367 3966 agite
382 3909 431 3966 pro
447 3894 508 3951 loco
522 3910 600 3967 quem
616 3893 723 3961 unctis,
738 3908 789 3964 pro
807 3892 901 3966 digui-

105 3995 159 4041 tate
187 4001 241 4057 qua
268 3984 384 4056 polletis,
409 3998 458 4053 pro
486 3991 616 4055 potestate
638 3998 718 4053 quam
742 3982 897 4056 accepistis3

105 4075 240 4145 quomodo
255 4072 302 4144 qui
314 4072 437 4128 ascendit
450 4074 482 4128 ad
498 4071 592 4142 creles,
609 4069 752 4128 descendat
764 4086 852 4142 usque
866 4071 899 4125 ad

954 3015 1053 3069 babere
1065 3013 1196 3070 valemus.
1213 3014 1247 3069 Et
1260 3016 1295 3069 ob
1309 3016 1361 3070 boc
1375 3015 1448 3071 exire
1469 3017 1580 3088 quidem
1595 3021 1675 3076 ambo
1695 3023 1752 3091 pari

954 3104 1080 3172 cupimus
1095 3102 1242 3168 voluntate,
1259 3102 1307 3158 sed
1322 3118 1374 3157 uon
1390 3103 1447 3174 pari
1461 3104 1621 3165 intentione.

989 3195 1016 3246 8.
1042 3191 1128 3246 Stulte
1156 3189 1221 3245 mibi
1245 3189 1345 3245 dudum
1375 3191 1497 3262 requiem
1522 3195 1708 3263 promittebam
1730 3198 1753 3252 si

954 3280 1062 3352 quidem
1075 3279 1197 3336 Leouina
1211 3277 1299 3334 rabies
1319 3278 1464 3349 quievisset
1483 3281 1569 3353 (198),
1587 3290 1615 3338 et
1628 3299 1681 3355 pax
1695 3285 1751 3342 Ec·

953 3371 1042 3425 clesiae
1066 3369 1233 3425 redderetur.
1259 3368 1328 3423 Nam
1355 3383 1418 3424 ecce
1444 3368 1490 3423 illa
1508 3369 1619 3440 quievit,
1636 3373 1753 3430 sednon

953 3474 1016 3531 ego.
1039 3457 1197 3513 Nesciebam
1219 3471 1262 3512 me
1284 3472 1344 3512 esse
1367 3456 1394 3511 iu
1418 3457 1488 3513 valle
1505 3458 1692 3531 lacrymarum,
1708 3473 1752 3518 aut

953 3546 1055 3603 oblitus
1068 3545 1171 3602 lucram
1195 3544 1317 3601 hahitare
1332 3559 1376 3600 me
1391 3544 1419 3599 iu
1434 3552 1506 3602 terra
1521 3546 1675 3603 oblivionis.
1690 3550 1752 3605 Non

953 3635 1124 3690 attendebam
1134 3640 1243 3699 terrant,
1259 3632 1286 3687 in
1302 3648 1356 3703 qua
1370 3633 1473 3701 habito,
1486 3635 1580 3703 spinas
1595 3644 1623 3690 et
1638 3638 1754 3694 tribulos

953 3721 1103 3794 germinare
1127 3721 1208 3785 mibi;
1234 3721 1348 3776 succisis
1372 3723 1516 3779 succedere
1540 3739 1633 3791 novas,
1649 3736 1676 3782 et
1691 3743 1753 3784 rur-

954 3822 1013 3862 sum
1028 3806 1079 3863 illis
1093 3806 1161 3862 alius
1182 3809 1242 3862 sins
1264 3805 1327 3875 line,
1344 3806 1401 3862 sine
1424 3809 1623 3868 intermissione
1641 3828 1753 3870 succre-

954 3909 1038 3951 scere.
1056 3892 1203 3949 Audieram
1217 3895 1287 3948 boc:
1304 3893 1352 3949 sed
1367 3897 1476 3961 melius,
1487 3906 1516 3953 ut
1527 3914 1600 3955 nunc
1618 3901 1754 3973 experior,

954 3980 1012 4052 ipsa
1036 3979 1141 4038 vexatio
1161 3980 1207 4034 dat
1227 3979 1390 4035 intellectum
1411 3982 1522 4038 auditui.
1547 3986 1691 4043 Innovatus
1713 3996 1755 4043 est

954 4067 1041 4138 dolor,
1070 4082 1126 4122 non
1152 4067 1361 4138 exterminatus;
1393 4069 1518 4139 lacrymae
1545 4072 1753 4144 inundaverunt,

105 4161 207 4218 inferos
223 4178 230 4220 :
246 4170 273 4218 et
294 4177 374 4232 opera
397 4161 577 4234 tenebrarunt,
594 4176 661 4218 ausa
682 4162 792 4233 prodire
806 4163 833 4215 iu
852 4160 900 4216 lu·
955 4159 1019 4230 quia
1042 4156 1212 4213 invaluerunt
1231 4156 1320 4223 mala;
1340 4162 1367 4212 et
1379 4159 1501 4228 expertis
1524 4159 1658 4232 pruinam,
1676 4161 1753 4217 irruit

105 4266 173 4317 cem,
189 4259 363 4323 arguentura
374 4252 434 4307 luce
447 4251 473 4306 in
490 4253 596 4309 iurem:
612 4259 642 4306 ut
654 4251 718 4305 dum
731 4250 779 4321 qui
792 4249 899 4317 publice
957 4264 1037 4319 super
1049 4261 1096 4302 eos
1107 4246 1163 4300 nix.
1179 4249 1249 4300 Ante
1263 4245 1357 4302 faciem
1373 4245 1482 4319 frigoris
1496 4249 1578 4320 hujus
1599 4251 1660 4322 quis
1686 4267 1750 4308 sus-

106 4349 217 4406 peccat.
233 4339 337 4408 publice
359 4347 495 4410 arquatum
530 4340 710 4410 comprimant
736 4353 797 4394 sese
820 4337 899 4393 etiam
954 4336 1063 4393 tinebitl
1080 4334 1138 4390 Hoc
1160 4335 1262 4406 lrigore
1284 4333 1436 4408 relrigescit
1449 4337 1574 4406 charitas,
1592 4347 1620 4394 ut
1633 4340 1752 4396 abundet

106 4426 162 4491 alii,
179 4439 310 4496 ponentes
329 4427 453 4483 tenebras
472 4426 568 4496 lucem,
588 4427 757 4497 disputantes
772 4427 800 4481 in
814 4425 902 4482 triviis

110 4512 367 4586 1891111111,
390 4516 436 4588 qui
459 4516 605 4586 loquuntur
627 4514 698 4569 mala
723 4515 751 4569 in
773 4513 901 4570 cordibus

143 4624 217 4691 1195)
240 4623 327 4693 Negat
348 4622 507 4677 Abaelardus
526 4621 553 4677 in
577 4620 711 4692 Apologia
733 4637 791 4687 sua,
813 4620 901 4677 ullum

106 4693 202 4746 librum
217 4694 268 4748 boc
283 4695 390 4747 nomine
405 4710 420 4746 a
436 4708 465 4748 se
479 4691 673 4762 conscriptam,
689 4693 804 4764 ideoque
820 4711 832 4742 r
849 4692 901 4746 hoc

106 4778 198 4818 eontra
213 4779 242 4819 se
262 4780 310 4833 per
334 4763 459 4819 malitiam
474 4766 517 4821 vel
541 4764 718 4835 ignorantiam
736 4761 868 4832 prolatum
885 4781 898 4814 1

106 4835 283 4889 criminatur:
308 4837 380 4906 quod
402 4835 481 4890 etiam
504 4833 637 4890 Chesnius
656 4833 689 4901 ‚in
708 4835 778 4888 notis
792 4832 898 4888 asserit.

108 4923 120 4954 1
137 4906 164 4959 S.
183 4907 343 4969 bernardus,
356 4927 366 4955 1
385 4904 483 4975 inquit,
497 4905 678 4977 «ignoranter
692 4902 836 4960 hbaelardo
847 4904 901 4975 ipsi

106 4976 204 5030 librum
233 4977 430 5033 Sententiarum
455 4976 576 5031 attribuit
599 4976 627 5030 in
654 4974 766 5043 epistola
794 4978 844 5028 188
874 4993 899 5040 a,

105 5050 180 5117 qnasi
198 5047 281 5101 libros
295 5047 520 5103 Searentiaruma
536 5048 615 5103 Petro
637 5045 764 5116 Magistro
785 5045 836 5101 scri
858 5055 901 5100 tos

107 5116 251 5172 abalardo
267 5120 397 5174 tribuerit.
413 5118 464 5173 Sed
490 5134 542 5172 uon
566 5118 602 5173 ita
622 5116 731 5190 ignotus
754 5124 813 5172 erut
831 5061 901 5171 ger-

108 5189 192 5243 nardo
203 5189 305 5253 Petrus,
318 5205 396 5259 quem
407 5188 533 5243 laudatio
545 5188 660 5259 epistola
672 5186 899 5253 modod10‚utiu

108 5261 160 5315 boc
170 5267 285 5314 erratum
294 5259 439 5314 laberetur.
451 5259 507 5312 imo
523 5275 571 5314 nec
585 5273 618 5314 eo
632 5268 763 5329 tempure,
774 5273 827 5330 quo
842 5257 900 5314 baec

108 5328 901 5403 epistolascriptaest,l’etrushlagisterSententiurumsua·

110 5419 168 5456 rum
187 5402 269 5456 libros
284 5399 412 5455 ediderat.
423 5400 471 5454 Est
482 5415 564 5470 penes
575 5414 624 5454 nos
635 5399 745 5455 liberab
756 5399 814 5469 ipso
824 5399 903 5455 dhae-

111 5473 186 5529 lardo
201 5473 260 5528 sine
273 5471 355 5527 dubio
370 5477 523 5543 contextus,
535 5471 581 5543 qui
596 5469 676 5544 vulgo
692 5491 705 5524 1
721 5468 766 5526 Sic
779 5479 806 5526 et
819 5484 873 5528 non
891 5493 901 5521 1

111 5543 273 5614 appellatur,
289 5546 367 5615 cujus
389 5543 590 5614 inscriptionem
614 5541 653 5600 sic
671 5540 752 5599 effert
764 5546 843 5600 vetita
855 5556 906 5599 co·

955 4424 1092 4498 iniquitas.
1108 4422 1225 4478 Leonam
1247 4423 1391 4489 evasimus,
1407 4425 1454 4478 sed
1480 4424 1623 4482 incidimus
1646 4427 1674 4482 in
1691 4429 1755 4484 dra·

955 4528 1049 4569 eonem
1063 4510 1148 4582 (199),
1164 4512 1210 4582 qui
1232 4525 1287 4567 non
1308 4513 1399 4567 miuus
1422 4511 1513 4569 lorsau
1539 4523 1633 4570 noceat
1653 4516 1755 4571 sedens

955 4620 1007 4676 dex
1022 4618 1219 4743 manuscriptus
1236 4636 1242 4672 :
1258 4638 1270 4668 1
1289 4619 1422 4690 Incipiunt
1444 4619 1588 4675 Sententia
1605 4636 1638 4676 ex
1651 4620 1751 4679 divinis

955 4690 1103 4760 Scripturis
1126 4705 1157 4745 eo
1171 4691 1255 4755 lecta,
1276 4705 1336 4759 quas
1364 4690 1504 4746 contrariae
1528 4691 1674 4746 videntur:
1701 4708 1750 4762 pro

955 4779 1008 4832 qua
1030 4761 1140 4833 quidem
1163 4761 1353 4816 contrarietate
1376 4764 1435 4816 haec
1457 4762 1613 4830 compilatio
1634 4763 1750 4818 Senten-

955 4839 1062 4898 tiarum,
1088 4833 1132 4889 Sic
1156 4836 1184 4889 ct
1207 4848 1264 4887 noa
1285 4830 1445 4903 appellatur,
1464 4852 1475 4881 1
1493 4832 1536 4887 hd
1550 4847 1631 4904 quem
1647 4833 1749 4890 librum

954 4920 988 4959 an
1004 4905 1152 4972 respexerit
1167 4903 1195 4957 S.
1213 4903 1362 4958 heruardus
1376 4917 1438 4956 cum
1462 4904 1512 4958 boc
1526 4902 1664 4970 scriberet,
1682 4905 1749 4960 mibi

955 4982 997 5030 est
1010 4974 1215 5054 incompertum.
1231 4974 1315 5028 Porro
1330 4987 1428 5045 praeter
1443 4972 1487 5026 illa
1501 4972 1638 5029 abelardi
1653 4992 1750 5047 opera,

953 5043 1751 5187 ttta‘tlttttll‘ttlttttlt“altisaltis

1366 5155 1369 5163 ,
1425 5154 1433 5179 ,
1740 5149 1753 5161 .

953 5204 987 5244 cu
1008 5195 1091 5242 utum.

989 5205 1064 5325 fisi)
1089 5259 1127 5312 tta
1153 5253 1328 5324 manuscripti
1357 5255 1572 5315 emendatiores:
1602 5258 1629 5315 iu
1659 5261 1750 5330 editis,

956 5332 1110 5403 quantem
1123 5326 1163 5382 ihi
1176 5326 1327 5382 silvescant
1340 5332 1454 5398 segetes.

1008 5398 1072 5468 tat)
1083 5397 1189 5467 Scripta
1201 5410 1272 5451 anuo
1286 5396 1385 5452 Christi
1400 5401 1479 5455 1110.

1009 5469 1071 5537 198)
1082 5469 1112 5523 11
1127 5475 1167 5524 est
1181 5467 1297 5525 schisma
1310 5468 1383 5524 Petri
1396 5469 1504 5528 Leonis.
1571 5532 1574 5537 ,

1009 5542 1073 5612 199)
1089 5540 1198 5600 Petrum
1212 5539 1393 5598 thatarunm.
