3714 5940
162 173 231 236 1015
627 172 655 231 S.
675 168 843 233 satutant
863 167 998 230 tuuttts
1018 167 1334 231 tutta-vtttttsu
1744 164 1818 230 toto

162 311 214 358 tas.
236 300 295 357 Non
322 299 383 357 dico
406 297 429 353 si
443 295 641 364 ottobonum,
656 297 705 355 aad
720 296 744 354 si
759 295 951 356 velleomnino
969 309 993 391 Α
1010 296 1121 364 sentire,
1144 295 1257 352 viriliter
1288 302 1378 352 tamen
1409 310 1459 369 pro
1486 295 1600 354 veritate
1632 302 1815 353 contemnere

159 401 283 449 creatura
296 386 423 455 desierit;
440 386 581 443 fatendum
596 386 655 443 sine
669 385 891 454 contradictione,
906 385 952 441 nbi
1046 389 1091 442 st.
1106 385 1270 442 Discendum
1285 400 1351 441 sane
1363 383 1409 443 hic
1427 384 1536 441 interim
1559 385 1638 441 nobis
1657 392 1700 441 cst
1725 400 1763 442 ex
1777 386 1815 442 li·

160 495 215 535 non
235 481 290 548 jam
313 494 347 534 er
362 478 501 533 voluntate
515 476 633 542 bonitas,
650 475 697 531 sed
711 476 770 546 ipsa
784 491 818 533 es
832 482 889 531 toto
903 490 954 531 vo·
1009 474 1114 530 bertatc
1127 473 1233 531 consilii
1243 476 1298 545 jam
1317 475 1441 530 libertate
1468 473 1573 530 arbitrii
1588 489 1643 531 non
1666 474 1758 543 abuti,
1785 485 1816 530 nt

159 567 247 624 luntas
271 566 369 638 periit,
395 565 479 624 ctiam
502 564 616 621 liberum
649 564 772 634 deperire
800 562 954 621 arbitrium.
1009 565 1089 636 plene
1102 560 1187 620 ort
1200 563 1362 636 quandoque
1377 562 1430 619 irui
1445 564 1580 635 possimus
1593 563 1724 620 libertate
1738 579 1815 622 com·

159 654 238 725 Quod
263 653 287 709 si
309 654 380 711 velle
402 652 505 711 bonum
524 661 627 710 tantum
649 667 704 708 nou
719 651 817 723 poterit
831 650 880 724 [ot.
897 658 955 706 tan·
1009 652 1110 725 placiti.
1127 652 1191 709 Sine
1207 651 1327 724 proiecto
1341 652 1393 708 Dei
1406 651 1434 709 in
1446 652 1526 710 uobis
1535 668 1695 724 reparamus
1711 653 1814 728 imagi·

159 751 216 799 tum
235 741 327 816 perit]‚
341 743 451 815 siguum
470 743 602 815 estquod
621 740 647 796 ei
665 739 736 796 desit
758 738 954 810 liberum‚non
1008 757 1089 798 nem:
1105 741 1144 797 sic
1157 741 1266 813 antiqno
1280 740 1378 797 honori
1391 740 1429 796 illi
1452 742 1628 814 capessendo,
1651 758 1737 814 quern
1761 758 1815 815 per

160 832 313 902 arbitrium,
336 831 384 889 sed
407 830 561 888 consilium.
589 830 617 887 Si
644 837 736 886 autem
763 844 817 884 non
843 827 954 900 quidem
1009 837 1148 902 peccatum
1171 829 1320 894 amisimus,
1346 829 1526 904 pergratiam
1554 846 1756 903 praeparamur.
1781 833 1815 888 Et

161 921 239 990 vella,
255 920 304 977 aed
318 920 391 977 adid
405 920 477 992 quod
489 921 547 991 jam
561 919 617 979 ruit
631 918 743 986 bonum,
759 916 784 974 ei
798 931 881 990 posse
904 915 954 972 dc·
1008 917 1103 976 beatus
1118 917 1166 991 qni
1179 918 1213 974 de
1227 934 1257 974 se
1272 917 1368 976 andire
1381 919 1528 977 merebitur
1543 937 1550 978 :
1571 920 1637 990 Quia
1655 925 1701 979 est
1716 920 1774 989 br'c,
1786 925 1814 978 ct

160 1008 262 1077 inerit3
289 1010 394 1067 noverit
416 1009 467 1066 sibi
487 1008 585 1066 deesse
611 1007 726 1065 liberum
752 1004 953 1078 complacitum,
1009 1006 1185 1066 badobioras
1201 1007 1461 1067 amarescente
1469 1008 1617 1067 mirabilia
1626 1010 1659 1066 tra
1667 1011 1733 1069 cito
1747 1025 1813 1068 aurs·

161 1114 215 1157 non
231 1098 345 1156 liberum
359 1098 473 1174 periisse
487 1097 640 1156 arbitrium.
656 1096 684 1153 Si
699 1110 766 1172 ergo
781 1095 896 1153 liberam
912 1111 955 1151 ar·
1008 1099 1057 1171 qui
1066 1099 1159 1172 potuit
1173 1096 1373 1170 transpadin
1386 1113 1445 1157 nort
1458 1103 1500 1156 est
1508 1104 1715 1171 transgressam
1720 1100 1815 1173 [acere

160 1189 272 1246 bitrium
295 1189 333 1247 ita
355 1189 454 1262 ubique
475 1187 598 1262 sequitur
611 1188 784 1254 voluntatem,
800 1196 830 1244 ut
844 1186 896 1244 nisi
910 1186 955 1242 illa
1008 1187 1120 1245 osclum
1133 1192 1162 1247 ει
1175 1201 1234 1244 nors
1251 1186 1425 1259 sccitOEoctr'.
1441 1202 1513 1256 ωε,
1524 1191 1551 1254 9,
1568 1189 1625 1262 ιθ),

160 1277 268 1348 penitus
283 1293 344 1335 esse
357 1278 472 1348 desinat,
487 1278 539 1333 isto
551 1291 607 1334 non
621 1285 710 1333 careat
724 1292 732 1334 :
747 1276 874 1334 voluntas
886 1290 954 1333 vero

161 1364 230 1423 sicut
251 1367 278 1424 in
303 1367 385 1434 bono,
400 1366 437 1422 ita
460 1366 542 1422 etiam
560 1364 587 1421 in
610 1365 684 1422 malo
706 1379 783 1438 aeque
802 1363 952 1437 perdurat:

161 1470 238 1528 aeque
261 1454 383 1529 prolecto
402 1463 431 1511 et
451 1453 567 1512 liberum
590 1453 733 1510 arbitrium
756 1461 812 1511 ιεει
826 1451 855 1509 in
868 1451 953 1522 malo,

91 1590 97 1598 .
160 1560 242 1614 quarn
257 1544 285 1601 in
299 1543 372 1601 bono
386 1543 522 1619 integrum
534 1550 700 1617 perseverat.
716 1543 750 1599 Et
762 1540 899 1616 quomodo
912 1555 957 1598 ro·

162 1633 250 1690 luntas
275 1632 356 1691 ctiam
380 1632 469 1704 posita
494 1632 524 1687 in
550 1631 660 1687 miseria
686 1645 741 1687 non
767 1630 867 1687 desinit
893 1645 956 1688 osae

162 1722 297 1792 voluntas,
312 1722 360 1779 sed
379 1722 488 1792 dicitur,
503 1729 530 1777 ει
552 1728 594 1777 εει
612 1721 711 1776 misera
734 1718 872 1793 voluntas,
888 1719 958 1776 sicut

162 1820 191 1868 et
209 1813 288 1868 beata
310 1812 456 1871 voluntas:
478 1810 517 1867 ita
539 1826 589 1867 nec
612 1810 726 1866 liberum
748 1809 889 1867 arbitrium
906 1809 955 1866 de·
1049 1814 1093 1868 28.
1109 1810 1176 1867 Puto
1186 1821 1276 1868 autem
1298 1810 1326 1867 in
1341 1811 1382 1866 bis
1410 1810 1497 1867 tribus
1526 1809 1697 1866 libertatibus
1716 1810 1809 1884 ipsam,

163 1909 279 1968 struere,
302 1900 369 1967 sive,
392 1908 520 1973 quantum
541 1897 569 1953 in
593 1914 623 1954 se
644 1907 694 1965 est,
710 1897 881 1969 aliquatenus
900 1898 952 1954 im·
1014 1900 1144 1974 adquam
1159 1899 1261 1957 conditi
1270 1916 1377 1967 sumus,
1396 1898 1550 1956 conditoris
1566 1898 1717 1972 imaginem
1732 1909 1811 1971 atquc

164 1989 286 2047 minuere
308 1988 407 2062 poterit
428 2002 595 2060 quaecunque
619 1987 768 2044 adversitas
790 1985 834 2044 rel
858 2003 957 2044 neces·
1013 1987 1215 2045 similitudinem
1243 1987 1392 2046 contineri:
1422 1995 1450 2044 ει
1467 1987 1616 2062 imaginem
1644 1987 1759 2060 quidem
1787 1988 1811 2044 in

164 2077 240 2136 sitas.
1011 2078 1133 2134 libertate
1146 2077 1260 2147 arbitrii,
1275 2077 1303 2132 in
1319 2076 1429 2150 reliquis
1458 2085 1547 2134 antem
1567 2077 1676 2133 duabus
1700 2077 1813 2148 biparti-

200 2171 246 2228 25.
262 2167 316 2226 Sed
329 2167 391 2227 licet
404 2167 506 2240 ubique
522 2167 622 2238 pariter
635 2168 694 2224 sins
714 2166 758 2225 sui
781 2165 958 2223 diminutione
1013 2174 1067 2222 tam
1091 2165 1237 2240 quamdam
1259 2164 1411 2239 consignari
1437 2163 1651 2224 similitudinem.
1672 2166 1744 2224 ilinc
1771 2175 1812 2222 εει

166 2257 312 2329 ρειεεεει;
328 2271 384 2312 non
407 2266 495 2312 tamen
517 2254 619 2327 pariter
642 2254 711 2312 sicut
731 2254 854 2310 debono
868 2253 958 2326 potnit
1013 2254 1147 2321 fortassis,
1160 2254 1235 2326 quod
1248 2255 1335 2309 solum
1355 2254 1467 2311 liberum
1482 2254 1623 2311 arbitrium
1638 2255 1685 2311 sni
1698 2257 1810 2314 omuino

165 2360 212 2416 per
235 2359 266 2402 sc
288 2344 319 2399 in
342 2343 443 2399 malum
467 2357 603 2410 corruere,
619 2343 655 2398 ita
677 2357 786 2414 quoque
810 2357 859 2413 per
879 2356 909 2398 se
923 2339 958 2397 de
1012 2343 1149 2402 delectum
1163 2359 1212 2399 seu
1245 2342 1451 2400 diminutionem
1478 2358 1533 2400 non
1557 2345 1667 2415 patitur.
1696 2345 1769 2417 quod
1786 2344 1812 2400 in

164 2432 236 2490 malo
250 2433 277 2489 in
293 2434 393 2489 bonnm
410 2433 510 2504 poterit
524 2431 666 2503 respirare.
682 2432 715 2488 Et
729 2431 793 2504 quid
816 2430 916 2486 mirum
934 2431 958 2486 si
1013 2432 1072 2505 ipso
1091 2432 1261 2505 potissimum
1283 2441 1391 2488 etcmae
1410 2442 1436 2489 et
1458 2433 1688 2490 incommutabilis
1715 2432 1812 2490 divini·

162 2525 257 2596 jacens
280 2538 335 2578 non
361 2523 432 2578 valet
452 2538 502 2594 per
526 2538 555 2578 se
579 2537 731 2594 resurgere,
744 2520 817 2594 quod
841 2529 917 2576 stam
930 2518 958 2573 in
1013 2521 1077 2578 tatis
1092 2521 1257 2578 substantiva
1269 2521 1391 2593 quaedam
1410 2521 1499 2595 imago
1527 2520 1662 2595 impressa
1676 2521 1811 2580 videatur.

166 2611 274 2685 aliquod
288 2611 388 2669 melius
403 2612 477 2670 nullo
492 2627 541 2668 suo
560 2621 657 2668 conatu
679 2612 785 2668 ualebat
803 2608 958 2682 proficeret
1012 2611 1093 2677 Nam,
1108 2610 1159 2668 etsi
1174 2610 1299 2666 hahuerit
1313 2610 1428 2674 initium.
1449 2610 1536 2666 nescit
1562 2619 1650 2667 tamen
1671 2626 1809 2678 occasum,

165 2698 301 2771 Denique,
316 2698 382 2755 dum
396 2699 484 2756 adhuc
497 2698 565 2754 duas
577 2697 647 2755 alias
659 2699 796 2755 libertates
809 2714 843 2755 ex
866 2697 957 2769 aliqua
1014 2697 1108 2754 necde
1118 2697 1222 2769 justitia
1238 2699 1280 2754 vel
1299 2698 1470 2772 gloriacapit
1488 2706 1664 2771 augmentum
1692 2718 1699 2754 :
1717 2716 1768 2756 neo
1780 2700 1812 2755 dc

165 2799 241 2862 parte
255 2804 346 2845 secum
359 2789 546 2858 haberet,non
560 2789 649 2862 potuit
662 2788 697 2844 de
711 2787 960 2846 interioribusilla·
1013 2785 1192 2857 peceatosiae
1206 2786 1316 2842 miseria
1343 2786 1546 2844 detrimentum.
1567 2785 1640 2856 Quid
1669 2788 1813 2845 aeternitati

166 2894 228 2934 rum
252 2876 382 2952 gradibus
405 2878 438 2934 ad
456 2878 598 2948 superiora
612 2877 767 2943 ascendere,
787 2877 840 2934 hoc
863 2883 904 2932 est
925 2875 960 2932 ds
977 2874 1001 2955 c
1016 2873 1141 2944 similius,
1155 2874 1227 2945 quod
1239 2890 1292 2931 non
1309 2875 1344 2931 sit
1363 2874 1521 2932 aeternitas?
1535 2876 1618 2932 Porro
1631 2875 1661 2932 in
1674 2876 1735 2932 aliis
1750 2879 1814 2932 dua·

168 2980 247 3037 posse
261 2980 317 3023 non
332 2981 454 3039 peccare,
466 2973 493 3022 et
507 2965 542 3022 de
557 2981 635 3037 posse
654 2980 709 3023 non
724 2965 836 3033 turbari,
855 2964 888 3021 ad
904 2978 959 3021 non
1016 2964 1067 3021 bus
1080 2963 1391 3036 libertatibus,quoniam
1405 2981 1459 3021 non
1473 2966 1561 3021 solum
1576 2981 1609 3022 ex
1624 2974 1699 3035 parte
1715 2965 1813 3034 minui,

167 3070 248 3127 posse
271 3070 392 3129 peccare,
407 3065 435 3113 et
455 3071 510 3111 non
525 3069 605 3128 posse
619 3053 732 3114 turbari.
747 3054 827 3124 Quod
841 3053 865 3110 si
880 3053 960 3110 liber·
1015 3051 1064 3108 sed
1082 3058 1109 3109 ει
1123 3067 1156 3108 ex
1171 3059 1229 3109 toto
1242 3053 1329 3109 amitti
1343 3061 1456 3125 possunt
1470 3071 1478 3120 ;
1492 3052 1668 3110 accidentalis
1690 3056 1814 3124 qnaednm

166 3143 267 3200 tatibus
285 3142 338 3200 illis
355 3144 436 3200 etiam
450 3151 586 3215 umunque
601 3141 736 3212 adjutum,
751 3156 807 3198 non
823 3139 963 3215 prevaluit
1016 3140 1103 3214 magis
1116 3140 1264 3199 similitudo
1285 3142 1425 3213 sapientia
1449 3149 1529 3215 atque
1552 3143 1681 3212 potentiae
1702 3142 1812 3209 divine.

169 3237 258 3286 umen
276 3230 311 3288 de
325 3230 396 3288 bono
411 3230 438 3285 in
454 3228 550 3286 melius
564 3244 595 3286 sc
609 3231 756 3286 extendere
769 3247 776 3288 :
791 3235 895 3301 quanto
909 3233 962 3283 mi·
1015 3229 1128 3303 imagini
1149 3230 1316 3302 superducta
1325 3231 1507 3305 cognoscitur.
1514 3229 1635 3303 Denique
1641 3239 1669 3286 et
1677 3231 1814 3289 amisimus

168 3332 219 3374 nus
232 3317 333 3375 eisdem
349 3334 461 3392 prorsus
474 3316 641 3390 destitutum,
658 3317 692 3374 de
706 3317 775 3373 malo
794 3317 822 3372 in
842 3317 870 3373 id
888 3316 962 3389 quod
1015 3317 1077 3374 illas
1091 3333 1140 3389 per
1162 3318 1278 3392 culpam,
1296 3327 1324 3374 et
1337 3335 1385 3393 per
1398 3320 1512 3391 gratim
1534 3319 1775 3393 recuperavimus;
1790 3330 1814 3378 ει

168 3404 220 3461 fuit
237 3405 349 3475 bonnm,
366 3406 464 3475 poterit
478 3420 528 3478 per
545 3420 575 3460 se
588 3404 677 3476 ipsum
691 3405 855 3477 emergeret
1016 3406 1137 3480 quotidie
1148 3408 1259 3480 quidem
1274 3408 1322 3464 alii
1342 3409 1414 3479 plns.
1442 3409 1488 3464 alii
1511 3408 1609 3477 minus,
1638 3419 1686 3466 aut
1708 3409 1737 3466 in
1752 3409 1813 3483 ipsis

204 3497 250 3551 26.
265 3494 351 3571 ilabet
364 3493 448 3566 igitur
461 3496 543 3551 homo
562 3493 748 3551 necessarium
762 3494 813 3550 Dei
828 3493 961 3562 uirtutem,
1018 3494 1183 3568 proficimus,
1206 3504 1253 3553 aut
1266 3497 1300 3552 ab
1324 3496 1392 3570 ipsis
1410 3495 1560 3555 deficimus.
1589 3497 1711 3554 Possunt
1738 3498 1812 3554 etiam

169 3592 197 3639 et
220 3583 267 3640 Dei
292 3583 452 3656 sapientiam
478 3583 623 3652 Christum,
646 3583 692 3656 qni
716 3599 750 3639 cx
771 3598 805 3641 eo
823 3584 895 3656 quod
917 3601 963 3640 sa·
1017 3585 1058 3641 sic
1071 3585 1167 3657 amitti,
1181 3587 1278 3656 utiam
1305 3600 1360 3643 non
1387 3587 1493 3643 valeant
1519 3587 1675 3658 recuperari
1706 3595 1812 3659 possum

171 3672 271 3746 pientia
284 3680 334 3739 εει,
345 3688 439 3729 rerum
452 3671 479 3730 ci
494 3673 597 3744 Sapere
611 3671 775 3741 reinfundat,
789 3672 818 3728 in
832 3681 965 3730 restaura·
1019 3673 1096 3731 etita
1109 3673 1249 3747 possideri,
1265 3680 1297 3730 ει
1323 3690 1374 3732 nec
1387 3674 1473 3731 amitti
1491 3682 1592 3749 queant
1604 3675 1757 3750 aliqnando
1766 3675 1810 3750 [ol.

173 3761 276 3817 tionem
298 3762 378 3819 ‘liberi
398 3761 524 3831 consilii3
549 3768 578 3817 ct
599 3775 633 3818 ex
654 3776 688 3817 co
711 3762 784 3834 qnod
805 3761 891 3820 virtus
914 3769 966 3828 eat,
1021 3762 1113 3835 aliquo
1127 3762 1232 3837 modo]‚
1249 3779 1300 3821 nec
1315 3764 1411 3821 minui.

171 3847 283 3921 plenum
297 3849 381 3906 Posse
398 3849 533 3920 restituat,
550 3850 577 3904 in
591 3850 877 3921 raparationemliberi
889 3865 966 3907 com-
1054 3855 1099 3907 22.
1132 3852 1218 3921 lan'us
1247 3852 1381 3924 bipartite
1412 3852 1596 3911 similitudinis
1621 3853 1813 3926 sapientirect

170 3937 285 4011 placiti:
308 3946 443 4011 quatenus
464 3953 499 3994 ex
519 3939 602 3995 altero
618 3938 739 4011 pericotc
753 3938 854 4005 bonus,
868 3953 965 4009 pecca·
1020 3939 1147 4012 potentie
1164 3940 1225 4008 Dei,
1240 3955 1294 3998 non
1309 3939 1417 4011 quidem
1431 3941 1458 3997 in
1473 3942 1560 4015 gradu
1573 3956 1692 4010 summo,
1711 3943 1761 4000 sed
1773 3941 1814 4017 qui

171 4033 228 4083 tum
240 4029 296 4099 jam
312 4027 430 4097 nesciat3
447 4043 480 4084 ex
493 4027 578 4083 altero
592 4025 673 4101 plane
688 4028 793 4094 beatus,
809 4027 847 4083 nil
865 4026 965 4084 adrer-
1020 4026 1074 4101 ipsi
1088 4035 1175 4085 tamen
1189 4036 1262 4085 esset
1290 4028 1446 4099 proximior,
1471 4031 1553 4087 bomo
1576 4030 1707 4088 conditus
1725 4040 1766 4088 εει
1790 4031 1814 4086 in

172 4130 234 4172 sum
256 4116 365 4173 sentiat.
380 4115 434 4172 Sed
459 4130 523 4172 sane
545 4115 596 4172 ista
618 4114 753 4190 perfectio
767 4116 795 4172 in
810 4115 967 4174 saturavita
981 4156 1005 4236 Β
1021 4117 1158 4190 paradiso.
1172 4115 1244 4187 Quid
1258 4117 1330 4173 cuim
1340 4118 1456 4177 vicinius
1470 4119 1504 4175 ad
1518 4134 1573 4175 non
1585 4135 1671 4194 posse
1698 4136 1814 4194 ρεεεεε,

173 4211 353 4274 exspectetur,
377 4202 486 4276 qnando
509 4211 623 4275 utraque
646 4220 718 4260 nnnc
731 4204 831 4260 amissa
844 4204 965 4274 libertas,
1021 4206 1061 4264 acl
1076 4205 1177 4262 turbari
1187 4205 1226 4277 (in
1236 4221 1291 4279 quo
1301 4206 1396 4280 utique
1407 4208 1465 4280 jam
1479 4215 1586 4266 unctos
1613 4209 1738 4283 Angelos
1751 4217 1817 4266 stare

173 4291 259 4347 libero
269 4289 379 4346 arbitrio
390 4290 470 4363 plene
479 4289 543 4364 lot..
552 4291 682 4366 plenarie]
692 4291 902 4362 restaurabitur;
913 4308 967 4350 non
1020 4293 1107 4365 (ibt),
1121 4295 1246 4351 etitem
1260 4310 1372 4368 semper
1385 4295 1570 4353 asscdubi'um
1587 4311 1644 4354 non
1661 4302 1726 4366 εει),
1741 4313 1817 4374 quan

172 4377 310 4452 quomodo
331 4380 405 4450 justo
428 4377 513 4438 cuiris
525 4377 554 4435 in
568 4379 621 4436 hoc
638 4380 747 4451 seculo,
767 4389 967 4454 quantumcun·
1019 4397 1102 4456 posse
1115 4389 1143 4438 et
1155 4397 1210 4440 non
1225 4398 1350 4454 paccare,
1365 4391 1392 4440 ει
1405 4399 1461 4441 non
1478 4385 1593 4455 turbari,
1619 4385 1648 4442 in
1667 4402 1725 4458 quo
1739 4388 1817 4444 horno

172 4482 228 4541 qua
245 4465 387 4540 periecto;
405 4482 460 4525 non
473 4467 612 4538 quomodo
628 4469 673 4524 rel
689 4469 757 4541 ipsis
771 4470 867 4543 primis
880 4471 968 4527 borni·
1020 4471 1145 4545 prolecto
1158 4479 1267 4530 creatos
1280 4480 1322 4529 εει
1335 4473 1349 4529 t
1360 4472 1393 4528 ’Δ
1406 4488 1461 4546 quo
1476 4473 1521 4531 illo
1537 4490 1585 4548 per
1598 4473 1752 4549 εεεεειειε,
1766 4475 1818 4530 imo

173 4556 256 4613 nibus
269 4557 361 4613 datum
376 4556 428 4613 luit
441 4571 488 4615 ets
502 4556 603 4613 habere
618 4556 646 4612 in
661 4560 787 4630 paradiso
802 4575 810 4616 ι
826 4559 875 4616 sed
897 4559 969 4617 sicut
1021 4560 1100 4617 nobis
1127 4560 1154 4617 in
1175 4561 1221 4618 illo
1240 4569 1344 4618 etcum
1359 4560 1407 4619 illo
1427 4562 1627 4630 cormeatibus,
1657 4578 1758 4620 rursus
1773 4579 1817 4637 per

172 4648 230 4718 jam
252 4661 324 4703 nnnc
348 4645 439 4720 angeli
461 4643 602 4717 possident
622 4645 651 4702 in
674 4647 753 4705 cralo.
768 4647 879 4704 Interim
903 4663 968 4707 vero
1020 4649 1145 4721 gratiam,
1161 4664 1216 4706 uon
1230 4648 1341 4723 quidem
1356 4652 1456 4721 ipsum,
1470 4648 1520 4708 sad
1533 4667 1585 4726 pro
1598 4650 1661 4724 ipso
1675 4651 1817 4727 quemdam

173 4735 333 4794 sufficiatin
348 4735 527 4806 boccorpore
540 4735 636 4794 mortis
649 4736 769 4809 atquein
793 4738 844 4794 boc
867 4738 969 4796 seculo
1020 4737 1176 4795 interiorem
1202 4738 1316 4813 gradum
1351 4738 1510 4812 recipimus.
1537 4741 1636 4814 Neque
1676 4740 1753 4798 enirn
1778 4740 1819 4797 bic

172 4839 294 4897 nequam,
318 4839 351 4880 ex
373 4822 494 4879 libertate
516 4824 627 4896 quidem
650 4824 755 4882 consilii
780 4831 889 4897 peccato
914 4842 968 4883 non
1021 4841 1165 4899 possumus
1186 4827 1294 4899 penitus
1308 4842 1371 4884 esse
1393 4827 1453 4886 sine
1467 4839 1587 4901 peccato,
1609 4844 1659 4885 sen
1689 4829 1818 4887 miseria:

171 4912 282 4968 obedire
295 4912 323 4967 in
337 4911 573 4983 concupiscentia;
592 4929 629 4969 cx
647 4913 770 4970 libertate
784 4922 872 4970 antem
891 4930 967 4973 com·
1022 4931 1166 4989 possumus
1186 4925 1275 4974 tamen
1287 4919 1375 4989 gratia
1386 4917 1509 4992 iurante,
1528 4933 1580 4976 nec
1606 4930 1722 4991 peccato
1744 4935 1819 4993 sapa·

170 4999 261 5072 placiti
284 5000 397 5058 adversa
420 5015 474 5056 non
498 5000 644 5057 formidare
658 5016 708 5074 pro
726 5001 838 5075 justitia.
854 5003 903 5059 list
916 5019 967 5060 aa·
1021 5005 1086 5073 rari,
1100 5021 1151 5064 neo
1165 5006 1285 5063 miseria.
1296 5007 1457 5080 Quanquam
1473 5008 1720 5082 tamenseriptnra
1730 5011 1820 5084 loqua-

171 5095 226 5144 tem
244 5088 272 5144 in
287 5088 337 5144 hac
356 5103 438 5145 carne
454 5089 556 5160 peccati
570 5096 597 5144 et
615 5088 642 5145 in
657 5089 708 5146 hac
722 5091 777 5148 diei
797 5089 897 5147 malitia
911 5107 967 5149 noo
1020 5104 1081 5152 tur:
1096 5096 1475 5170 onneqoounorumssraae
1483 5099 1603 5156 dcccco
1612 5099 1819 5173 peneotssloorr

170 5176 308 5233 mediocre
322 5176 436 5247 Sapere,
448 5188 570 5250 peccato,
586 5177 637 5234 etsi
652 5194 705 5235 uon
719 5181 773 5248 [ct.
786 5178 917 5252 nondum]
932 5196 967 5236 ex
1019 5197 1061 5250 tn,
1077 5184 1117 5256 9).
1132 5184 1184 5240 Sed
1200 5187 1250 5241 boc
1277 5184 1435 5243 dictumest
1453 5185 1487 5242 de
1510 5186 1713 5254 praedestinatis
1736 5189 1773 5263 ad
1785 5186 1822 5242 ri·

169 5269 225 5321 toto
240 5280 341 5332 carere,
356 5275 431 5322 certe
445 5282 500 5322 non
513 5266 668 5325 consentire
684 5285 691 5323 :
708 5275 735 5323 et
749 5276 791 5324 cst
805 5268 890 5324 Posse
910 5283 965 5325 non
1018 5282 1076 5326 ram
1092 5287 1099 5327 ε
1120 5286 1173 5329 non
1184 5273 1256 5345 quod
1271 5274 1380 5331 omnino
1390 5291 1444 5332 non
1455 5282 1575 5349 peccent,
1586 5276 1637 5334 sed
1661 5278 1739 5349 quod
1763 5292 1821 5351 pre

168 5366 292 5421 parrum,
307 5353 430 5419 εεεεεεε,
442 5354 492 5412 etsi
506 5355 619 5411 necdum
635 5354 746 5414 ielicitar
770 5356 883 5414 omnino
910 5371 967 5415 non
1021 5366 1111 5416 catum
1122 5359 1188 5430 ipsis
1202 5376 1257 5419 non
1270 5360 1430 5436 imputetur,
1445 5365 1517 5434 quod
1538 5363 1581 5422 sal
1595 5367 1713 5440 punitur
1725 5364 1821 5424 cond·

204 5449 280 5521 (tto)
299 5450 365 5506 Aliis
380 5453 440 5519 iam
453 5457 566 5511 sanctor
580 5457 610 5511 ct
619 5455 734 5526 angelos
748 5459 826 5512 sture
842 5473 850 5510 ι
866 5462 893 5510 ει
907 5456 1067 5530 conjunctio
1081 5459 1107 5516 ri
1121 5457 1196 5517 deest
1214 5458 1242 5520 iu
1257 5461 1345 5522 tribas
1358 5464 1458 5522 nocuis
1467 5463 1674 5538 ummcuprtr.

1313 1408 1429 1469 caput
1453 1411 1503 1468 lx.

973 1590 995 1670 fl
1011 1587 1166 1660 iorcpiacm
1184 1591 1212 1646 at
1226 1585 1446 1646 similitudinem
1459 1589 1519 1656 Dei,
1533 1588 1570 1645 nd
1597 1605 1688 1662 quom
1703 1590 1810 1649 condita

1115 1674 1224 1725 sumto,
1235 1660 1267 1715 io
1283 1658 1390 1732 triptici
1405 1658 1533 1717 libertate
1547 1661 1714 1720 concutere.
