3728 5940
139 197 193 265 769
562 196 607 257 ult
618 195 900 259 consultationi
913 195 1007 259 item
1023 197 1180 270 QUINQUE.
1194 230 1229 243 -
1243 197 1307 261 bib.
1322 198 1368 261 tlt.
1735 204 1791 269 πθ

139 323 258 380 tudinem
268 323 369 380 dictum
381 337 453 391 reor,
464 321 537 393 quod
547 320 827 394 sicutillicSaraphim
839 335 866 380 et
874 324 939 382 Cbe·
994 326 1156 398 populorum
1176 325 1222 392 ;si
1249 325 1358 380 demum
1386 334 1478 381 uestra
1495 329 1619 398 ipserum
1638 330 1787 402 apostatae

139 409 237 477 rubim,
253 428 284 466 ac
294 408 385 467 caeteri
396 409 498 482 quique
515 408 809 487 usiqueadbngeloset
821 419 944 476 Archan-
995 415 1120 471 mandata
1148 424 1176 469 et
1190 413 1312 470 instituta
1330 428 1372 480 aa,
1392 428 1447 486 qna
1457 413 1572 487 dignuin
1585 424 1636 484 est,
1651 419 1785 479 iudicitu-

138 499 225 570 gclns,
241 498 400 557 ordinantur
418 498 469 554 sub
485 498 637 570 unocapite
655 500 731 569 Deo;
751 501 791 558 ite
809 504 853 561 hie
867 524 941 578 qim-
996 502 1058 559 diue
1077 506 1265 570 observentur,
1277 520 1311 559 na
1329 502 1394 576 qnid
1413 503 1441 557 in
1454 518 1521 576 agro
1540 504 1647 562 Domini
1674 509 1713 567 tui
1740 516 1790 565 aut

139 603 192 657 que
207 588 257 643 sub
273 603 328 644 uno
348 601 454 643 summo
466 585 744 659 Pontifieepriuiates
761 589 805 645 sel
821 595 941 664 patrier-
995 591 1122 664 neglectu
1134 591 1276 662 incultum,
1284 599 1330 646 aut
1348 591 1442 648 [raude
1451 593 1611 663 subreptum
1625 594 1788 654 invenisne.

138 675 206 744 chae,
223 674 434 747 archiepiscopi,
450 674 746 748 episcopipresbyteri,
762 678 806 736 uel
819 683 940 754 abbates,
996 680 1078 737 Posse
1093 681 1210 737 inveniri
1223 697 1259 737 ne
1281 679 1397 738 dubites.
1419 680 1485 736 blilii
1504 680 1534 737 in
1547 690 1674 756 promptu
1688 694 1731 753 est
1747 685 1790 756 (ιιι

138 771 165 816 et
180 762 276 836 reliqui
286 764 312 819 iii
327 764 399 820 huuc
413 762 536 820 moduni.
547 763 608 820 Non
622 771 664 819 est
676 765 752 834 parvi
765 771 940 839 pendendum
996 770 1079 824 multa
1105 778 1130 824 et
1152 768 1293 825 innumera
1319 769 1534 841 pretermittam,
1557 786 1619 842 quie
1634 773 1790 842 possimne·

139 850 213 922 quod
226 861 253 908 et
266 850 354 906 ileum
381 851 462 907 babet
490 859 641 918 auctorem,
668 862 694 909 et
722 854 757 910 de
778 857 847 916 ooelo
866 861 964 919 ducit.
996 856 1197 928 sicuiajacent)
1218 856 1348 912 nonnulla
1376 858 1455 912 etiam
1476 873 1509 913 ex
1524 857 1568 913 his
1581 874 1642 931 quie
1662 859 1792 933 punierit

141 938 284 1010 originem.
302 939 379 1010 Quod
401 939 425 995 si
449 937 521 995 dicat
544 940 701 1011 episcopus.
716 941 785 1000 Nolo
808 961 868 1004 esse
890 952 943 1007 sub
997 945 1106 1001 dextera
1118 952 1173 1016 tua,
1189 945 1320 1001 convulsa
1331 952 1490 1004 monstrare.
1507 947 1602 1003 Nonne
1617 964 1650 1004 os
1670 957 1748 1004 tuum
1762 948 1791 1005 in

142 1027 363 1101 archiepiscop03
380 1037 428 1084 aut
441 1029 537 1099 abbas,
562 1027 634 1086 Nolo
652 1029 762 1088 obedire
789 1036 939 1108 episeopo:
997 1033 1125 1090 ilamensi
1151 1032 1268 1090 concilio
1295 1033 1418 1103 subiecta
1442 1033 1558 1107 capitula
1589 1036 1791 1110 promulgavit?

142 1116 196 1171 lion
210 1116 244 1173 de
259 1117 328 1174 eoelo
343 1133 397 1173 uon
413 1125 464 1175 est.
476 1116 536 1175 Nisi
548 1122 575 1172 tu
586 1115 654 1174 iorte
667 1119 836 1191 Angelorum
851 1143 943 1196 quem.
997 1119 1064 1191 Quis
1079 1137 1112 1177 ea
1140 1122 1231 1178 teneti
1245 1121 1306 1195 quis
1322 1120 1416 1179 tenuit.
1443 1122 1555 1181 Falleris
1567 1124 1593 1180 si
1607 1123 1692 1181 teneri
1706 1134 1793 1194 putes.

143 1204 215 1273 piam
234 1204 371 1277 dicentem
385 1202 494 1272 audisti,
513 1205 582 1262 Nolo
600 1205 652 1261 sub
665 1207 848 1283 Archangelis
861 1231 940 1275 esse:
997 1209 1025 1266 Si
1036 1226 1091 1266 non
1100 1218 1191 1280 putas,
1204 1211 1263 1284 ipse
1275 1210 1403 1281 peccasti,
1417 1217 1464 1266 aut
1477 1218 1600 1268 statuens
1613 1228 1674 1285 quae
1688 1227 1745 1268 non
1757 1221 1795 1283 te·

142 1302 189 1348 aut
214 1309 249 1349 ex
275 1294 328 1350 alio
355 1294 477 1367 quolibet
494 1292 655 1350 interiorum
679 1296 803 1353 ordinum
826 1300 944 1374 aliquem
998 1306 1193 1365 nerentur,aut
1207 1299 1705 1369 quodaoateneniirdisainulane·
1723 1300 1796 1360 Pras-

142 1393 199 1435 nen
225 1380 357 1437 terentem
386 1382 500 1438 subesse
527 1377 664 1453 ct'iiquam,
688 1383 742 1438 nisi
771 1386 841 1445 Deo.
861 1390 944 1461 Quid,
998 1387 1148 1458 cipimus.»
1165 1387 1277 1455 aisti,nt
1290 1398 1346 1444 tam
1360 1389 1483 1461 episcopi
1492 1405 1573 1460 quani
1588 1389 1693 1457 clerici,
1707 1405 1796 1464 neque
1821 1446 1828 1459 ,

144 1469 258 1543 inquis?
271 1470 402 1542 prohibes
421 1470 578 1542 dispensare
593 1471 607 1525 i
630 1470 700 1539 Non,
724 1473 772 1528 sed
793 1474 940 1550 dissipare.
998 1475 1028 1531 iii
1040 1477 1238 1548 superfluitate,
1250 1493 1299 1533 seu
1314 1477 1456 1533 inhonesta
1466 1477 1736 1550 iarieniecolerum,
1751 1486 1797 1536 aut

142 1558 202 1614 Non
215 1574 274 1613 sum
289 1566 343 1614 ιιιι
359 1557 441 1628 rudis,
456 1566 487 1613 ut
502 1559 625 1632 ignorem
639 1559 744 1633 positos
757 1577 808 1619 ios
825 1566 941 1640 dispen-
997 1565 1094 1621 iissura
1113 1565 1238 1633 reddum,
1255 1582 1344 1637 neque
1359 1567 1387 1621 in
1402 1576 1525 1637 tonsura,
1538 1566 1702 1623 intuentium
1717 1569 1797 1642 lquo-

146 1653 260 1714 satores,
277 1647 324 1702 sed
339 1646 368 1702 in
388 1644 604 1714 edificationem,
620 1663 674 1705 noo
688 1649 715 1704 in
729 1650 943 1712 destructionem
959 1640 982 1718 Β
998 1671 1056 1709 rum
1069 1654 1154 1710 torma
1168 1664 1195 1710 at
1208 1654 1362 1727 exemplum
1374 1669 1434 1710 esse
1444 1654 1554 1726 debent)
1567 1654 1796 1728 ouendmiaspe·

142 1735 181 1806 (ll
195 1736 255 1791 Cor.
274 1749 337 1791 xui.
365 1735 420 1808 itt).
435 1734 557 1807 Denique
575 1737 709 1810 quaeritur
721 1738 791 1797 inter
812 1743 947 1814 dispensa·
1003 1751 1095 1815 ctum,
1110 1743 1158 1798 sed
1174 1744 1264 1814 potius
1275 1744 1313 1799 ita
1325 1743 1354 1799 in
1368 1743 1424 1799 suia
1438 1743 1544 1799 actibus
1567 1749 1654 1800 errati
1668 1744 1796 1801 condetu-

142 1833 226 1895 tores,
242 1833 273 1881 ut
298 1824 385 1881 fidelis
402 1825 466 1898 quis
480 1826 631 1882 inveniatur
656 1827 684 1899 (l
697 1828 758 1886 Cor.
774 1845 812 1900 iv,
828 1834 867 1903 2).
894 1834 945 1891 Ubi
1001 1840 1077 1902 nent,
1092 1840 1119 1887 et
1132 1847 1253 1888 amorem
1276 1831 1438 1888 innocentie
1459 1831 1665 1890 convenitioua
1681 1831 1794 1888 demon·

145 1913 293 1970 necessitas
331 1920 419 1988 urget,
437 1914 600 1970 excusabilis
628 1914 794 1986 dispensatio
807 1930 849 1977 est
870 1940 877 1976 :
900 1921 946 1977 ubi
1001 1929 1098 1993 strent,
1134 1919 1203 1977 sicut
1229 1920 1348 1992 dignitas
1378 1920 1462 1994 exigit
1498 1919 1600 1977 ordinis
1624 1920 1794 1977 clericorum.

149 2003 249 2058 utilitas
280 2010 418 2075 prouocat,
452 2002 618 2075 dispensatio
647 2004 792 2063 laudabilis
805 2015 846 2063 est
874 2011 944 2084 (bt).
1000 2009 1079 2079 Quod
1093 2011 1119 2067 si
1133 2009 1231 2066 moniti
1249 2012 1283 2066 ab
1301 2013 1438 2081 episcopis
1455 2011 1513 2067 suis
1527 2010 1597 2065 intra
1618 2009 1796 2082 quadraginta

145 2092 261 2161 Utilitas,
287 2092 360 2160 dico,
384 2093 545 2160 communis,
570 2107 624 2149 noii
653 2093 762 2165 propria
786 2096 853 2166 (ιο).
876 2098 946 2156 Nam
1000 2097 1057 2154 dies
1079 2114 1135 2154 non
1155 2098 1409 2170 obtemperaverint,
1435 2097 1629 2155 ecclesiasticis
1656 2095 1797 2155 benefieiis

64 2203 66 2208 ’
143 2195 206 2236 oum
222 2180 258 2235 nil
273 2182 369 2237 liorum
396 2188 445 2250 est,
474 2195 526 2237 non
551 2180 630 2253 plane
662 2181 750 2236 tidelis
768 2182 945 2257 dispensatio,
1000 2187 1157 2243 eorumdem
1186 2184 1346 2257 pontificum
1372 2186 1534 2243 auctoritate
1559 2186 1713 2260 priventur.
1727 2185 1796 2258 Epi·

145 2271 195 2324 sed
214 2270 332 2326 crudelis
356 2268 496 2340 dissipatio
510 2277 562 2326 est.
587 2270 722 2327 Nonnulla
741 2277 831 2330 tamen
849 2288 945 2332 mona·
1000 2276 1077 2347 scopi
1090 2292 1168 2342 uero,
1188 2278 1210 2330 si
1227 2275 1362 2348 praelixam
1378 2274 1429 2348 [ut.
1444 2274 1593 2347 prietatem}
1609 2275 1796 2347 poenamirrn·

145 2357 235 2425 steria,
250 2358 300 2417 sita
316 2358 343 2413 in
357 2359 472 2415 diversis
486 2357 696 2432 episcopatibus,
712 2362 785 2431 quod
801 2361 947 2432 specialius
1002 2380 1067 2439 gare
1093 2365 1271 2438 neglexerint,
1300 2363 1539 2437 quiainleriorum
1554 2363 1639 2437 culpae
1661 2363 1694 2419 ad
1708 2361 1798 2419 nullos

145 2446 323 2516 pertinuerint
337 2447 371 2502 ab
385 2447 445 2520 ipsa
459 2446 505 2503 sui
520 2446 678 2506 fundatione
701 2448 734 2504 ad
759 2449 854 2507 Sedem
878 2468 945 2524 apo-
1000 2453 1087 2527 magis
1110 2452 1260 2511 referende
1287 2458 1350 2508 aunt
1377 2467 1457 2525 quam
1477 2452 1512 2507 ad
1530 2451 1638 2508 desides
1659 2450 1798 2524 negligen-

144 2536 264 2593 stolicam
288 2553 338 2608 pro
367 2538 505 2594 voluntate
534 2537 718 2605 fundatorum,
734 2539 797 2610 quis
815 2541 945 2597 nesciat?
1000 2548 1094 2614 tesque
1122 2552 1260 2609 rectores;
1291 2539 1384 2597 tandiu
1404 2540 1438 2595 ab
1458 2539 1550 2597 allido
1565 2537 1712 2610 pontificali
1730 2537 1796 2592 aba·

144 2626 200 2682 Sed
229 2625 303 2682 aliud
333 2634 375 2683 est
400 2628 473 2700 quod
501 2627 615 2700 largitur
629 2627 747 2696 devotio,
772 2629 844 2685 aliud
872 2631 945 2702 quod
1000 2630 1113 2700 tineent,
1140 2631 1228 2687 donec
1242 2645 1376 2702 poenama
1390 2628 1469 2686 nobis
1492 2627 1665 2685 constitutam
1692 2624 1797 2683 clericis

145 2715 254 2772 molitur
268 2716 378 2775 ambitio
393 2715 538 2790 impatiens
546 2717 741 2790 {subiectionis
756 2718 791 2774 Et
806 2718 865 2777 hoec
877 2718 947 2778 dicta
1001 2718 1053 2774 sibi
1066 2718 1196 2788 subjectis
1222 2718 1362 2790 imponant
1376 2720 1458 2788 (Con.
1482 2718 1520 2789 2).
1536 2715 1605 2774 ilud
1620 2717 1701 2774 atiani
1719 2710 1798 2771 dusi-

147 2807 181 2863 de
195 2806 248 2863 iiis.
1000 2824 1061 2864 mus
1088 2808 1300 2876 annectendum,
1316 2820 1346 2864 ut
1359 2807 1491 2863 nullusin
1513 2805 1734 2862 archidiaconum
1754 2800 1798 2860 sel

419 2895 501 2954 ΔΜ
516 2895 628 2954 CAPUT
642 2899 674 2954 V.
1000 2899 1144 2965 decanum,
1158 2896 1212 2953 nisi
1225 2896 1359 2955 diaconus
1373 2903 1400 2953 et
1412 2896 1555 2969 presbyter
1576 2893 1726 2965 ordinetur,
1740 2890 1797 2990 Ar·

147 3004 261 3059 Summo
280 3004 416 3073 Pontifici
434 3004 597 3061 incumbere
610 3020 710 3061 ceram
723 3004 758 3062 de
781 3006 944 3078 apostolicis
960 2992 982 3070 Β
998 2983 1151 3040 “hidiflfflni
1165 3001 1242 3084 ΨΟ·
1253 2985 1349 3042 dmm
1362 2992 1389 3084 ⁰¹·
1402 2983 1552 3084 lifoeP‘iffffit
1568 2999 1615 3056 (ιω
1631 2981 1700 3080 'usn
1713 2978 1798 3037 ⁰¹⁶¹·

181 3074 310 3141 decretis,
323 3080 352 3130 el
377 3078 519 3147 mojorem
536 3077 677 3135 institutis
686 3094 738 3149 per
752 3081 844 3135 toturn
853 3077 948 3137 orbem
999 3089 1049 3130 nes
1062 3082 1271 3144 prenominatos
1281 3082 1352 3141 sunt,
1367 3088 1392 3128 ιι
1405 3071 1591 3129 inobedientes
1600 3070 1719 3126 ordinari
1732 3082 1798 3125 eou-

181 3145 334 3203 thmdt'i·
1001 3163 1171 3234 tempserint,
1181 3164 1285 3220 bonore
1310 3168 1438 3235 suscepto
1452 3160 1603 3232 prirentur.
1619 3156 1798 3215 Prohibemua

181 3254 225 3307 ts.
255 3252 385 3324 Superest
408 3260 437 3307 ut
467 3253 629 3325 generaliter
660 3270 744 3327 super
784 3253 946 3313 uniuersum
1001 3258 1090 3309 autem
1116 3269 1150 3309 ne
1169 3251 1398 3318 adolescentibus,
1427 3249 1473 3309 sel
1488 3247 1663 3306 inimrsacros
1680 3245 1798 3329 Ordines

147 3340 276 3396 Ecclesiae
292 3348 389 3398 statum
412 3341 533 3398 intendat
560 3341 741 3401 consideratio
759 3344 863 3402 tna:si
890 3344 948 3418 ple-
1004 3343 1168 3411 constitutis,
1185 3341 1234 3398 sed
1261 3341 1307 3415 qui
1323 3339 1463 3413 prudentia
1477 3336 1580 3397 etrite
1592 3335 1688 3395 merito
1711 3333 1797 3393 ctare-

147 3430 195 3484 bes
210 3431 327 3500 clericis,
356 3431 379 3486 si
403 3431 496 3490 clerici
528 3430 728 3502 sacerdotibus,
744 3433 767 3489 si
795 3434 948 3492 sacerdotes
1001 3443 1090 3502 scunt,
1107 3428 1548 3504 predicticoncedauturlionores
1561 3428 1643 3502 (dan.
1656 3426 1719 3499 ⁹).»

147 3518 203 3576 Deo
219 3520 247 3574 in
263 3535 304 3588 ea,
320 3535 373 3590 qna
387 3521 665 3591 oportet,bumilitate
694 3522 809 3593 subjecti
822 3523 894 3592 sint;
924 3525 950 3584 si
1036 3522 1125 3578 ilerba
1154 3531 1198 3577 tua
1229 3522 1309 3579 baec:
1349 3525 1378 3575 tu
1416 3516 1537 3576 ιιιιιὶιιί.
1578 3514 1650 3588 Quid
1691 3509 1799 3573 etteetii

145 3609 174 3664 in
207 3610 377 3667 monasteriis
403 3620 430 3666 et
456 3611 590 3683 religiosis
615 3613 683 3668 locis
718 3622 842 3672 servetur
866 3615 947 3685 ordo,
1001 3609 1207 3681 mancipatum?
1231 3610 1328 3666 Adbuc
1346 3608 1541 3675 adolescentes,
1556 3605 1648 3663 adbuc
1668 3602 1715 3679 qui
1728 3601 1799 3661 iutro

147 3700 240 3770 vigilet
257 3698 416 3770 disciplina;
432 3700 454 3754 si
472 3715 553 3770 super
576 3715 658 3771 prava
672 3716 754 3773 opera
768 3710 796 3759 et
822 3703 950 3775 dogmata
1004 3712 1098 3753 sacros
1114 3696 1232 3754 Ordines
1246 3705 1320 3766 sunt,
1331 3695 1359 3750 in
1368 3694 1486 3752 Ecclesia
1499 3700 1703 3765 promoventur.
1720 3690 1799 3762 Quod

150 3802 267 3842 censura
285 3786 466 3843 ecelesiastica
480 3787 592 3860 vigeam
613 3789 637 3844 ιι
659 3787 776 3845 floreant
788 3789 875 3848 vinee
898 3793 947 3847 no-
1004 3785 1037 3840 ad
1057 3783 1174 3853 primum
1193 3782 1342 3856 capitulum
1362 3781 1496 3855 pertinet:
1517 3783 1598 3840 inrui
1621 3782 1739 3840 redum
1753 3777 1798 3836 ta·

148 3880 252 3930 aestate
265 3883 293 3932 et
310 3875 488 3931 sanctimonia
507 3877 676 3934 sacerdotum
691 3878 706 3932 i
719 3877 743 3933 si
752 3877 833 3935 llores
845 3877 950 3935 unctus
1005 3872 1135 3930 terdiotus
1148 3872 1217 3944 (tt),
1236 3872 1282 3928 sed
1292 3886 1348 3927 non
1357 3872 1513 3942 restrictus,
1531 3884 1612 3945 puina
1625 3871 1737 3941 dictita,
1750 3868 1799 3928 sed

150 3963 307 4035 parturiant,
336 3963 518 4020 obedientiam
546 3963 608 4038 lot,
634 3965 799 4039 obedientia}
827 3966 948 4025 lidelium
1004 3960 1113 4018 minime
1133 3967 1226 4017 tetulit
1256 3967 1307 4018 ett-
1321 3959 1381 4017 itm
1399 3966 1512 4033 quattus
1524 3974 1613 4017 tonus
1626 3968 1678 4023 est.
1693 3976 1727 4041 ex
1743 3972 1799 4034 quo

189 4082 247 4150 qis)
262 4079 385 4135 Notanda
399 4079 528 4135 bernardi
552 4081 579 4134 in
593 4080 706 4137 materia
720 4081 949 4153 dispensationum
1008 4080 1128 4157 ioannes
1141 4075 1363 4159 saresberiensis,
1383 4076 1410 4131 in
1424 4075 1581 4143 Polycratici
1597 4073 1670 4160 libro
1690 4078 1717 4143 ι,
1737 4089 1801 4205 Ἥ

151 4150 284 4207 sententie
302 4168 308 4207 :
325 4166 423 4222 nempe
436 4158 466 4205 ut
484 4150 593 4207 nonnisi
601 4152 759 4209 necessitate
772 4168 898 4227 urgente,
922 4162 951 4210 et
1005 4153 1042 4206 t:
1070 4168 1086 4232 r·
1112 4149 1168 4205 Nec
1196 4151 1294 4205 temen
1321 4148 1562 4220 dispensationem
1581 4147 1648 4219 ieris
1666 4145 1717 4204 sai
1731 4162 1763 4204 ιι

151 4222 288 4277 communi
303 4222 418 4277 utilitate
432 4224 561 4279 suadente
580 4221 760 4294 dispensetur.
780 4224 841 4279 lam
855 4240 950 4283 vereor
1004 4222 1137 4278 mannas
1145 4218 1800 4302 potestatem:radperpetttnmproeeepttonsttt,

151 4294 251 4363 sepina
261 4291 421 4363 dispensari,
440 4293 487 4348 ubi
501 4294 652 4350 necessitas
669 4302 696 4350 et
710 4295 810 4352 utilitas
823 4298 872 4353 rel*
892 4313 949 4353 non
964 4282 988 4361 ὓ
1005 4295 1057 4349 aut
1077 4291 1298 4374 prohibitionem
1323 4290 1563 4375 libertinitate
1578 4306 1676 4351 eoram
1687 4304 1800 4364 nequa·

151 4372 200 4427 est,
216 4365 258 4420 vel
273 4372 376 4419 tentum
392 4365 495 4434 priuata
515 4371 568 4422 ιιι.
583 4364 655 4434 Quid
678 4377 769 4422 autem
783 4368 827 4424 liic
840 4376 880 4424 est
893 4370 950 4424 dis·
1005 4380 1089 4436 quom
1103 4362 1228 4441 arbitror
1242 4362 1444 4446 supponenda..
1454 4360 1483 4418 td
1497 4362 1541 4419 liis
1551 4365 1648 4435 itaque
1657 4362 1800 4446 itonteeatt

152 4452 265 4507 pensare
281 4452 362 4492 sensu
376 4436 515 4500 bernardi,
527 4436 579 4494 nisi
592 4436 745 4509 dissipare?
755 4439 789 4494 Et
802 4439 845 4494 bis
854 4440 948 4496 merito
1003 4452 1067 4517 qne
1075 4435 1192 4491 notizia
1199 4438 1278 4506 sent,
1289 4435 1459 4514 dispensatio
1465 4432 1800 4518 selummodmtttrttsr:

153 4508 197 4562 illa
211 4507 345 4576 ejusdem.
357 4507 384 4574 S,
398 4508 484 4562 Patris
498 4509 579 4563 rerba
598 4510 765 4581 ingerimur:
784 4531 795 4561 i
814 4510 884 4579 (ιιι
900 4512 952 4568 tibi
1008 4512 1049 4562 ite
1061 4511 1158 4563 temen
1173 4510 1440 4578 utcompensetione
1453 4504 1608 4563 Ιιιιιιιιιιιι
1622 4510 1674 4562 erit
1687 4504 1802 4586 striato·

153 4581 267 4649 l'restrn
289 4581 432 4650 quispiam
446 4578 595 4635 itenditur
608 4581 830 4651 declamatione
842 4585 954 4656 aposto·
1008 4580 1043 4635 tir
1066 4593 1146 4634 mens
1156 4578 1224 4659 tegis
1237 4578 1351 4650 integre
1375 4580 1587 4634 conservetur.»
1603 4577 1715 4648 legesis
1727 4573 1802 4646 apud

155 4651 210 4705 tien
226 4651 515 4721 eejerconscientium
522 4649 618 4707 divine
629 4652 747 4725 ligatam
757 4656 835 4710 tenet
844 4657 954 4712 senten
1006 4650 1129 4727 eumdem
1145 4650 1208 4703 libri
1222 4650 1329 4730 tcaput
1344 4650 1392 4730 tt..
1794 4714 1800 4728 .

158 4722 952 4794 tiataepistolat‚adltobertuiri.ltemilla:iQuedetoos
1037 4722 1094 4792 (4⁰)
1117 4720 1231 4777 Vossius
1253 4736 1281 4775 in
1308 4734 1430 4801 margine
1461 4728 1545 4802 notae
1562 4733 1620 4776 nott
1639 4720 1706 4785 teor
1724 4730 1802 4788 quast

161 4808 269 4864 quoqrie
278 4810 337 4850 non
351 4796 495 4851 immerito
506 4798 707 4861 timentes,nee
716 4799 787 4852 sctis
796 4797 829 4852 de
838 4799 954 4869 proprie
1006 4795 1125 4865 proprie
1139 4791 1311 4873 reiereudum
1326 4799 1360 4846 ιιι
1374 4792 1416 4875 Ιιι
1434 4790 1603 4856 Pontificem,
1622 4803 1679 4844 uon
1690 4788 1725 4844 ud
1738 4802 1802 4845 euin

159 4879 245 4918 caesa
264 4866 447 4936 confidentes,
463 4882 602 4923 remorsas
617 4882 650 4923 ac
669 4866 859 4924 remordentes
878 4883 956 4926 cem-
1007 4863 1050 4919 oui
1063 4864 1221 4919 conceditur
1235 4863 1410 4943 dispensatio.
1585 4930 1613 4942 ..
1746 4928 1752 4942 ,

152 4934 272 5003 cientins
282 4939 537 5008 apostolienconeti
547 4941 614 4995 estis
628 4938 749 4994 delinire
760 4939 916 4995 sententia.
933 4939 953 4995 0
1043 4934 1101 5007 (tt)
1124 4934 1190 4991 AEuo
1209 4932 1337 5014 Bernardi
1360 4934 1455 4989 luxum
1474 4939 1500 4989 et
1519 4931 1659 5015 mollitiem
1683 4938 1802 4998 rossum

154 5005 292 5075 frivolum
301 5010 373 5062 sutis
385 5009 540 5065 rmieitiem
550 5010 561 5062 l
571 5009 644 5084 qnod
657 5026 715 5065 non
732 5014 774 5065 est
788 5009 879 5076 atiud,
895 5010 954 5065 nisi
1007 5005 1075 5061 iuter
1088 5003 1202 5087 clericos
1220 5020 1254 5061 eo
1268 5020 1365 5076 magis,
1389 5010 1416 5060 et
1431 5018 1504 5084 ¹pene
1526 5016 1638 5084 impune
1652 5008 1803 5075 grassum

154 5078 480 5148 merel’rotnptertorern
490 5081 659 5136 cauteriatis
670 5082 850 5137 conscientiis
858 5085 955 5138 temere
1008 5084 1118 5134 censent
1131 5075 1260 5148 plerique,
1280 5073 1354 5148 quod
1368 5090 1385 5155 e
1398 5074 1631 5156 primauobilitate
1652 5080 1715 5130 tune
1738 5072 1802 5157 piu·

150 5147 516 5219 perrmnataetdettcetait
539 5151 814 5216 nilamnionem
834 5153 955 5210 medico·
1009 5165 1070 5216 res3
1099 5148 1128 5202 in
1156 5147 1257 5203 cletum
1291 5149 1400 5213 tdlttib
1418 5154 1446 5226 {²¹
1469 5160 1524 5215 tam
1546 5148 1632 5227 ridens
1658 5144 1804 5217 θΙθιΙΜ

155 5223 296 5275 mentum.
306 5218 503 5290 apostoticam,
512 5223 657 5293 inquient,
666 5224 815 5280 licentiam
824 5226 954 5296 quesivi·
1008 5219 1120 5302 assueti,
1142 5233 1208 5291 agre
1222 5234 1251 5276 se
1265 5218 1299 5272 ad
1317 5216 1476 5272 modestiam
1489 5164 1706 5289 etfmgititatcm
1725 5230 1803 5279 stunt)

157 5291 580 5363 ines,irnpetrevirnris‚lltinem
590 5308 648 5349 non
659 5295 955 5423 licentiamqnaesisae·
1008 5297 1080 5348 statu
1092 5293 1202 5364 dignam
1216 5284 1425 5362 componerent:
1442 5287 1509 5361 quiri
1520 5298 1548 5345 et
1566 5289 1622 5344 boc
1634 5289 1716 5344 modo
1729 5287 1801 5361 pris·

160 5364 257 5433 tieret
272 5363 434 5420 concilium.
450 5363 541 5432 idest,
557 5379 614 5419 non
628 5366 804 5432 estimatae
837 5383 874 5424 en
890 5368 955 5427 liee-
1009 5362 1094 5419 tinum
1114 5360 1288 5434 splendorem
1311 5367 1338 5417 et
1353 5358 1504 5442 stemmatis
1518 5358 1706 5417 excolentiam
1720 5374 1807 5432 pem-

156 5439 212 5501 ret,
229 5439 283 5490 etc.
302 5456 313 5485 i
331 5436 368 5491 lta
378 5434 528 5490 bernardus
543 5436 623 5507 epist.
638 5438 666 5505 t,
682 5437 730 5491 ubi
743 5446 835 5495 notmu
849 5439 956 5512 dignis·
1009 5433 1070 5492 liari
1087 5435 1211 5493 seatium
1230 5433 1304 5490 cultu
1326 5438 1397 5489 tueri
1423 5431 1533 5503 selleut,
1547 5447 1582 5488 ne
1594 5430 1699 5491 tortae
1725 5431 1805 5503 plebs

164 5506 233 5562 sima
247 5511 318 5565 circa
332 5506 557 5578 dispensationes,
579 5523 637 5568 an.
651 5511 680 5582 7,
700 5512 833 5583 usquead
856 5526 885 5567 n.
908 5513 954 5568 tt.
1009 5507 1095 5568 inssi
1122 5513 1284 5570 merorum
1311 5503 1471 5569 riderentur
1492 5503 1637 5577 umbil-
1667 5501 1808 5578 &dvii
