3714 5940
72 193 130 256 8⁰5
491 194 536 256 Ittt
550 193 830 256 coustuautrlottt
850 192 940 256 albai
954 195 1112 276 admota.
1129 230 1165 247 ·-
1181 201 1245 277 Lib.
1266 206 1299 269 V.
1665 221 1722 289 m

72 320 225 392 otllncobr‘
238 335 275 386 rr,
296 320 562 392 comprecantur
585 319 639 377 alio
656 319 727 384 loco,
743 320 788 376 Sic
802 336 867 376 cur·
882 337 907 417 g
925 321 986 393 ipsa
1013 325 1121 397 gemina
1140 344 1148 381 τ
1170 329 1252 387 timor
1277 334 1385 391 Domini
1414 349 1535 412 namna,
1558 353 1587 401 ar
1609 356 1720 405 m

71 416 140 476 rate,
156 410 250 482 inquit,
261 415 294 466 att
306 410 549 484 comprehendatis
561 409 587 479 (1
601 410 663 466 Cor.
679 422 710 464 tx
724 406 782 479 tt).
796 406 867 477 Quid
924 426 1011 468 amor.
1027 411 1074 470 llis
1090 417 1209 487 perlecta
1223 420 1323 479 allecta
1345 425 1445 495 anima,
1460 429 1717 505 velacquibudm

72 500 110 556 ait
125 499 367 570 comprehendere,
385 497 499 555 inlerins
513 497 671 554 declarabo.
920 499 1026 557 duobus
1054 501 1172 560 brachiis
1202 508 1260 565 suia
1292 514 1510 584 comprehendit,
1534 523 1707 593 ammius
1801 508 1807 519 ,

108 590 152 643 at.
169 585 240 655 Quid
263 585 405 660 igiturest
433 586 531 640 Deixs‘i
556 582 719 657 longitudo,
745 583 865 656 inquam.
921 588 1037 661 stringit,
1053 601 1136 659 tenet,
1153 605 1181 651 et
1199 595 1258 652 ait:
1282 601 1368 658 Tanai
1393 620 1470 672 eum,
1498 624 1550 666 aar
1568 569 1716 671 dimica}

71 672 142 742 Quid
157 674 239 744 ipsa?
262 673 416 731 AEteruitas.
442 673 504 728 llaec
517 674 572 727 tam
595 669 686 745 longa,
702 680 733 727 ut
746 687 801 728 non
816 673 865 727 lra-
921 677 1131 751 (deotmunt).
1149 682 1270 741 Ettimor
1282 688 1391 758 quidem
1405 693 1514 748 sublimi
1528 703 1556 751 et
1570 698 1716 770 profunda,

70 763 135 818 beat
160 762 312 826 terminum,
338 775 391 817 uon
420 760 506 834 magis
535 759 597 828 loci,
623 775 703 832 quam
725 759 864 831 temporis.
921 780 997 820 amor
1015 765 1109 825 latoet
1137 770 1218 842 longo
1236 777 1393 847 respondet.
1415 778 1487 849 Quid
1501 795 1554 839 tam
1569 785 1717 846 timendum

68 854 119 908 Est
135 860 160 908 et
174 851 298 907 latitudo.
324 850 370 906 Est
384 849 540 923 ipsaquidi
567 848 701 906 Charitas.
720 848 824 918 Quibus
839 860 868 906 et
922 869 1003 925 quana
1016 862 1145 927 potestas,
1160 859 1204 914 cui
1230 878 1284 917 non
1312 873 1390 936 potes
1413 869 1555 941 resistere;
1570 890 1651 947 quam
1670 893 1716 933 aa.

67 941 121 996 ista
143 940 263 996 terminis
285 947 442 1011 augustetur
462 939 490 995 in
509 939 579 1008 Deo,
598 938 645 1011 qui
664 937 729 992 nihil
744 936 867 995 oditeo·
922 941 1029 1012 pientia,
1062 946 1103 1000 cui
1133 948 1259 1005 abscondi
1284 967 1338 1009 non
1368 958 1464 1025 peres?
1492 960 1600 1018 potem
1626 964 1717 1022 minu,

66 1047 130 1085 rum
149 1045 209 1100 quae
229 1027 345 1084 lecerit?
373 1027 492 1100 Denique
520 1028 604 1084 solem
619 1042 700 1084 suum
714 1025 779 1082 oriri
804 1025 866 1082 iacit
922 1030 1008 1087 umeri
1022 1033 1104 1100 Deus,
1128 1035 1257 1094 alterutro
1272 1055 1374 1098 carens.
1391 1044 1470 1102 Nunc
1483 1057 1575 1104 auteur
1593 1051 1716 1121 perieras

66 1136 151 1189 super
166 1119 252 1174 bonos
267 1128 294 1173 et
309 1117 402 1183 malos,
424 1114 491 1187 pluit
509 1131 591 1185 super
606 1114 695 1185 justos
709 1123 735 1170 et
749 1114 865 1185 injustos
920 1127 1029 1192 oportet
1044 1119 1140 1179 umens
1154 1123 1239 1193 illum,
1255 1129 1299 1184 cui
1328 1147 1379 1188 nec
1402 1134 1497 1190 oculus
1520 1138 1597 1194 deest
1622 1143 1716 1199 omnia

64 1208 180 1277 (batth.
197 1222 226 1272 x,
244 1206 383 1275 tepts'rgo
398 1217 424 1259 et
439 1203 562 1258 inimicos
574 1202 710 1258 concludit
720 1201 796 1258 sinus
809 1202 863 1258 ille.
919 1208 1022 1275 ridens,
1052 1226 1102 1267 nec
1122 1227 1214 1269 manns
1229 1222 1328 1286 potens
1356 1220 1457 1278 omnia.
1486 1222 1557 1293 Quid
1573 1225 1635 1283 item
1660 1236 1716 1284 tam

64 1296 125 1351 Nec
153 1297 204 1350 hoc
229 1309 336 1366 quoque
364 1300 521 1356 contentus,
551 1291 641 1347 eradit
665 1290 691 1345 ia
719 1288 863 1346 infinitum.
919 1296 1043 1368 amabile,
1058 1314 1141 1370 quam
1167 1302 1325 1374 amoripse,
1349 1323 1402 1378 quo
1417 1326 1502 1377 amas,
1517 1323 1545 1370 at
1567 1329 1622 1385 qno
1637 1331 1715 1373 ama-

63 1384 181 1439 Omnem
198 1397 251 1438 nou
275 1382 357 1436 modo
378 1379 562 1446 allectionem,
578 1386 625 1435 aed
639 1387 666 1435 et
680 1379 862 1451 coguitionem
919 1382 976 1440 risi
990 1386 1182 1445 amabiliorem
1207 1398 1294 1446 tamen
1315 1393 1411 1463 juncta
1450 1399 1588 1459 aeternitas
1612 1401 1676 1463 facia
1706 1423 1714 1461 ς

63 1473 184 1542 excedit,
198 1470 339 1542 adjiciente
354 1469 485 1540 apostolo
500 1478 527 1525 et
540 1467 647 1524 dicente
661 1485 668 1524 τ
681 1468 760 1524 Scire
774 1469 861 1526 etiam
916 1488 979 1544 quaa
992 1474 1057 1530 dum
1071 1489 1124 1532 non
1134 1477 1242 1545 excidit,
1255 1477 1328 1538 loras
1340 1483 1421 1540 mittit
1435 1488 1630 1558 suspicionem.
1646 1494 1716 1550 Ama

60 1562 327 1635 supereminentem
370 1556 502 1616 scientim
542 1555 713 1614 charitatem
757 1557 864 1615 Christi
916 1556 999 1633 igitur
1013 1571 1219 1632 perseveranter
1239 1575 1267 1624 et
1287 1567 1488 1642 longaminiter,
1504 1582 1531 1630 et
1550 1577 1634 1634 habas
1652 1580 1714 1636 ian.

64 1651 181 1723 lEphes.
196 1662 236 1713 ur,
248 1649 304 1718 lt).
325 1647 396 1715 Quid
412 1647 473 1717 pilus
486 1645 598 1702 dicam‘t
613 1645 723 1701 AEterna
737 1653 789 1700 est.
805 1646 863 1702 Nisi
879 1610 902 1690 Β
916 1648 1064 1721 gitadinem
1081 1668 1088 1706 :
1103 1651 1184 1709 dilata
1197 1667 1318 1711 amorem
1333 1663 1408 1713 tuum
1424 1674 1512 1734 nsque
1526 1663 1560 1720 ad
1573 1663 1709 1737 inimicos,

61 1739 140 1813 quod
155 1740 206 1794 hoc
220 1738 281 1810 plus
295 1737 407 1793 loraitau
422 1743 473 1802 est,
490 1735 554 1807 quia
567 1734 705 1791 aeternitas
718 1741 769 1791 est.
784 1733 865 1792 Vides
917 1748 944 1796 et
962 1739 1132 1798 latitudinem
1159 1752 1244 1800 tenes.
1268 1745 1335 1802 Bato
1350 1747 1431 1805 etiam
1444 1750 1470 1806 in
1486 1754 1559 1809 omni
1582 1755 1715 1824 caluam.

61 1837 170 1885 tantam
185 1842 246 1883 esse
261 1824 442 1892 latitudinem,
463 1833 590 1895 quantam
603 1829 632 1879 et
644 1821 862 1894 longitudinem,
916 1827 979 1885 dine
1001 1828 1153 1902 timoratus,
1177 1841 1203 1888 et
1235 1833 1351 1892 sublime
1369 1836 1590 1914 profundumque
1613 1860 1713 1919 appre-

62 1918 176 1976 Utinam
190 1916 246 1973 sire
259 1915 352 1975 rideas
365 1928 423 1969 non
437 1922 538 1969 tantmn
552 1927 625 1980 essa,
639 1911 687 1967 sed
702 1911 788 1981 ipsam
810 1929 817 1970 :
834 1912 862 1968 id
917 1916 1044 1986 heudisti‚

61 2021 221 2065 eaaeunsm
235 2005 309 2077 quod
336 2003 462 2072 alteram;
482 2016 537 2058 non
560 2000 650 2055 minus
675 2014 757 2055 unam
780 2016 862 2071 qnam
950 2006 997 2061 ³1.
1013 2008 1067 2063 hut
1093 2008 1116 2063 si
1130 2008 1216 2066 maria
1230 2018 1347 2083 quatuor
1360 2029 1437 2087 mque
1452 2017 1516 2087 tuis,
1532 2019 1632 2078 divinia
1644 2038 1713 2098 qm.

61 2097 144 2162 duaa,
173 2111 223 2151 nec
244 2094 304 2167 plus
317 2092 385 2148 duas
411 2106 491 2163 qnam
510 2104 602 2146 unam.
621 2090 692 2146 Deus
714 2089 860 2159 aeternitas,
916 2100 976 2149 taor
990 2095 1172 2166 respondere3
1187 2097 1253 2155 lacis
1274 2099 1336 2165 hoc,
1364 2100 1509 2176 aistnpea,
1534 2105 1559 2162 si
1582 2112 1712 2182 parmi

62 2188 143 2242 Deus
170 2183 287 2241 charitas
319 2189 361 2239 est
389 2179 559 2253 :iongitudo
586 2178 645 2234 aine
678 2178 860 2250 protensione.
915 2180 1013 2251 terres,
1034 2184 1058 2239 si
1070 2185 1199 2242 sustines.
1215 2186 1357 2260 stupenda
1384 2193 1465 2265 piane
1482 2193 1635 2256 sublimn.
1649 2216 1712 2258 m,

62 2274 180 2329 latitudo
196 2272 255 2328 sine
271 2269 451 2326 distensione.
471 2267 501 2322 ln
518 2275 635 2339 utroque
649 2268 748 2338 pariter
761 2267 862 2323 locales
912 2268 1018 2339 ieatatia
1040 2275 1169 2343 pavenda
1208 2278 1332 2350 abyssus
1364 2280 1540 2351 indiciorum.
1569 2284 1713 2346 ΒΜ

61 2363 176 2436 quidam
195 2360 301 2418 excedit
315 2360 531 2431 temporalesque
548 2355 698 2430 augustias,
719 2356 765 2412 sed
780 2356 860 2411 iiber·
914 2359 1001 2433 exigit
1010 2361 1136 2436 charitas,
1151 2365 1288 2421 aeternitas
1298 2370 1530 2438 perseverantiam
1548 2372 1710 2433 andnemi,

61 2460 119 2510 tate
134 2460 247 2517 natura,
263 2467 314 2507 usu
337 2448 499 2505 enormitate
518 2444 687 2502 substantia.
707 2444 766 2500 Tali
781 2446 861 2503 modo
914 2445 982 2516 Quis
1004 2457 1105 2522 stupet,
1122 2450 1175 2508 nisi
1205 2452 1252 2524 qni
1283 2456 1484 2525 contemplatur
1510 2457 1625 2534 gloriam
1637 2463 1712 2522 ma

58 2541 213 2599 immensus
244 2550 286 2596 est
312 2537 360 2612 qni
392 2536 484 2594 omnia
512 2534 578 2591 lecit
604 2533 632 2589 in
661 2549 803 2605 mensura;
832 2541 860 2588 et
914 2533 983 2604 Quia
996 2539 1708 2622 paret,niaiquiscrutaturprolundumsapianaioei

58 2630 185 2704 quamvis
209 2630 370 2696 immensus,
402 2626 447 2682 hic
475 2635 563 2682 mmen
593 2622 692 2680 modus
718 2631 745 2678 et
773 2622 858 2693 ipsius
912 2622 981 2691 Quia
1010 2626 1105 2694 terret,
1139 2628 1192 2684 nisi
1211 2631 1259 2698 qui
1286 2631 1432 2688 meditatur
1457 2635 1615 2694 chamaam
1638 2639 1711 2700 nai?

58 2719 259 2776 immensitatis.
913 2712 984 2784 Quis
994 2714 1109 2772 sustinet
1130 2726 1158 2773 et
1172 2718 1371 2791 perseveratio
1386 2735 1477 2778 amore
1496 2721 1548 2779 uisi
1563 2724 1611 2796 qni
1625 2739 1710 2785 ema.

98 2812 145 2865 29.
161 2807 232 2877 Quid
247 2808 308 2864 item
328 2802 585 2862 oeastsnbumitaa
599 2810 626 2858 et
640 2799 813 2875 protundum.
828 2801 859 2856 ln
875 2780 898 2860 Ε
912 2801 985 2859 latur
1012 2803 1185 2862 aeternitatem
1219 2807 1381 2867 eharitatis?
1411 2806 1517 2881 Nempe
1547 2813 1708 2874 aternitatis

59 2902 147 2955 altero
162 2913 243 2969 supra
257 2896 356 2964 omnia,
369 2898 397 2951 in
410 2896 496 2950 altero
512 2893 582 2948 inira
596 2890 697 2948 omnia.
714 2891 807 2962 liquet
830 2892 856 2945 in
913 2890 1058 2962 qnamdam
1072 2892 1218 2966 imaginem
1241 2897 1574 2970 perreverantiapraesapa,
1588 2902 1710 2976 pum

58 2989 161 3044 deitate
181 3003 311 3060 nusquam
338 2983 492 3042 claudicare
507 2981 698 3055 mqumitatem,
714 2987 786 3037 stare
798 2994 857 3035 eam
911 2981 968 3037 sola
980 2992 1022 3037 est
1035 2981 1224 3040 euioetemitas
1238 2983 1369 3050 redditur.
1386 2984 1428 3042 rel
1441 2987 1531 3058 potius
1543 3005 1605 3063 qnae
1626 3000 1708 3050 aar.

58 3078 181 3149 undiqne
207 3075 329 3142 tirmiter,
355 3081 480 3134 constare
509 3069 683 3128 immobiliter
710 3069 773 3126 sibi.
802 3070 858 3126 Su·
911 3069 991 3126 nitati
1019 3069 1155 3128 homiuem
1176 3069 1274 3138 reddit,
1284 3072 1391 3130 dicente
1406 3073 1552 3136 Domino:
1579 3080 1705 3157 Qnipff.

57 3164 332 3237 blime,potentiam;
348 3163 523 3236 protundum,
549 3159 710 3233 sapientiam
729 3160 789 3230 eius
804 3155 855 3231 [ul.
912 3159 1085 3218 ammoverit
1117 3175 1205 3233 osque
1232 3163 1264 3218 in
1299 3162 1398 3232 finem,
1431 3164 1477 3222 hie
1513 3167 1609 3229 saiw
1648 3173 1707 3228 mg

55 3255 128 3329 esse]
156 3253 307 3312 considera.
326 3254 367 3308 Ea
387 3267 465 3325 aequo
478 3260 506 3307 et
535 3250 586 3306 ista
610 3249 776 3320 respondent
792 3247 855 3315 sibi,
911 3247 1022 3317 (llatth.
1035 3263 1061 3313 x,
1077 3248 1133 3320 ii).
1609 3257 1612 3260 ’

55 3346 123 3402 dnm
137 3352 165 3400 et
179 3342 329 3400 sublimitas
343 3340 540 3411 inattingibilia,
556 3349 584 3395 et
596 3336 765 3413 profunditas
779 3352 855 3408 aeque
946 3339 990 3392 32.
1009 3336 1043 3390 Et
1055 3351 1128 3393 nnnc
1153 3336 1263 3395 adverte
1277 3339 1304 3395 in
1331 3347 1447 3412 quatuor
1465 3341 1526 3400 iaris
1537 3348 1705 3420 mpla.

56 3432 245 3490 inscrutabilis
264 3440 453 3504 cognoscatur,
479 3429 564 3485 Paulo
588 3427 741 3484 admirante
754 3437 783 3483 et
803 3442 854 3482 cx·
909 3423 990 3480 tionis
1004 3426 1109 3498 species
1123 3433 1247 3499 quatuor.
1263 3426 1352 3485 Prima
1366 3437 1394 3486 et
1408 3430 1526 3488 maxima
1538 3436 1705 3510 menapi..

54 3522 208 3581 clamante:
222 3519 377 3580 cattarum
388 3519 712 3592 divitabmmaopieratioe
724 3519 751 3572 at
766 3518 855 3572 sciea-
909 3514 946 3570 tio
959 3523 999 3571 est
1018 3515 1158 3571 admiratio
1186 3517 1346 3589 maiestatis.
1363 3518 1427 3577 llaec
1440 3521 1553 3595 oeqnirit
1569 3537 1618 3582 eor
1632 3540 1705 3598 pur.

57 3615 108 3670 tioe
120 3613 189 3671 Dei!
204 3628 289 3685 quom
312 3607 512 3667 inscratabilia
526 3612 594 3664 aaut
604 3607 717 3678 iudicio
739 3607 811 3677 ajars,
826 3609 854 3662 et
908 3612 1011 3674 gatum,
1026 3609 1056 3657 ut
1069 3619 1085 3658 a
1107 3601 1180 3659 vitiis
1205 3603 1336 3673 liberum,
1351 3615 1432 3679 atqua
1449 3620 1627 3669 exoneratum
1637 3628 1704 3686 pae-

56 3701 269 3772 investipobiies
294 3703 348 3757 oioe
366 3699 467 3757 iilius!
491 3696 580 3769 (Rom.
598 3710 639 3764 xa,
655 3697 712 3764 33.)
737 3693 813 3748 Libet
827 3699 854 3748 et
906 3691 986 3756 catis,
1013 3690 1094 3746 leeile
1119 3691 1153 3746 ad
1181 3705 1298 3761 superna
1316 3692 1407 3751 leret:
1432 3696 1568 3754 interdum
1593 3704 1704 3774 quoqu

53 3806 108 3846 nos
121 3788 443 3853 exclanrarecumPaulo,
454 3787 704 3855 horumutcumque
717 3781 854 3838 intuentes
907 3779 947 3836 vel
964 3793 1012 3844 par
1026 3779 1131 3850 aliquas
1151 3779 1273 3834 morulas
1291 3788 1403 3851 stupore
1422 3792 1450 3840 et
1471 3787 1569 3842 ecstasi
1584 3801 1702 3862 napea.

55 3881 83 3935 in
100 3881 169 3946 Deo,
184 3888 282 3936 etcum
300 3880 356 3935 Deo
369 3875 595 3948 simplicissimam
608 3872 736 3930 unitatem
748 3888 756 3926 ι
767 3872 791 3928 0
804 3886 850 3928 sa-
905 3882 967 3937 aum
980 3875 1070 3924 tenem
1097 3867 1284 3926 admirantem.
1304 3867 1429 3925 Secunda
1443 3880 1534 3929 summ
1547 3876 1702 3934 cammaris

55 3968 158 4040 pientia
175 3976 281 4040 potens,
296 3967 432 4039 attingens
450 3965 550 4035 ubique
565 3962 714 4019 fortiterio
732 3961 851 4034 potanda
905 3965 948 4013 est
966 3956 1048 4026 hnic,·
1075 3961 1117 4012 est
1139 3954 1211 4011 anim
1244 3957 1352 4013 intuens
1369 3956 1472 4028 indicia
1485 3959 1545 4018 uei.
1559 3958 1702 4033 Quernas

54 4059 177 4128 sapiens,
207 4057 356 4129 disponens
373 4055 462 4111 omnia
487 4050 622 4109 suaviori
649 4053 715 4124 Sap.
739 4065 799 4113 vrri.
823 4049 851 4123 l)
868 4051 891 4131 ῃ
907 4044 1003 4116 parido
1021 4052 1142 4115 aspectu,
1161 4044 1228 4100 dum
1242 4043 1430 4102 vehementius
1444 4048 1566 4107 concam
1587 4051 1700 4110 intaen.

52 4145 109 4202 iles
124 4161 189 4217 una,
204 4144 317 4202 ellectus
327 4143 480 4216 multiplex,
489 4146 715 4214 operationesque
725 4140 849 4197 diversae.
906 4144 970 4201 tem,
986 4133 1064 4208 lugat
1076 4132 1152 4200 ritia,
1168 4131 1264 4189 landet
1291 4133 1412 4200 virtutes,
1428 4135 1516 4193 initiat
1537 4139 1572 4196 ad
1586 4139 1699 4214 sapien·

54 4234 89 4290 Et
108 4233 154 4288 iila
173 4247 228 4288 una
254 4249 298 4290 res
317 4241 359 4289 est
372 4231 511 4302 longitudo
535 4238 644 4302 propter
663 4229 850 4299 acerrimam,
904 4223 980 4292 tiam,
996 4222 1173 4279 bumilitatem
1188 4232 1286 4279 servat.
1302 4222 1438 4280 Virtutum
1452 4223 1589 4298 siquidem
1600 4228 1699 4299 bonnm

55 4323 170 4379 latitudo
186 4331 297 4395 propter
319 4321 486 4388 charitatem,
501 4317 653 4375 sublimitas
666 4327 777 4389 propter
789 4333 850 4372 ma·
905 4313 1040 4385 quoddam
1053 4326 1085 4368 ae
1097 4310 1193 4368 stabile
1209 4310 1424 4380 laudamentum,
1441 4313 1588 4372 humilitas.
1595 4316 1700 4390 Nempe

49 4412 188 4485 jestatem,
208 4411 373 4483 profunditas
387 4417 498 4482 propter
512 4408 680 4480 sapientiam.
903 4401 926 4456 si
941 4407 1015 4456 nutet
1028 4399 1082 4472 illa,
1098 4400 1226 4456 virtutum
1240 4401 1399 4475 aggregatio
1427 4401 1534 4460 nonnisi
1551 4404 1698 4464 raian-eat.

348 4499 460 4555 catur
480 4498 555 4555 XIV.
903 4490 992 4547 Tertia
1010 4488 1201 4562 contemplatio
1224 4500 1382 4564 occupatur,
1408 4491 1451 4548 ael
1477 4492 1568 4564 potius
1598 4493 1699 4552 otiatur

54 4592 178 4657 Nodum,
189 4587 849 4664 qaoproedictoseccadamApostolumcompre·
902 4578 973 4638 circa
992 4579 1152 4637 memoriam
1161 4578 1407 4651 machaeram-et
1425 4596 1460 4639 ne
1478 4579 1597 4656 dimittat
1603 4580 1699 4663 λψ-

231 4682 352 4740 bendere
372 4684 523 4754 possimos,
543 4679 673 4736 otmdit.
902 4677 970 4741 tum,
989 4669 1115 4727 sollicitat
1131 4678 1329 4728 memorantem
1348 4670 1383 4726 ad
1402 4684 1521 4728 amorem
1540 4667 1697 4739 bomp-

88 4777 136 4832 3⁰.
152 4770 366 4833 ravanuance.
396 4770 469 4827 Num
496 4768 556 4824 ideo
576 4775 603 4823 et
617 4767 779 4823 arbitramur
798 4781 849 4821 nos
904 4757 954 4816 ris.
973 4758 1124 4815 Detalibua
1136 4756 1203 4813 dicit
1215 4757 1348 4828 propbeta
1360 4756 1695 4829 loquensadlloninan:

50 4861 317 4934 comprehendisse?
340 4861 401 4916 Nou
420 4874 451 4914 ea
474 4856 620 4929 disputatio
634 4854 847 4928 comprehendit,
903 4851 1064 4908 lienteriam
1080 4845 1267 4921 ,manantia
1291 4846 1410 4902 maritis
1438 4859 1499 4901 scoe
1525 4844 1697 4905 metm

50 4953 101 5010 aed
129 4953 279 5009 sanctitas:
301 4951 325 5006 si
344 4964 398 5022 quo
426 4949 507 5005 modo
534 4954 626 5003 tamen
653 4944 848 5016 comprehendi
901 4938 989 5009 (Ptol.
1006 4950 1102 5001 cxxxv,
1115 4937 1155 5007 7).
1171 4931 1270 5002 Quarta
1285 4949 1346 5008 qum
1360 4943 1432 4991 retro
1446 4931 1694 5007 auntobliaispam,

53 5040 140 5101 458
163 5051 251 5114 potest
268 5041 341 5114 quod
361 5034 637 5108 incomprehensibile
660 5044 712 5089 est.
738 5035 773 5088 At
796 5033 851 5099 uisi,
901 5027 928 5081 iu
945 5026 1001 5082 sola
1017 5022 1163 5095 requiescit
1180 5023 1381 5094 mperatione
1394 5020 1594 5095 promissorum
1610 5042 1617 5080 :
1632 5039 1695 5097 qne
1734 5026 1737 5030 ’

49 5142 155 5206 posset,
168 5148 221 5186 nen
231 5129 343 5186 dixisset
353 5128 515 5198 Apostolus:
528 5125 562 5182 Ut
578 5121 847 5196 comprehendemus
900 5130 962 5171 eum
977 5115 1012 5168 sit
1025 5108 1163 5166 meditatio
1177 5110 1333 5168 eternitatis
1345 5110 1489 5184 (thamam
1503 5125 1566 5183 qna
1579 5112 1694 5183 promit·

49 5238 118 5279 cam
138 5223 268 5279 omnibus
282 5221 388 5277 carretis
404 5216 514 5289 (Epioe.
531 5230 571 5284 ur,
591 5216 644 5284 ts).
664 5210 753 5266 Sancti
765 5209 846 5282 igitnr
900 5212 1001 5268 tantur,
1045 5210 1143 5257 aetema
1183 5202 1281 5272 sunt),
1315 5199 1544 5272 longanimitatem
1574 5201 1631 5270 alit,
1667 5211 1694 5260 aa

48 5310 293 5381 comprehendunt.
314 5305 419 5376 Quaeris
445 5302 602 5377 quomodo?
626 5301 654 5357 Si
672 5307 782 5356 sanctus
803 5316 844 5365 ea,
900 5289 1107 5364 perseverantiae
1121 5290 1166 5345 dat
1182 5289 1314 5362 vigorem.
1329 5287 1398 5347 Puto
1411 5291 1468 5360 iam
1481 5289 1560 5347 laciie
1573 5299 1614 5348 eat
1626 5307 1694 5365 qaa-

48 5390 290 5471 comprehendisti,
306 5405 332 5453 et
350 5395 420 5452 nosti
437 5410 444 5450 :
459 5393 482 5449 si
497 5407 567 5464 nnn;
586 5399 654 5456 esto,
683 5399 710 5446 et
724 5393 772 5446 tuo
798 5405 845 5446 ex·
900 5392 961 5439 tnor
975 5389 1066 5437 nostra
1093 5380 1160 5446 haec,
1181 5386 1298 5451 quatuor
1315 5378 1370 5435 iilis
1390 5378 1514 5451 apostoli
1542 5379 1692 5455 assignare,

51 5487 206 5562 perimente
233 5486 312 5542 acies.
340 5485 466 5540 Sanctum
487 5480 550 5537 lacit
577 5478 686 5536 allectio
700 5487 801 5548 mota,
821 5485 849 5534 et
902 5473 965 5529 dum
980 5469 1177 5542 longitudinem
1206 5467 1410 5540 comprehendit
1422 5468 1560 5527 meditatio
1574 5471 1691 5544 promis·
