3728 5940
45 217 82 281 ts
679 213 851 279 immo
871 212 1068 283 ammte.
1661 226 1701 290 ts

43 341 308 416 materialem
321 341 490 399 undecimo·
503 340 638 399 Kalama
651 342 753 415 aprilis,
769 359 828 401 sar
841 343 1042 416 sppsndmsad
1056 344 1239 422 sigebertum.
1256 347 1371 422 altaque
1385 362 1477 406 corana
1492 348 1617 422 pontifice
1626 353 1699 424 apud

44 432 164 491 Parisios
178 448 269 490 roman
284 429 477 495 canlinalibae,
492 431 638 505 episcopis,
652 432 766 505 aliisque
781 433 982 491 venerabilibus
996 444 1023 491 et
1040 435 1154 492 eruditis
1167 436 1231 492 viris
1249 437 1352 494 sistitur
1370 437 1518 504 Gilbertns,
1542 441 1577 497 ds
1591 440 1635 497 bis
1651 456 1699 499 ca·

44 523 136 592 pilulis
150 536 343 593 responsurus.
371 520 402 576 Id
420 528 508 578 actum
523 536 572 591 per
595 521 699 594 aliquot
721 522 789 578 dies.
811 524 1000 581 Producuntur
1022 535 1115 580 contra
1137 540 1197 581 eum
1213 525 1267 581 duo
1290 526 1421 601 magistri,
1445 529 1531 584 idam
1549 529 1583 585 de
1597 531 1700 589 Pervo-

45 613 139 675 Poote,
160 610 203 666 rIr
226 609 348 677 subtilis,
365 617 392 665 ct
405 608 565 665 I’arIsiensis
578 610 705 667 Ecclesiae
719 611 868 668 canonicus
880 621 1005 670 recenter
1018 612 1118 685 iactus,
1132 621 1159 669 et
1173 614 1250 686 ilugo
1265 615 1297 671 de
1318 614 1552 689 Campo-Florido,
1566 621 1702 677 cancella·

45 699 102 759 rins
116 699 203 772 regIs,
219 707 312 756 sancte
325 696 491 754 affirmantes
505 715 536 755 se
546 701 744 770 aliqua-eorum
758 717 792 756 er
806 701 921 772 proprio
936 702 997 772 ejus
1012 719 1059 758 ore
1072 702 1188 760 audisse.
1205 703 1314 759 Interim
1323 704 1386 759 dum
1401 704 1536 761 hincinde
1548 709 1632 763 multa
1647 709 1700 765 sibi

46 789 242 860 oblinerentur,
256 786 327 843 inter
348 798 446 843 caetera
469 786 571 844 dixisse
590 789 727 846 traditur:
748 788 917 847 «Confiteor
939 791 1045 848 Patrem
1065 790 1117 847 alio
1131 807 1191 848 esse
1215 792 1331 859 Patrem,
1355 792 1407 848 allo
1421 793 1526 862 Deum;
1546 811 1597 851 nec
1611 803 1701 853 tamen

50 893 134 936 resse
143 879 208 944 bos,
217 884 245 932 et
254 877 315 932 boc.
328 895 341 927 s
352 875 459 933 Dictum
470 876 582 948 indIgne
592 878 782 934 tulitioslenue
792 879 997 936 suessionensis
1006 881 1161 952 epiecopus.
1175 881 1238 937 llaec
1247 896 1334 951 pruma
1345 881 1389 937 die
1400 883 1581 954 contigerunt.
1591 885 1702 941 iliadis

48 974 205 1032 acumine,
220 966 294 1038 quod
308 964 336 1021 iu
350 980 432 1037 prose
443 965 476 1020 de
489 966 616 1021 Trinitate
627 986 641 1015 a
652 975 707 1022 tres
719 983 851 1038 personas
864 967 916 1024 tria
937 968 1085 1042 singularia
1104 978 1235 1038 vocasset,
1251 991 1261 1018 ι
1276 970 1503 1042 liotbomegensls
1515 971 1702 1044 archiepisco·

49 1072 101 1126 pus
116 1054 210 1128 (iiugo
224 1055 315 1111 tertius
329 1054 352 1109 is
367 1054 435 1126 erat)
449 1069 558 1110 causam
572 1056 738 1129 aggravavit,
754 1055 860 1124 dicens,
878 1076 892 1110 a
912 1058 996 1114 Deam
1011 1057 1102 1129 potius
1116 1058 1216 1114 debere
1229 1059 1282 1116 dIci
1301 1076 1386 1116 unum
1401 1059 1545 1131 singulare.
1563 1079 1576 1111 a
1593 1061 1632 1116 Ita
1645 1060 1704 1119 iere

50 1144 115 1203 Otto
127 1144 273 1215 episcopus
287 1143 476 1214 FrisIngensis,
491 1144 527 1201 de
540 1153 674 1201 conventu
692 1144 836 1202 Parisicnsl
856 1146 926 1217 (tt.)

83 1233 160 1290 bxt.
175 1230 261 1290 Paulo
275 1231 353 1287 aliter
364 1229 512 1289 Ganlridus
533 1234 569 1288 da
584 1247 618 1289 eo
631 1233 698 1308 agit,
722 1233 766 1291 cui
780 1234 915 1305 synodum
939 1233 1132 1292 viterbiensem
1155 1235 1181 1290 ln
1196 1235 1292 1292 eadem
1313 1252 1395 1293 causa
1412 1222 1532 1294 habitam
1554 1238 1702 1308 praemittit.

52 1321 169 1379 Gilberti
186 1323 221 1376 ad
235 1319 390 1394 pontificem
402 1321 549 1377 delatorem
565 1338 645 1377 unum
658 1330 790 1379 memorat
803 1323 1023 1381 archidiaconum
1039 1323 1197 1392 ernaldum,
1213 1324 1259 1381 cui
1274 1337 1427 1398 cognomen
1442 1326 1545 1382 tribuit.
1557 1348 1569 1377 a
1582 1325 1704 1398 Qui-non

53 1413 130 1470 ridet.
143 1430 157 1461 s
170 1411 201 1466 In
214 1418 350 1468 conserua
369 1424 435 1467 vero
459 1409 601 1466 Parisiensi
616 1426 699 1466 unum
727 1410 850 1469 Gilberto
875 1411 1060 1469 adversarium
1084 1413 1198 1485 opponit
1210 1413 1386 1480 bernardum,
1403 1414 1448 1471 cui
1470 1430 1550 1472 omne
1566 1417 1704 1488 negotium

55 1499 164 1570 Christi,
183 1499 339 1571 ubicunque
359 1514 423 1556 aum
445 1500 602 1572 contigisset
616 1501 721 1566 adesse,
737 1511 865 1573 tanquam
889 1503 1001 1557 omnino
1014 1501 1167 1574 proprIum,
1196 1502 1317 1574 pretioue
1340 1503 1522 1560 incumbebat.
1545 1504 1705 1577 Requisitus

54 1590 197 1662 episcopata
211 1587 469 1660 utsntmipsinsin
491 1587 615 1644 Boetinm
628 1588 838 1660 expositionem,
862 1589 890 1646 ln
905 1606 959 1664 qua
973 1600 1100 1661 suspecta
1122 1591 1330 1648 conticebantur
1353 1591 1477 1663 capitula,
1506 1592 1656 1671 proferret:
1672 1594 1706 1651 ad

55 1694 152 1736 ramas
166 1694 197 1735 se
213 1693 266 1734 non
280 1677 380 1733 bebere
395 1677 545 1748 respondit.
561 1677 681 1750 Negabat
694 1686 783 1736 autem
797 1679 953 1750 episcopus,
969 1678 1095 1736 docuisse
1109 1679 1150 1736 vel
1165 1680 1315 1737 credidisse
1335 1679 1478 1752 alleuando
1494 1696 1535 1750 se,
1550 1682 1593 1738 vel
1612 1682 1708 1740 litterIs

56 1768 270 1832 commendasse,
284 1766 379 1838 ‹qnoo
389 1765 515 1823 dimnitas
525 1774 660 1823 nonesset
669 1767 752 1834 Deus,
765 1787 777 1818 s
790 1778 843 1824 etc.
856 1768 913 1824 ilua
924 1776 1005 1824 testes
1017 1768 1184 1840 producebat
1209 1768 1374 1839 edisclpulis
1384 1768 1614 1842 suispotisslmum
1626 1771 1706 1841 dnos,

56 1856 203 1915 Iiotoldum
225 1853 329 1912 seilicet
348 1853 542 1911 iibroicensem
563 1856 730 1927 episcopum,
751 1863 848 1928 postea
870 1856 1130 1929 ilotbomagensem:
1148 1865 1175 1913 et
1196 1858 1354 1931 magistrmn
1372 1857 1482 1914 ivonem
1504 1858 1707 1930 Carnotensem,

56 1946 138 2002 alium
152 1945 213 2002 siue
227 1944 310 2002 dnbio
324 1944 359 1999 eb
372 1943 470 2000 illustri
484 1944 530 1999 illo
546 1946 626 2000 laone
640 1945 769 2015 episcopo
782 1945 950 2002 Carnotensi.
970 1966 982 1996 a
999 1946 1131 2002 Existimo
1150 1947 1221 2001 bunc
1234 1961 1295 2002 esse
1309 1946 1467 2020 magIstrum
1483 1948 1605 2019 ivonem,
1619 1963 1706 2006 cano·

56 2036 146 2092 nicam
163 2035 313 2109 regularem
329 2033 445 2090 wbedae
468 2033 561 2090 Sancti
575 2033 691 2091 Victoris
714 2035 784 2105 apud
799 2034 924 2102 Parisios,
949 2033 1046 2091 deinde
1068 2035 1231 2091 cardinalem
1252 2035 1286 2090 ab
1300 2035 1456 2093 Innocentio
1484 2037 1508 2092 lI
1530 2047 1659 2109 creatum,
1675 2038 1710 2094 ad

57 2141 135 2196 quem
157 2123 286 2179 sernum
309 2123 423 2193 epistola
445 2123 591 2180 centesIma
616 2123 791 2198 nonagesIma
815 2123 903 2181 tertia.
927 2124 957 2179 In
971 2123 1014 2179 his
1027 2123 1249 2180 altercationibus
1263 2124 1383 2193 pontifex
1396 2125 1475 2196 jubet
1498 2126 1656 2196 predictam
1672 2126 1710 2181 li·

59 2212 135 2267 brnm
151 2211 244 2266 ailerri
260 2211 292 2266 ad
308 2211 429 2268 inturum
443 2211 597 2277 concilium,
621 2230 634 2263 a
655 2212 726 2282 quod
741 2212 837 2268 eodem
853 2226 925 2268 enno
938 2211 966 2266 iu
976 2210 1084 2269 civitate
1098 2212 1244 2269 Remorum
1264 2211 1401 2269 celebrare
1421 2217 1614 2284 proponebat:
1637 2235 1649 2266 a
1665 2222 1711 2272 ta·

59 2299 135 2357 mersi
153 2299 269 2357 dilatum
282 2310 325 2358 est
337 2299 366 2357 in
380 2299 530 2356 medianam
544 2300 785 2376 QuadrageeImam
800 2301 863 2357 anni
884 2301 1063 2373 Insequentls,
1078 2301 1127 2357 sed
1141 2301 1211 2357 intre
1226 2317 1310 2357 unum
1325 2316 1427 2358 annum
1450 2318 1466 2358 a
1484 2313 1618 2360 conventu
1632 2304 1711 2360 Pari·

59 2389 152 2454 riensi,
172 2406 255 2462 quem
272 2388 298 2444 in
313 2389 384 2446 festo
399 2388 515 2461 paschali
531 2389 699 2458 praeoedente
713 2388 833 2444 habitam
848 2389 975 2446 diximus.

92 2479 178 2537 LXII.
196 2479 335 2535 «Interim
350 2477 459 2534 mmsam
480 2478 514 2534 ab
528 2487 636 2534 auctore
658 2479 853 2551 expositionem
873 2478 901 2534 in
921 2479 1044 2535 Boetium
1071 2477 1263 2543 Godcscalcus,
1291 2487 1355 2534 tunc
1377 2479 1405 2532 in
1425 2478 1712 2553 Monte-Sanctililigil

61 2584 143 2638 prope
164 2567 309 2624 Atrebates
321 2567 416 2635 ebbae,
440 2567 612 2638 postmodum
627 2567 749 2638 ejusdem
763 2569 839 2622 urbis
853 2567 1007 2639 episcopus,
1028 2566 1143 2641 Eugenii
1158 2567 1285 2622 mandato
1299 2566 1441 2635 examinat,
1467 2575 1493 2623 et
1507 2583 1540 2624 ex
1553 2584 1584 2624 ee
1598 2571 1713 2640 capitula

61 2665 188 2728 suspecta
201 2654 282 2722 eIIcit,
297 2665 378 2727 atque
390 2671 424 2711 ex
438 2654 514 2711 libris
533 2663 686 2712 sanctorum
707 2656 815 2712 Petrum
829 2658 989 2713 auctoritate
1012 2655 1079 2727 ipsis
1092 2656 1241 2712 contraries
1256 2663 1340 2712 notat.
1364 2656 1444 2712 Plura
1458 2654 1486 2712 in
1508 2657 1619 2714 Gilberti
1634 2658 1712 2715 vitam

61 2745 249 2801 etdoctrInam
262 2743 395 2800 attulisset
409 2743 551 2800 lIlbericus
568 2743 703 2801 Ostiensis
729 2744 874 2818 episcopus
898 2744 967 2802 etia
991 2743 1135 2818 Aquitania
1156 2746 1271 2814 legatus,
1293 2744 1344 2801 nisi
1364 2760 1426 2801 earn
1454 2746 1536 2816 paulo
1556 2757 1619 2804 ante
1642 2762 1715 2804 mors

60 2844 224 2906 praematura
238 2848 254 2888 e
269 2832 359 2889 medio
377 2832 540 2889 sustulisset.
555 2833 669 2890 Domum
683 2833 711 2888 in
730 2833 846 2890 concillo
859 2833 990 2890 ilamensi
1003 2840 1115 2891 ventum
1129 2845 1170 2889 est
1184 2834 1218 2889 ad
1232 2832 1433 2890 discussionem
1448 2834 1637 2907 capitulorum,
1653 2850 1715 2907 quas

61 2923 209 2996 praedictus
220 2923 303 2978 abbas
316 2920 498 2978 Godescalcus
516 2929 675 2979 notaverat:
700 2923 748 2978 sed
766 2922 830 2994 quia
846 2925 905 2993 ipse
920 2921 1003 2978 ulmis
1020 2933 1078 2977 eret
1094 2922 1219 2996 elinguis,
1237 2922 1304 2977 liber
1322 2922 1368 2978 ille
1385 2937 1445 2977 cunr
1469 2930 1623 2980 sanctorum
1637 2925 1715 2981 testi-

63 3012 163 3067 moniis
176 3011 203 3068 ci
217 3010 359 3067 contrariis
375 3009 515 3066 adomiuo
537 3026 607 3082 papa
629 3010 745 3067 traditus
757 3022 797 3066 est
819 3020 913 3067 sancto
936 3010 1082 3068 bernardo.
1106 3010 1255 3067 Concilium
1280 3010 1419 3066 constabat
1432 3025 1466 3066 ex
1481 3020 1597 3083 quatuor
1612 3027 1715 3085 regno-

63 3118 118 3158 rum
132 3100 283 3173 episcopis,
297 3098 407 3165 Gallioe,
423 3097 585 3162 Germanis,
600 3099 707 3172 Angliae
726 3111 753 3155 et
767 3099 914 3170 Hispaniae.
931 3101 961 3156 In
976 3099 1019 3155 his
1032 3098 1143 3156 aderant
1158 3099 1209 3155 viri
1227 3099 1330 3173 magni,
1346 3115 1394 3157 nec
1407 3099 1581 3158 mediocriter
1593 3100 1715 3166 litterati,

63 3188 217 3247 Ganiredas
233 3189 269 3244 de
283 3187 408 3245 Oratorio
426 3187 626 3258 Burdigalensis
646 3188 882 3260 aronisplscopns,
902 3190 981 3258 cujus
1004 3186 1193 3262 suilraganeus
1219 3196 1276 3243 erat
1296 3187 1451 3254 Gilbertns;
1466 3189 1531 3243 Idilo
1551 3188 1717 3245 Morinorum

64 3281 220 3353 episcopus,
234 3277 360 3335 toaleam
373 3276 583 3344 suessionensis,
603 3284 631 3332 et
645 3276 776 3352 SugerIus
795 3277 880 3334 abbas
894 3276 986 3333 Sancti
1000 3276 1134 3350 Dionysii,
1149 3276 1194 3334 cui
1208 3276 1372 3335 Francorum
1388 3293 1435 3335 rex
1453 3277 1615 3348 Ludoricus,
1636 3279 1716 3336 iero·

10 3428 12 3459 Ι
64 3370 195 3440 solymam
210 3365 393 3437 prolicIscens,
409 3366 491 3423 totius
506 3365 582 3446 regni
606 3368 776 3422 commiserat
797 3366 1065 3432 administrationem,
1090 3374 1117 3422 et
1130 3367 1249 3437 quidam,
1264 3366 1338 3422 addit
1352 3368 1427 3431 Otto,
1446 3388 1458 3419 r
1477 3369 1554 3436 juxta
1568 3366 1640 3423 illius
1657 3382 1717 3424 rte-

10 3470 12 3555 ι
66 3458 137 3516 nobiI
152 3456 360 3530 prerogativam
370 3456 436 3528 (ibt.
452 3475 464 3505 ι
478 3453 632 3511 Gaulredue
647 3455 680 3511 de
693 3454 830 3520 Oratorio,
845 3454 894 3511 etsi
915 3453 1031 3510 Gilberti
1051 3453 1201 3510 doctrinam
1210 3468 1264 3510 non
1274 3454 1414 3526 probabat,
1429 3456 1476 3511 sed
1487 3455 1591 3513 bomini
1601 3455 1716 3517 favebat.

10 3564 12 3573 ·
97 3545 197 3604 LXIII.
215 3565 229 3596 r
249 3545 339 3602 Prlma
356 3545 401 3601 dle
415 3543 603 3602 consistorium
625 3543 766 3620 Ingressis,
791 3541 927 3600 Gilbertus
949 3558 1111 3618 magnorum
1130 3542 1297 3601 voluminum
1320 3558 1436 3616 corpora
1452 3562 1498 3615 per
1518 3545 1630 3604 clericos
1653 3560 1719 3603 suos

65 3634 157 3693 merri
171 3634 287 3706 sumsit,
300 3640 437 3704 mustus,
459 3632 598 3691 decurtate
613 3641 716 3689 tanturn
741 3631 895 3688 testimonia
908 3632 942 3688 ab
966 3631 1128 3687 adversariis
1142 3629 1265 3702 prolem.
1280 3632 1333 3687 Et:
1353 3653 1364 3682 ι
1384 3629 1456 3702 Quid
1481 3648 1594 3691 necesse
1615 3641 1667 3701 est,
1682 3634 1719 3690 ait

64 3724 227 3791 Icmardras,
240 3724 313 3781 circa
326 3722 480 3794 hujusmodi
492 3723 576 3780 verba
588 3721 689 3778 diutius
704 3720 865 3779 immorari?
878 3720 938 3777 Non
959 3719 1069 3777 allunde
1083 3719 1208 3791 procedit
1230 3719 1350 3777 scandali
1370 3719 1451 3792 hujus
1466 3721 1554 3794 origo,
1570 3721 1622 3778 nisi
1644 3722 1719 3794 quod

66 3815 155 3886 plnres
169 3813 283 3871 credere
303 3827 352 3869 vos
372 3810 497 3881 emunt,
517 3819 545 3868 et
565 3811 673 3879 docere,
695 3809 772 3883 qnod
787 3809 878 3864 diviua
896 3808 1013 3866 essenus
1031 3808 1074 3864 vel
1090 3820 1195 3876 natura,
1220 3808 1348 3866 diviuitas
1360 3811 1429 3881 ejus,
1446 3809 1584 3881 replentia,
1601 3811 1718 3878 bonitas,

66 3904 236 3977 magnitudo,
251 3917 306 3961 non
316 3901 451 3969 estDeus,
465 3899 513 3958 aed
525 3910 565 3957 est
579 3899 674 3967 forma,
689 3914 743 3971 qua
756 3906 799 3954 est
811 3898 896 3954 Dens.
913 3897 971 3953 iloc
984 3896 1008 3954 si
1021 3896 1140 3965 creditis,
1153 3898 1243 3967 palam
1257 3897 1357 3953 dicite:
1373 3906 1419 3952 aut
1432 3908 1556 3970 negate.»
1574 3899 1622 3956 Ille
1636 3913 1720 3956 ausus

66 4004 105 4048 est
117 3993 223 4058 dicere,
237 3990 350 4048 sormam
359 3991 430 4046 banc
442 3991 528 4046 mum
541 4004 594 4045 non
606 4003 678 4047 esse.
692 3987 761 4043 Tum
773 3986 946 4042 bernardus:
962 3986 1067 4056 «Ecce,
1081 3985 1127 4048 ait,
1139 3993 1263 4040 tenemus
1275 3983 1348 4056 quod
1362 3985 1570 4054 querebamus:
1587 3986 1714 4042 scribetur

60 4080 115 4138 ieta
128 4079 294 4139 eonium.»
309 4079 350 4136 lta
362 4078 493 4151 precepit
506 4093 626 4135 summus
637 4076 770 4148 ponti‘em
795 4083 822 4132 et
834 4076 951 4131 domnus
963 4074 1095 4130 ilenricus
1108 4072 1232 4138 Pisanus,
1247 4078 1310 4130 tunc
1323 4072 1451 4129 iiomanae
1468 4073 1595 4130 Ecclesiae
1608 4073 1711 4141 subtila-

67 4187 162 4238 conus,
174 4169 285 4227 iuturus
296 4179 388 4240 postea
401 4165 632 4224 Clam-Veliensis
650 4166 812 4233 monachus,
827 4176 855 4221 et
867 4180 901 4221 ex
914 4166 1010 4221 abbate
1032 4162 1127 4220 Sancti
1150 4160 1286 4217 snastaail
1308 4161 1465 4241 Sanctorum
1479 4162 1561 4218 Nerei
1574 4171 1601 4218 et
1624 4162 1719 4220 schil-

66 4258 98 4315 bi
114 4260 257 4330 presbyter
271 4256 427 4327 cardInalis,
443 4256 478 4312 ad
491 4257 551 4328 ejus
565 4255 721 4312 mandatum
736 4253 852 4325 perrexit
866 4263 894 4308 et
908 4252 995 4310 attulit
1008 4253 1137 4317 chartam,
1165 4252 1300 4306 calamum
1313 4259 1340 4306 et
1357 4262 1524 4307 encaustum.
1539 4251 1607 4308 Cum
1629 4261 1720 4308 autem

68 4349 201 4403 scriberet
210 4346 290 4402 istam
300 4344 516 4402 confessionem:
534 4345 593 4401 siit
605 4359 686 4410 vos»
702 4341 761 4399 iniit
775 4341 808 4398 ad
822 4342 990 4397 bernardum
1004 4339 1152 4409 Gilbertus,
1170 4338 1311 4406 ascribite,
1328 4339 1401 4412 quod
1416 4339 1541 4396 diuinitas
1554 4347 1597 4396 est
1611 4341 1716 4397 Deus.»

68 4437 109 4491 bd
119 4437 175 4492 boc
182 4434 352 4491 bernardus:
368 4432 649 4504 «scribaruminqult,
665 4429 833 4504 styloierreo
844 4431 871 4484 in
884 4446 977 4502 ungue
987 4429 1193 4486 adamantino.»
1209 4427 1276 4483 Cum
1285 4427 1377 4484 multis
1388 4427 1457 4486 ultro
1466 4428 1588 4500 citroque
1598 4428 1721 4501 disputa·

69 4530 126 4580 tum
140 4532 226 4589 esset,
240 4522 366 4580 dixerunt
379 4521 541 4593 cardinales,
555 4536 586 4578 se
606 4520 737 4592 deinceps
751 4535 808 4575 rem
822 4516 987 4574 dilinituros.
1012 4516 1144 4573 commoti
1160 4517 1213 4572 boc
1231 4516 1305 4572 dicto
1327 4516 1459 4589 episcopi,
1478 4517 1552 4588 qnod
1569 4517 1720 4575 cardinales

69 4613 119 4667 sibi
133 4611 202 4669 solis
216 4626 304 4667 csnsoe
317 4610 502 4667 definitionem
524 4620 702 4678 reservarent,
724 4609 887 4664 bernardum
909 4604 1088 4677 interpellant,
1105 4615 1135 4661 ut
1159 4604 1272 4661 Gilberti
1292 4604 1417 4676 capitulis
1435 4605 1489 4660 alie
1510 4605 1645 4661 contraria
1657 4621 1719 4662 cunr

71 4699 194 4772 symbolo
207 4699 272 4757 fidei
283 4701 479 4759 conderentur:
499 4715 534 4754 ne
550 4699 634 4771 (qnod
659 4697 771 4754 Gilberti
786 4694 896 4768 plarImi
910 4711 942 4750 ex
965 4694 1146 4751 cardinalibus
1179 4692 1299 4749 lautores
1325 4693 1462 4763 volebant)
1476 4708 1505 4749 re
1517 4692 1614 4749 inlecta
1632 4693 1721 4750 conci·

71 4789 136 4845 lium
159 4789 320 4847 solveretur.
341 4790 435 4858 ltaque
458 4788 609 4843 bernardus
632 4786 657 4841 id
684 4785 827 4857 praestitit:
852 4793 961 4854 tumque
987 4783 1106 4853 episcopi
1130 4781 1327 4839 consessionem
1352 4782 1385 4836 ab
1414 4797 1444 4837 se
1458 4782 1636 4850 subscriptam
1669 4797 1720 4854 per

10 4860 12 4877 ¹
71 4877 212 4952 lingonum
235 4876 509 4944 audmiodoreasem,
536 4875 662 4931 llilonem
680 4875 862 4930 liorineneem
885 4871 1037 4945 episcopos,
1062 4887 1093 4927 ac
1111 4868 1256 4943 Sugerium
1279 4870 1402 4927 abbatem
1426 4867 1546 4942 pontifici
1568 4867 1721 4928 obtulerunt

70 4967 261 5024 mirmandam
273 4983 282 5034 ;
293 4965 320 5021 id
334 4965 408 5038 quod
424 4965 502 5021 iacile
520 4963 709 5020 othnnerunt.
727 4961 841 5018 Vocatus
865 4961 973 5016 demum
991 4959 1017 5014 iu
1041 4969 1200 5015 conventum
1214 4957 1362 5026 Gilbertus,
1383 4958 1410 5015 in
1426 4958 1526 5031 Insigni
1547 4958 1657 5031 palatio,
1677 4957 1721 5014 cui

10 5086 12 5097 ·
71 5072 179 5113 nomem
195 5065 239 5112 est
260 5056 316 5110 'Iau
343 5056 395 5125 (sic
412 5054 554 5112 tlemeasis
576 5052 773 5122 archiepiscopi
794 5051 867 5106 redes
887 5049 1092 5122 appellabantur
1113 5049 1149 5103 ob
1174 5047 1286 5104 formam
1310 5048 1393 5121 graeci
1421 5046 1567 5120 elementi),
1596 5047 1720 5118 capitulis

10 5132 12 5181 Ι
70 5144 186 5220 siugulis
200 5161 217 5200 a
229 5161 259 5201 se
281 5145 393 5216 prolstIs
412 5143 495 5200 lbiere
518 5140 700 5208 renuntiavit;
728 5138 875 5212 eademque
896 5139 1017 5209 pontifex
1040 5137 1176 5192 damnavit
1196 5152 1259 5193 cum
1277 5135 1492 5207 libroauctorIs,
1512 5136 1634 5194 districte
1652 5151 1722 5207 prae·

71 5235 182 5306 cipiens,
196 5250 233 5293 ne
244 5234 372 5291 eumdem
392 5231 491 5288 librum
509 5237 611 5304 legera,
636 5229 678 5288 rei
698 5227 876 5285 transcribere
888 5227 951 5300 quie
963 5228 1083 5297 auderet,
1098 5223 1150 5282 nisi
1173 5225 1245 5296 prius
1263 5241 1324 5280 cum
1350 5225 1471 5281 Romana
1485 5225 1607 5282 Ecclesia
1626 5240 1719 5282 corre·

71 5323 163 5382 ried.
178 5325 289 5381 iliceme
302 5319 435 5390 Gilberto,
459 5336 490 5378 se
502 5322 539 5378 ad
559 5332 656 5377 nutum
680 5316 816 5392 pontilicis
837 5325 1034 5388 consciarum,
1057 5313 1178 5388 pontiler
1201 5314 1318 5390 negarit.
1336 5333 1349 5364 a
1364 5313 1428 5371 ilaec
1451 5313 1565 5387 carptim
1588 5330 1622 5372 ea
1645 5311 1720 5371 Gan·

69 5412 158 5471 Irido.

103 5519 163 5597 (tt)
178 5517 456 5594 otaoatetbtstlb.
471 5516 681 5592 r,eap.bt,b¹
958 5512 1016 5584 (td)
1035 5510 1111 5583 Otto,
1126 5509 1253 5569 meris
1268 5507 1317 5568 lib.
1332 5523 1354 5584 a,
1375 5510 1495 5584 capa.
