<?xml version="1.0" encoding="UTF-8"?>
<!DOCTYPE html PUBLIC "-//W3C//DTD XHTML 1.0 Transitional//EN"
    "http://www.w3.org/TR/xhtml1/DTD/xhtml1-transitional.dtd">
<html xmlns="http://www.w3.org/1999/xhtml" xml:lang="en" lang="en">
 <head>
  <title>
</title>
<meta http-equiv="Content-Type" content="text/html;charset=utf-8" />
  <meta name='ocr-system' content='tesseract 3.04.00' />
  <meta name='ocr-capabilities' content='ocr_page ocr_carea ocr_par ocr_line ocrx_word'/>
</head>
<body>
  <div class='ocr_page' id='page_1' title='image "./patrologiaecurs62unkngoog_0409.png"; bbox 0 0 3728 5940; ppageno 0'>
   <div class='ocr_carea' id='block_1_1' title="bbox 198 182 1849 261">
    <p class='ocr_par' dir='ltr' id='par_1_1' title="bbox 198 182 1849 261">
     <span class='ocr_line' id='line_1_1' title="bbox 198 182 1849 261; baseline 0.016 -27"><span class='ocrx_word' id='word_1_1' title='bbox 198 186 251 247; x_wconf 78' lang='lat'>779</span> <span class='ocrx_word' id='word_1_2' title='bbox 673 183 701 240; x_wconf 88' lang='lat' dir='ltr'>S.</span> <span class='ocrx_word' id='word_1_3' title='bbox 722 182 891 246; x_wconf 73' lang='lat' dir='ltr'>eueniunt</span> <span class='ocrx_word' id='word_1_4' title='bbox 906 185 1044 245; x_wconf 78' lang='lat' dir='ltr'>lell&#39;llS</span> <span class='ocrx_word' id='word_1_5' title='bbox 1063 183 1371 249; x_wconf 69' lang='lat' dir='ltr'>clunniacenses</span> <span class='ocrx_word' id='word_1_6' title='bbox 1792 199 1849 261; x_wconf 81' lang='lat'>78⁰</span> 
     </span>
    </p>
   </div>
   <div class='ocr_carea' id='block_1_2' title="bbox 172 305 1851 3046">
    <p class='ocr_par' dir='ltr' id='par_1_2' title="bbox 172 305 1851 3046">
     <span class='ocr_line' id='line_1_2' title="bbox 198 305 1851 394; baseline 0.001 -26"><span class='ocrx_word' id='word_1_7' title='bbox 198 312 326 379; x_wconf 89' lang='lat' dir='ltr'>Consilio,</span> <span class='ocrx_word' id='word_1_8' title='bbox 345 323 398 364; x_wconf 88' lang='lat' dir='ltr'>non</span> <span class='ocrx_word' id='word_1_9' title='bbox 414 321 495 382; x_wconf 82' lang='lat' dir='ltr'>prece</span> <span class='ocrx_word' id='word_1_10' title='bbox 509 305 643 380; x_wconf 74' lang='lat' dir='ltr'>agendum</span> <span class='ocrx_word' id='word_1_11' title='bbox 657 314 708 362; x_wconf 88' lang='lat' dir='ltr'>est.</span> <span class='ocrx_word' id='word_1_12' title='bbox 725 307 793 364; x_wconf 87' lang='lat' dir='ltr'>Sunt</span> <span class='ocrx_word' id='word_1_13' title='bbox 815 325 876 381; x_wconf 87' lang='lat' dir='ltr'>quae</span> <span class='ocrx_word' id='word_1_14' title='bbox 892 326 991 367; x_wconf 88' lang='lat' dir='ltr'>neces·</span> <span class='ocrx_word' id='word_1_15' title='bbox 1046 326 1099 367; x_wconf 93' lang='lat' dir='ltr'>nou</span> <span class='ocrx_word' id='word_1_16' title='bbox 1114 313 1186 369; x_wconf 88' lang='lat' dir='ltr'>alind</span> <span class='ocrx_word' id='word_1_17' title='bbox 1199 328 1280 387; x_wconf 86' lang='lat' dir='ltr'>quam</span> <span class='ocrx_word' id='word_1_18' title='bbox 1290 315 1402 384; x_wconf 73' lang='lat' dir='ltr'>iustitie</span> <span class='ocrx_word' id='word_1_19' title='bbox 1416 317 1522 373; x_wconf 86' lang='lat' dir='ltr'>bostem</span> <span class='ocrx_word' id='word_1_20' title='bbox 1538 326 1657 390; x_wconf 90' lang='lat' dir='ltr'>reputes.</span> <span class='ocrx_word' id='word_1_21' title='bbox 1673 322 1726 379; x_wconf 87' lang='lat' dir='ltr'>Pro</span> <span class='ocrx_word' id='word_1_22' title='bbox 1740 322 1851 394; x_wconf 83' lang='lat' dir='ltr'>bujua..</span> 
     </span>
     <span class='ocr_line' id='line_1_3' title="bbox 197 395 1846 481; baseline 0.001 -25"><span class='ocrx_word' id='word_1_23' title='bbox 197 396 390 456; x_wconf 83' lang='lat' dir='ltr'>sarioanobis</span> <span class='ocrx_word' id='word_1_24' title='bbox 406 395 555 472; x_wconf 76' lang='lat' dir='ltr'><strong>rogantium</strong></span> <span class='ocrx_word' id='word_1_25' title='bbox 570 402 617 450; x_wconf 88' lang='lat' dir='ltr'>ant</span> <span class='ocrx_word' id='word_1_26' title='bbox 632 405 775 468; x_wconf 82' lang='lat' dir='ltr'>extorquet</span> <span class='ocrx_word' id='word_1_27' title='bbox 788 397 988 469; x_wconf 90' lang='lat' dir='ltr'>importunitas,</span> <span class='ocrx_word' id='word_1_28' title='bbox 1046 400 1119 457; x_wconf 91' lang='lat' dir='ltr'>modi</span> <span class='ocrx_word' id='word_1_29' title='bbox 1143 402 1217 458; x_wconf 89' lang='lat' dir='ltr'>ialsis</span> <span class='ocrx_word' id='word_1_30' title='bbox 1240 401 1368 463; x_wconf 82' lang='lat' dir='ltr'>tratribus</span> <span class='ocrx_word' id='word_1_31' title='bbox 1395 404 1461 462; x_wconf 86' lang='lat' dir='ltr'>dicit</span> <span class='ocrx_word' id='word_1_32' title='bbox 1490 407 1537 463; x_wconf 88' lang='lat' dir='ltr'>tibi</span> <span class='ocrx_word' id='word_1_33' title='bbox 1566 408 1720 481; x_wconf 73' lang='lat' dir='ltr'>Magister:</span> <span class='ocrx_word' id='word_1_34' title='bbox 1746 413 1846 472; x_wconf 64' lang='lat' dir='ltr'>llam</span> 
     </span>
     <span class='ocr_line' id='line_1_4' title="bbox 196 483 1652 570; baseline -0.004 -26"><span class='ocrx_word' id='word_1_35' title='bbox 196 501 243 544; x_wconf 88' lang='lat' dir='ltr'>aut</span> <span class='ocrx_word' id='word_1_36' title='bbox 261 488 405 544; x_wconf 73' lang='lat' dir='ltr'>necessitas</span> <span class='ocrx_word' id='word_1_37' title='bbox 426 493 557 543; x_wconf 86' lang='lat' dir='ltr'>moretur.</span> <span class='ocrx_word' id='word_1_38' title='bbox 572 485 608 539; x_wconf 81' lang='lat' dir='ltr'>At</span> <span class='ocrx_word' id='word_1_39' title='bbox 623 483 693 540; x_wconf 86' lang='lat' dir='ltr'>istud</span> <span class='ocrx_word' id='word_1_40' title='bbox 709 487 736 540; x_wconf 92' lang='lat' dir='ltr'>in</span> <span class='ocrx_word' id='word_1_41' title='bbox 759 485 801 541; x_wconf 91' lang='lat' dir='ltr'>bis</span> <span class='ocrx_word' id='word_1_42' title='bbox 814 503 876 559; x_wconf 82' lang='lat' dir='ltr'>quae</span> <span class='ocrx_word' id='word_1_43' title='bbox 899 496 990 543; x_wconf 86' lang='lat' dir='ltr'>nostra</span> <span class='ocrx_word' id='word_1_44' title='bbox 1045 492 1101 548; x_wconf 82' lang='lat' dir='ltr'>cito</span> <span class='ocrx_word' id='word_1_45' title='bbox 1115 491 1227 547; x_wconf 77' lang='lat' dir='ltr'>nemini</span> <span class='ocrx_word' id='word_1_46' title='bbox 1238 491 1406 565; x_wconf 75' lang='lat' dir='ltr'>imposueris</span> <span class='ocrx_word' id='word_1_47' title='bbox 1420 495 1447 567; x_wconf 80' lang='lat'>(1</span> <span class='ocrx_word' id='word_1_48' title='bbox 1471 496 1534 552; x_wconf 73' lang='lat' dir='ltr'>ltm,</span> <span class='ocrx_word' id='word_1_49' title='bbox 1551 512 1580 565; x_wconf 66' lang='lat' dir='ltr'>a,</span> <span class='ocrx_word' id='word_1_50' title='bbox 1596 497 1652 570; x_wconf 65' lang='grc' dir='ltr'>ῃ),</span> 
     </span>
     <span class='ocr_line' id='line_1_5' title="bbox 194 571 1844 664; baseline 0.002 -32"><span class='ocrx_word' id='word_1_51' title='bbox 194 586 265 631; x_wconf 90' lang='lat' dir='ltr'>sunt.</span> <span class='ocrx_word' id='word_1_52' title='bbox 295 574 345 630; x_wconf 85' lang='lat' dir='ltr'>Ubi</span> <span class='ocrx_word' id='word_1_53' title='bbox 365 585 454 630; x_wconf 87' lang='lat' dir='ltr'>eutem</span> <span class='ocrx_word' id='word_1_54' title='bbox 472 571 604 628; x_wconf 86' lang='lat' dir='ltr'>nonlicet</span> <span class='ocrx_word' id='word_1_55' title='bbox 628 575 701 644; x_wconf 86' lang='lat' dir='ltr'>quod</span> <span class='ocrx_word' id='word_1_56' title='bbox 717 574 778 630; x_wconf 91' lang='lat' dir='ltr'>iolo</span> <span class='ocrx_word' id='word_1_57' title='bbox 806 574 904 641; x_wconf 89' lang='lat' dir='ltr'>lacere,</span> <span class='ocrx_word' id='word_1_58' title='bbox 928 579 989 649; x_wconf 91' lang='lat' dir='ltr'>quis</span> <span class='ocrx_word' id='word_1_59' title='bbox 1081 581 1124 633; x_wconf 85' lang='lat' dir='ltr'>ll.</span> <span class='ocrx_word' id='word_1_60' title='bbox 1150 577 1267 636; x_wconf 85' lang='lat' dir='ltr'>Exclnso</span> <span class='ocrx_word' id='word_1_61' title='bbox 1285 581 1375 654; x_wconf 86' lang='lat' dir='ltr'>itaque</span> <span class='ocrx_word' id='word_1_62' title='bbox 1398 583 1527 641; x_wconf 82' lang='lat' dir='ltr'>universo</span> <span class='ocrx_word' id='word_1_63' title='bbox 1553 587 1604 643; x_wconf 90' lang='lat' dir='ltr'>lioo</span> <span class='ocrx_word' id='word_1_64' title='bbox 1628 587 1766 659; x_wconf 72' lang='lat' dir='ltr'><strong>pestilenti</strong></span> <span class='ocrx_word' id='word_1_65' title='bbox 1789 607 1844 664; x_wconf 67' lang='lat' dir='ltr'>pa.</span> 
     </span>
     <span class='ocr_line' id='line_1_6' title="bbox 194 661 1845 746; baseline 0.011 -28"><span class='ocrx_word' id='word_1_66' title='bbox 194 664 269 720; x_wconf 90' lang='lat' dir='ltr'>locus</span> <span class='ocrx_word' id='word_1_67' title='bbox 284 661 490 736; x_wconf 75' lang='lat' dir='ltr'>rogantiiNisi</span> <span class='ocrx_word' id='word_1_68' title='bbox 519 661 586 716; x_wconf 84' lang='lat' dir='ltr'>torte</span> <span class='ocrx_word' id='word_1_69' title='bbox 600 661 646 733; x_wconf 89' lang='lat' dir='ltr'>qui</span> <span class='ocrx_word' id='word_1_70' title='bbox 662 678 705 716; x_wconf 91' lang='lat' dir='ltr'>me</span> <span class='ocrx_word' id='word_1_71' title='bbox 725 666 812 737; x_wconf 76' lang='lat' dir='ltr'>roget,</span> <span class='ocrx_word' id='word_1_72' title='bbox 833 663 988 738; x_wconf 79' lang='lat' dir='ltr'>hocrogat,</span> <span class='ocrx_word' id='word_1_73' title='bbox 1044 684 1109 725; x_wconf 91' lang='lat' dir='ltr'>nere</span> <span class='ocrx_word' id='word_1_74' title='bbox 1141 671 1290 743; x_wconf 88' lang='lat' dir='ltr'>bominum,</span> <span class='ocrx_word' id='word_1_75' title='bbox 1306 688 1378 728; x_wconf 81' lang='lat' dir='ltr'>curae</span> <span class='ocrx_word' id='word_1_76' title='bbox 1397 675 1443 731; x_wconf 90' lang='lat' dir='ltr'>tibi</span> <span class='ocrx_word' id='word_1_77' title='bbox 1472 675 1588 746; x_wconf 70' lang='lat' dir='ltr'>niaiinie</span> <span class='ocrx_word' id='word_1_78' title='bbox 1607 679 1643 732; x_wconf 90' lang='lat' dir='ltr'>sit</span> <span class='ocrx_word' id='word_1_79' title='bbox 1673 679 1845 740; x_wconf 67' lang='lat' dir='ltr'>introducere</span> 
     </span>
     <span class='ocr_line' id='line_1_7' title="bbox 192 750 1841 840; baseline 0.007 -32"><span class='ocrx_word' id='word_1_80' title='bbox 192 762 222 808; x_wconf 92' lang='lat' dir='ltr'>ut</span> <span class='ocrx_word' id='word_1_81' title='bbox 237 752 308 825; x_wconf 92' lang='lat' dir='ltr'>quod</span> <span class='ocrx_word' id='word_1_82' title='bbox 331 756 398 816; x_wconf 80' lang='lat' dir='ltr'>vult,</span> <span class='ocrx_word' id='word_1_83' title='bbox 428 752 492 806; x_wconf 84' lang='lat' dir='ltr'>velle</span> <span class='ocrx_word' id='word_1_84' title='bbox 521 750 597 805; x_wconf 86' lang='lat' dir='ltr'>liceat</span> <span class='ocrx_word' id='word_1_85' title='bbox 620 750 694 816; x_wconf 89' lang='lat' dir='ltr'>mibi,</span> <span class='ocrx_word' id='word_1_86' title='bbox 723 761 750 807; x_wconf 90' lang='lat' dir='ltr'>et</span> <span class='ocrx_word' id='word_1_87' title='bbox 773 767 827 807; x_wconf 94' lang='lat' dir='ltr'>nori</span> <span class='ocrx_word' id='word_1_88' title='bbox 846 753 933 827; x_wconf 76' lang='lat' dir='ltr'>magis</span> <span class='ocrx_word' id='word_1_89' title='bbox 959 763 988 808; x_wconf 92' lang='lat' dir='ltr'>ut</span> <span class='ocrx_word' id='word_1_90' title='bbox 1042 759 1117 829; x_wconf 80' lang='lat' dir='ltr'>tales,</span> <span class='ocrx_word' id='word_1_91' title='bbox 1133 774 1203 832; x_wconf 87' lang='lat' dir='ltr'>qnos</span> <span class='ocrx_word' id='word_1_92' title='bbox 1222 763 1394 833; x_wconf 90' lang='lat' dir='ltr'>postmodum</span> <span class='ocrx_word' id='word_1_93' title='bbox 1418 765 1603 821; x_wconf 81' lang='lat' dir='ltr'>introduxisse</span> <span class='ocrx_word' id='word_1_94' title='bbox 1622 781 1676 823; x_wconf 90' lang='lat' dir='ltr'>non</span> <span class='ocrx_word' id='word_1_95' title='bbox 1699 770 1841 840; x_wconf 70' lang='lat' dir='ltr'>poeniteat,</span> 
     </span>
     <span class='ocr_line' id='line_1_8' title="bbox 192 838 1840 926; baseline 0.009 -28"><span class='ocrx_word' id='word_1_96' title='bbox 192 842 272 898; x_wconf 81' lang='lat' dir='ltr'>velim</span> <span class='ocrx_word' id='word_1_97' title='bbox 288 843 354 913; x_wconf 66' lang='grc' dir='ltr'>(ιιι).</span> <span class='ocrx_word' id='word_1_98' title='bbox 371 842 448 896; x_wconf 79' lang='lat' dir='ltr'>illius</span> <span class='ocrx_word' id='word_1_99' title='bbox 463 856 512 912; x_wconf 90' lang='lat' dir='ltr'>pro</span> <span class='ocrx_word' id='word_1_100' title='bbox 528 839 591 906; x_wconf 89' lang='lat' dir='ltr'>alio,</span> <span class='ocrx_word' id='word_1_101' title='bbox 607 838 677 894; x_wconf 90' lang='lat' dir='ltr'>alius</span> <span class='ocrx_word' id='word_1_102' title='bbox 690 839 756 896; x_wconf 91' lang='lat' dir='ltr'>lortc</span> <span class='ocrx_word' id='word_1_103' title='bbox 780 851 808 897; x_wconf 91' lang='lat' dir='ltr'>et</span> <span class='ocrx_word' id='word_1_104' title='bbox 823 858 870 910; x_wconf 89' lang='lat' dir='ltr'>pro</span> <span class='ocrx_word' id='word_1_105' title='bbox 893 856 923 898; x_wconf 89' lang='lat' dir='ltr'>se</span> <span class='ocrx_word' id='word_1_106' title='bbox 939 858 986 898; x_wconf 89' lang='lat' dir='ltr'>ro·</span> <span class='ocrx_word' id='word_1_107' title='bbox 1041 845 1133 918; x_wconf 83' lang='lat' dir='ltr'>Turpe</span> <span class='ocrx_word' id='word_1_108' title='bbox 1155 856 1196 905; x_wconf 90' lang='lat' dir='ltr'>est</span> <span class='ocrx_word' id='word_1_109' title='bbox 1220 849 1268 905; x_wconf 91' lang='lat' dir='ltr'>tibi</span> <span class='ocrx_word' id='word_1_110' title='bbox 1291 850 1393 923; x_wconf 84' lang='lat' dir='ltr'>saepius</span> <span class='ocrx_word' id='word_1_111' title='bbox 1418 859 1563 911; x_wconf 85' lang='lat' dir='ltr'>retractare</span> <span class='ocrx_word' id='word_1_112' title='bbox 1591 855 1665 926; x_wconf 91' lang='lat' dir='ltr'>quod</span> <span class='ocrx_word' id='word_1_113' title='bbox 1688 856 1796 926; x_wconf 73' lang='lat' dir='ltr'>teraris,</span> <span class='ocrx_word' id='word_1_114' title='bbox 1813 870 1840 919; x_wconf 85' lang='lat' dir='ltr'>et</span> 
     </span>
     <span class='ocr_line' id='line_1_9' title="bbox 191 928 1834 1016; baseline 0.005 -28"><span class='ocrx_word' id='word_1_115' title='bbox 191 940 248 1006; x_wconf 81' lang='lat' dir='ltr'>gat.</span> <span class='ocrx_word' id='word_1_116' title='bbox 261 932 313 987; x_wconf 88' lang='lat' dir='ltr'>Pro</span> <span class='ocrx_word' id='word_1_117' title='bbox 330 944 384 1002; x_wconf 91' lang='lat' dir='ltr'>quo</span> <span class='ocrx_word' id='word_1_118' title='bbox 398 928 513 1002; x_wconf 73' lang='lat' dir='ltr'>rogaris,</span> <span class='ocrx_word' id='word_1_119' title='bbox 529 929 564 982; x_wconf 89' lang='lat' dir='ltr'>sit</span> <span class='ocrx_word' id='word_1_120' title='bbox 578 935 745 1001; x_wconf 80' lang='lat' dir='ltr'>suspectus3</span> <span class='ocrx_word' id='word_1_121' title='bbox 762 930 807 1000; x_wconf 91' lang='lat' dir='ltr'>qni</span> <span class='ocrx_word' id='word_1_122' title='bbox 830 930 888 1001; x_wconf 92' lang='lat' dir='ltr'>ipse</span> <span class='ocrx_word' id='word_1_123' title='bbox 906 938 984 1003; x_wconf 70' lang='lat' dir='ltr'>rogat</span> <span class='ocrx_word' id='word_1_124' title='bbox 1037 935 1168 1003; x_wconf 86' lang='lat' dir='ltr'>judicium</span> <span class='ocrx_word' id='word_1_125' title='bbox 1200 947 1275 994; x_wconf 89' lang='lat' dir='ltr'>tuum</span> <span class='ocrx_word' id='word_1_126' title='bbox 1308 938 1466 1011; x_wconf 84' lang='lat' dir='ltr'>frequenter</span> <span class='ocrx_word' id='word_1_127' title='bbox 1493 942 1641 1016; x_wconf 85' lang='lat' dir='ltr'>periclitari</span> <span class='ocrx_word' id='word_1_128' title='bbox 1663 960 1716 1003; x_wconf 87' lang='lat' dir='ltr'>nori</span> <span class='ocrx_word' id='word_1_129' title='bbox 1745 947 1834 1006; x_wconf 74' lang='lat' dir='ltr'>decet.</span> 
     </span>
     <span class='ocr_line' id='line_1_10' title="bbox 191 1017 1836 1102; baseline 0.007 -26"><span class='ocrx_word' id='word_1_130' title='bbox 191 1035 289 1092; x_wconf 89' lang='lat' dir='ltr'>prose,</span> <span class='ocrx_word' id='word_1_131' title='bbox 303 1022 358 1089; x_wconf 75' lang='lat' dir='ltr'>iam</span> <span class='ocrx_word' id='word_1_132' title='bbox 371 1018 507 1089; x_wconf 84' lang='lat' dir='ltr'>judicatus</span> <span class='ocrx_word' id='word_1_133' title='bbox 521 1025 572 1072; x_wconf 89' lang='lat' dir='ltr'>est.</span> <span class='ocrx_word' id='word_1_134' title='bbox 587 1018 645 1073; x_wconf 89' lang='lat' dir='ltr'>Nec</span> <span class='ocrx_word' id='word_1_135' title='bbox 658 1017 780 1083; x_wconf 88' lang='lat' dir='ltr'>interest,</span> <span class='ocrx_word' id='word_1_136' title='bbox 809 1035 858 1090; x_wconf 92' lang='lat' dir='ltr'>per</span> <span class='ocrx_word' id='word_1_137' title='bbox 880 1035 921 1090; x_wconf 89' lang='lat' dir='ltr'>se,</span> <span class='ocrx_word' id='word_1_138' title='bbox 949 1035 984 1075; x_wconf 88' lang='lat' dir='ltr'>un</span> <span class='ocrx_word' id='word_1_139' title='bbox 1039 1024 1188 1098; x_wconf 80' lang='lat' dir='ltr'>Diligenter</span> <span class='ocrx_word' id='word_1_140' title='bbox 1212 1027 1323 1097; x_wconf 85' lang='lat' dir='ltr'>proinde</span> <span class='ocrx_word' id='word_1_141' title='bbox 1337 1043 1418 1084; x_wconf 90' lang='lat' dir='ltr'>omne</span> <span class='ocrx_word' id='word_1_142' title='bbox 1439 1031 1513 1101; x_wconf 90' lang='lat' dir='ltr'>quod</span> <span class='ocrx_word' id='word_1_143' title='bbox 1530 1029 1685 1089; x_wconf 83' lang='lat' dir='ltr'>laciendum</span> <span class='ocrx_word' id='word_1_144' title='bbox 1698 1034 1761 1102; x_wconf 92' lang='lat' dir='ltr'>erit,</span> <span class='ocrx_word' id='word_1_145' title='bbox 1778 1044 1836 1094; x_wconf 84' lang='lat' dir='ltr'>tra-</span> 
     </span>
     <span class='ocr_line' id='line_1_11' title="bbox 191 1104 1839 1192; baseline 0.005 -27"><span class='ocrx_word' id='word_1_146' title='bbox 191 1108 336 1181; x_wconf 78' lang='lat' dir='ltr'>paralium</span> <span class='ocrx_word' id='word_1_147' title='bbox 351 1108 412 1180; x_wconf 91' lang='lat' dir='ltr'>quis</span> <span class='ocrx_word' id='word_1_148' title='bbox 426 1117 514 1180; x_wconf 85' lang='lat' dir='ltr'>roget.</span> <span class='ocrx_word' id='word_1_149' title='bbox 529 1104 663 1162; x_wconf 83' lang='lat' dir='ltr'>Clericum</span> <span class='ocrx_word' id='word_1_150' title='bbox 685 1107 787 1162; x_wconf 88' lang='lat' dir='ltr'>curiam</span> <span class='ocrx_word' id='word_1_151' title='bbox 808 1106 983 1179; x_wconf 78' lang='lat' dir='ltr'>frequentari·</span> <span class='ocrx_word' id='word_1_152' title='bbox 1038 1120 1080 1168; x_wconf 91' lang='lat' dir='ltr'>cta</span> <span class='ocrx_word' id='word_1_153' title='bbox 1094 1114 1166 1184; x_wconf 89' lang='lat' dir='ltr'>apud</span> <span class='ocrx_word' id='word_1_154' title='bbox 1182 1123 1217 1181; x_wconf 89' lang='lat' dir='ltr'>te,</span> <span class='ocrx_word' id='word_1_155' title='bbox 1233 1122 1260 1171; x_wconf 87' lang='lat' dir='ltr'>et</span> <span class='ocrx_word' id='word_1_156' title='bbox 1273 1131 1335 1174; x_wconf 88' lang='lat' dir='ltr'>euni</span> <span class='ocrx_word' id='word_1_157' title='bbox 1354 1115 1397 1172; x_wconf 88' lang='lat' dir='ltr'>his</span> <span class='ocrx_word' id='word_1_158' title='bbox 1410 1117 1458 1190; x_wconf 92' lang='lat' dir='ltr'>qui</span> <span class='ocrx_word' id='word_1_159' title='bbox 1480 1127 1505 1175; x_wconf 91' lang='lat' dir='ltr'>te</span> <span class='ocrx_word' id='word_1_160' title='bbox 1519 1119 1645 1192; x_wconf 75' lang='lat' dir='ltr'>diligunt.</span> <span class='ocrx_word' id='word_1_161' title='bbox 1663 1121 1762 1179; x_wconf 77' lang='lat' dir='ltr'>Tracta</span> <span class='ocrx_word' id='word_1_162' title='bbox 1775 1135 1839 1182; x_wconf 73' lang='lat' dir='ltr'>apta</span> 
     </span>
     <span class='ocr_line' id='line_1_12' title="bbox 190 1193 1837 1277; baseline 0.006 -24"><span class='ocrx_word' id='word_1_163' title='bbox 190 1196 323 1269; x_wconf 70' lang='lat' dir='ltr'>temlllal,</span> <span class='ocrx_word' id='word_1_164' title='bbox 340 1194 387 1268; x_wconf 93' lang='lat' dir='ltr'>qui</span> <span class='ocrx_word' id='word_1_165' title='bbox 402 1210 455 1251; x_wconf 93' lang='lat' dir='ltr'>non</span> <span class='ocrx_word' id='word_1_166' title='bbox 470 1194 504 1251; x_wconf 89' lang='lat' dir='ltr'>sit</span> <span class='ocrx_word' id='word_1_167' title='bbox 523 1193 654 1261; x_wconf 87' lang='lat' dir='ltr'>decuria,</span> <span class='ocrx_word' id='word_1_168' title='bbox 675 1195 708 1249; x_wconf 90' lang='lat' dir='ltr'>ad</span> <span class='ocrx_word' id='word_1_169' title='bbox 721 1195 793 1249; x_wconf 89' lang='lat' dir='ltr'>idem</span> <span class='ocrx_word' id='word_1_170' title='bbox 808 1195 882 1250; x_wconf 90' lang='lat' dir='ltr'>noris</span> <span class='ocrx_word' id='word_1_171' title='bbox 896 1196 983 1267; x_wconf 91' lang='lat' dir='ltr'>perti·</span> <span class='ocrx_word' id='word_1_172' title='bbox 1038 1201 1145 1271; x_wconf 85' lang='lat' dir='ltr'>laetum,</span> <span class='ocrx_word' id='word_1_173' title='bbox 1165 1204 1227 1273; x_wconf 90' lang='lat' dir='ltr'>qiiia</span> <span class='ocrx_word' id='word_1_174' title='bbox 1249 1213 1312 1277; x_wconf 92' lang='lat' dir='ltr'>post</span> <span class='ocrx_word' id='word_1_175' title='bbox 1334 1204 1433 1262; x_wconf 85' lang='lat' dir='ltr'>factum</span> <span class='ocrx_word' id='word_1_176' title='bbox 1458 1222 1521 1263; x_wconf 86' lang='lat' dir='ltr'>sera</span> <span class='ocrx_word' id='word_1_177' title='bbox 1542 1210 1696 1267; x_wconf 89' lang='lat' dir='ltr'>retractatio</span> <span class='ocrx_word' id='word_1_178' title='bbox 1716 1220 1770 1274; x_wconf 82' lang='lat' dir='ltr'>est,</span> <span class='ocrx_word' id='word_1_179' title='bbox 1786 1214 1837 1270; x_wconf 83' lang='lat' dir='ltr'>Sa-</span> 
     </span>
     <span class='ocr_line' id='line_1_13' title="bbox 189 1283 1837 1371; baseline 0.01 -31"><span class='ocrx_word' id='word_1_180' title='bbox 189 1302 252 1342; x_wconf 93' lang='lat' dir='ltr'>nere</span> <span class='ocrx_word' id='word_1_181' title='bbox 267 1284 442 1341; x_wconf 78' lang='lat' dir='ltr'>ambientium</span> <span class='ocrx_word' id='word_1_182' title='bbox 456 1299 554 1357; x_wconf 81' lang='lat' dir='ltr'>genus.</span> <span class='ocrx_word' id='word_1_183' title='bbox 575 1283 748 1349; x_wconf 75' lang='lat' dir='ltr'>Adnlnntem,</span> <span class='ocrx_word' id='word_1_184' title='bbox 764 1294 791 1339; x_wconf 91' lang='lat' dir='ltr'>et</span> <span class='ocrx_word' id='word_1_185' title='bbox 809 1284 842 1338; x_wconf 92' lang='lat' dir='ltr'>ad</span> <span class='ocrx_word' id='word_1_186' title='bbox 857 1284 982 1354; x_wconf 86' lang='lat' dir='ltr'>placitum</span> <span class='ocrx_word' id='word_1_187' title='bbox 1036 1290 1136 1360; x_wconf 79' lang='lat' dir='ltr'>pientia</span> <span class='ocrx_word' id='word_1_188' title='bbox 1154 1292 1299 1349; x_wconf 89' lang='lat' dir='ltr'>eonsilium</span> <span class='ocrx_word' id='word_1_189' title='bbox 1318 1305 1381 1350; x_wconf 87' lang='lat' dir='ltr'>est:</span> <span class='ocrx_word' id='word_1_190' title='bbox 1400 1295 1501 1352; x_wconf 81' lang='lat' dir='ltr'>Ouinio</span> <span class='ocrx_word' id='word_1_191' title='bbox 1514 1300 1561 1368; x_wconf 69' lang='lat' dir='ltr'>foc</span> <span class='ocrx_word' id='word_1_192' title='bbox 1582 1314 1646 1356; x_wconf 75' lang='lat' dir='ltr'>cum</span> <span class='ocrx_word' id='word_1_193' title='bbox 1662 1302 1792 1371; x_wconf 81' lang='lat' dir='ltr'>consilto,</span> <span class='ocrx_word' id='word_1_194' title='bbox 1808 1308 1837 1360; x_wconf 82' lang='lat' dir='ltr'>et</span> 
     </span>
     <span class='ocr_line' id='line_1_14' title="bbox 188 1372 1836 1460; baseline 0.005 -29"><span class='ocrx_word' id='word_1_195' title='bbox 188 1376 321 1448; x_wconf 85' lang='lat' dir='ltr'>cujusque</span> <span class='ocrx_word' id='word_1_196' title='bbox 356 1372 519 1445; x_wconf 88' lang='lat' dir='ltr'>loquentem,</span> <span class='ocrx_word' id='word_1_197' title='bbox 545 1386 630 1427; x_wconf 88' lang='lat' dir='ltr'>unuin</span> <span class='ocrx_word' id='word_1_198' title='bbox 663 1374 698 1427; x_wconf 87' lang='lat' dir='ltr'>de</span> <span class='ocrx_word' id='word_1_199' title='bbox 727 1373 884 1447; x_wconf 79' lang='lat' dir='ltr'>rogantibus</span> <span class='ocrx_word' id='word_1_200' title='bbox 906 1380 981 1444; x_wconf 84' lang='lat' dir='ltr'>puta,</span> <span class='ocrx_word' id='word_1_201' title='bbox 1033 1381 1218 1451; x_wconf 74' lang='lat' dir='ltr'>porttootiiin</span> <span class='ocrx_word' id='word_1_202' title='bbox 1235 1399 1294 1439; x_wconf 83' lang='lat' dir='ltr'>nort</span> <span class='ocrx_word' id='word_1_203' title='bbox 1306 1385 1836 1460; x_wconf 67' lang='lat' dir='ltr'>pensetis(ncatt.xxxii,at).ssiii00</span> 
     </span>
     <span class='ocr_line' id='line_1_15' title="bbox 187 1459 1835 1543; baseline 0.009 -25"><span class='ocrx_word' id='word_1_204' title='bbox 187 1462 293 1520; x_wconf 90' lang='lat' dir='ltr'>etiarnsi</span> <span class='ocrx_word' id='word_1_205' title='bbox 307 1461 374 1517; x_wconf 86' lang='lat' dir='ltr'>nihil</span> <span class='ocrx_word' id='word_1_206' title='bbox 389 1460 534 1535; x_wconf 84' lang='lat' dir='ltr'>rogaverit.</span> <span class='ocrx_word' id='word_1_207' title='bbox 553 1459 695 1533; x_wconf 89' lang='lat' dir='ltr'>Scorpioni</span> <span class='ocrx_word' id='word_1_208' title='bbox 713 1475 767 1516; x_wconf 93' lang='lat' dir='ltr'>non</span> <span class='ocrx_word' id='word_1_209' title='bbox 795 1471 837 1518; x_wconf 90' lang='lat' dir='ltr'>est</span> <span class='ocrx_word' id='word_1_210' title='bbox 866 1462 891 1515; x_wconf 91' lang='lat' dir='ltr'>in</span> <span class='ocrx_word' id='word_1_211' title='bbox 915 1461 982 1518; x_wconf 89' lang='lat' dir='ltr'>lacie</span> <span class='ocrx_word' id='word_1_212' title='bbox 1036 1466 1083 1523; x_wconf 91' lang='lat' dir='ltr'>tibi</span> <span class='ocrx_word' id='word_1_213' title='bbox 1108 1469 1314 1543; x_wconf 84' lang='lat' dir='ltr'>persuade,qui</span> <span class='ocrx_word' id='word_1_214' title='bbox 1336 1473 1498 1530; x_wconf 88' lang='lat' dir='ltr'>admittendi</span> <span class='ocrx_word' id='word_1_215' title='bbox 1519 1485 1592 1542; x_wconf 90' lang='lat' dir='ltr'>suut,</span> <span class='ocrx_word' id='word_1_216' title='bbox 1607 1476 1717 1534; x_wconf 88' lang='lat' dir='ltr'>dilticile</span> <span class='ocrx_word' id='word_1_217' title='bbox 1740 1478 1767 1534; x_wconf 94' lang='lat' dir='ltr'>in</span> <span class='ocrx_word' id='word_1_218' title='bbox 1789 1495 1835 1536; x_wconf 90' lang='lat' dir='ltr'>eu·</span> 
     </span>
     <span class='ocr_line' id='line_1_16' title="bbox 188 1549 1834 1638; baseline -0.001 -15"><span class='ocrx_word' id='word_1_219' title='bbox 188 1553 260 1623; x_wconf 72' lang='lat' dir='ltr'>(1¹¹⁰‘l</span> <span class='ocrx_word' id='word_1_220' title='bbox 272 1550 402 1608; x_wconf 66' lang='lat' dir='ltr'>s⁰fmld⁰⁵</span> <span class='ocrx_word' id='word_1_221' title='bbox 417 1569 423 1606; x_wconf 79' lang='lat'>²</span> <span class='ocrx_word' id='word_1_222' title='bbox 441 1549 490 1604; x_wconf 64' lang='lat' dir='ltr'>sed</span> <span class='ocrx_word' id='word_1_223' title='bbox 503 1549 601 1621; x_wconf 78' lang='lat' dir='ltr'>pungit</span> <span class='ocrx_word' id='word_1_224' title='bbox 614 1563 631 1604; x_wconf 75' lang='lat' dir='ltr'>a</span> <span class='ocrx_word' id='word_1_225' title='bbox 642 1550 731 1605; x_wconf 86' lang='lat' dir='ltr'>cauda</span> <span class='ocrx_word' id='word_1_226' title='bbox 1034 1558 1073 1612; x_wconf 84' lang='lat' dir='ltr'>ria</span> <span class='ocrx_word' id='word_1_227' title='bbox 1101 1573 1181 1627; x_wconf 88' lang='lat' dir='ltr'>posse</span> <span class='ocrx_word' id='word_1_228' title='bbox 1209 1559 1319 1629; x_wconf 86' lang='lat' dir='ltr'>probari</span> <span class='ocrx_word' id='word_1_229' title='bbox 1344 1577 1350 1619; x_wconf 95' lang='lat'><strong>:</strong></span> <span class='ocrx_word' id='word_1_230' title='bbox 1376 1570 1403 1618; x_wconf 91' lang='lat' dir='ltr'>et</span> <span class='ocrx_word' id='word_1_231' title='bbox 1421 1561 1494 1625; x_wconf 86' lang='lat' dir='ltr'>ideo,</span> <span class='ocrx_word' id='word_1_232' title='bbox 1511 1563 1533 1618; x_wconf 90' lang='lat' dir='ltr'>si</span> <span class='ocrx_word' id='word_1_233' title='bbox 1560 1562 1618 1620; x_wconf 85' lang='lat' dir='ltr'>fieri</span> <span class='ocrx_word' id='word_1_234' title='bbox 1646 1575 1748 1638; x_wconf 89' lang='lat' dir='ltr'>potest,</span> <span class='ocrx_word' id='word_1_235' title='bbox 1762 1567 1834 1624; x_wconf 83' lang='lat' dir='ltr'>viros</span> 
     </span>
     <span class='ocr_line' id='line_1_17' title="bbox 223 1622 1832 1724; baseline 0.003 -28"><span class='ocrx_word' id='word_1_236' title='bbox 223 1645 268 1696; x_wconf 86' lang='lat' dir='ltr'>io.</span> <span class='ocrx_word' id='word_1_237' title='bbox 283 1640 312 1697; x_wconf 87' lang='lat' dir='ltr'>Si</span> <span class='ocrx_word' id='word_1_238' title='bbox 324 1640 358 1695; x_wconf 91' lang='lat' dir='ltr'>ad</span> <span class='ocrx_word' id='word_1_239' title='bbox 374 1641 468 1696; x_wconf 88' lang='lat' dir='ltr'>talium</span> <span class='ocrx_word' id='word_1_240' title='bbox 491 1637 635 1694; x_wconf 88' lang='lat' dir='ltr'>blanditias</span> <span class='ocrx_word' id='word_1_241' title='bbox 649 1653 697 1694; x_wconf 91' lang='lat' dir='ltr'>cor</span> <span class='ocrx_word' id='word_1_242' title='bbox 712 1647 797 1695; x_wconf 89' lang='lat' dir='ltr'>tuum.</span> <span class='ocrx_word' id='word_1_243' title='bbox 813 1648 842 1694; x_wconf 92' lang='lat' dir='ltr'>nt</span> <span class='ocrx_word' id='word_1_244' title='bbox 867 1639 977 1705; x_wconf 85' lang='lat' dir='ltr'>assolet,</span> <span class='ocrx_word' id='word_1_245' title='bbox 995 1622 1017 1699; x_wconf 77' lang='grc' dir='ltr'><strong>Β</strong></span> <span class='ocrx_word' id='word_1_246' title='bbox 1033 1645 1161 1716; x_wconf 86' lang='lat' dir='ltr'>probatos</span> <span class='ocrx_word' id='word_1_247' title='bbox 1188 1658 1314 1717; x_wconf 88' lang='lat' dir='ltr'>oportere</span> <span class='ocrx_word' id='word_1_248' title='bbox 1338 1650 1432 1722; x_wconf 72' lang='lat' dir='ltr'>deligi,</span> <span class='ocrx_word' id='word_1_249' title='bbox 1452 1666 1507 1707; x_wconf 89' lang='lat' dir='ltr'>nou</span> <span class='ocrx_word' id='word_1_250' title='bbox 1536 1653 1703 1724; x_wconf 84' lang='lat' dir='ltr'>probandos.</span> <span class='ocrx_word' id='word_1_251' title='bbox 1724 1656 1782 1712; x_wconf 77' lang='lat' dir='ltr'>Nos</span> <span class='ocrx_word' id='word_1_252' title='bbox 1805 1656 1832 1710; x_wconf 71' lang='lat' dir='ltr'>in</span> 
     </span>
     <span class='ocr_line' id='line_1_18' title="bbox 185 1727 1834 1811; baseline 0.006 -26"><span class='ocrx_word' id='word_1_253' title='bbox 185 1729 283 1785; x_wconf 89' lang='lat' dir='ltr'>molliri</span> <span class='ocrx_word' id='word_1_254' title='bbox 300 1729 426 1795; x_wconf 85' lang='lat' dir='ltr'>senseris,</span> <span class='ocrx_word' id='word_1_255' title='bbox 442 1728 598 1784; x_wconf 88' lang='lat' dir='ltr'>memineris</span> <span class='ocrx_word' id='word_1_256' title='bbox 611 1727 743 1798; x_wconf 89' lang='lat' dir='ltr'>scriptum</span> <span class='ocrx_word' id='word_1_257' title='bbox 759 1742 766 1781; x_wconf 90' lang='lat'>:</span> <span class='ocrx_word' id='word_1_258' title='bbox 784 1727 883 1784; x_wconf 82' lang='lat' dir='ltr'>Omnis</span> <span class='ocrx_word' id='word_1_259' title='bbox 899 1729 979 1784; x_wconf 82' lang='lat' dir='ltr'>bomo</span> <span class='ocrx_word' id='word_1_260' title='bbox 1032 1734 1202 1791; x_wconf 86' lang='lat' dir='ltr'>monasteriis</span> <span class='ocrx_word' id='word_1_261' title='bbox 1227 1751 1323 1793; x_wconf 90' lang='lat' dir='ltr'>omnes</span> <span class='ocrx_word' id='word_1_262' title='bbox 1347 1739 1493 1810; x_wconf 74' lang='lat' dir='ltr'>recipimus</span> <span class='ocrx_word' id='word_1_263' title='bbox 1516 1756 1565 1811; x_wconf 88' lang='lat' dir='ltr'>spe</span> <span class='ocrx_word' id='word_1_264' title='bbox 1593 1741 1752 1799; x_wconf 76' lang='lat' dir='ltr'>meliorandi</span> <span class='ocrx_word' id='word_1_265' title='bbox 1773 1763 1780 1801; x_wconf 91' lang='lat'>:</span> <span class='ocrx_word' id='word_1_266' title='bbox 1805 1756 1834 1799; x_wconf 89' lang='lat' dir='ltr'>nt</span> 
     </span>
     <span class='ocr_line' id='line_1_19' title="bbox 184 1816 1831 1900; baseline 0 -25"><span class='ocrx_word' id='word_1_267' title='bbox 184 1822 313 1894; x_wconf 81' lang='lat' dir='ltr'>primum</span> <span class='ocrx_word' id='word_1_268' title='bbox 326 1818 539 1876; x_wconf 82' lang='lat' dir='ltr'>bonamviniim</span> <span class='ocrx_word' id='word_1_269' title='bbox 546 1817 645 1890; x_wconf 81' lang='lat' dir='ltr'>portit,·</span> <span class='ocrx_word' id='word_1_270' title='bbox 655 1832 723 1873; x_wconf 84' lang='lat' dir='ltr'>crim</span> <span class='ocrx_word' id='word_1_271' title='bbox 737 1816 979 1874; x_wconf 81' lang='lat' dir='ltr'>outemioclrrioti</span> <span class='ocrx_word' id='word_1_272' title='bbox 1031 1823 1107 1879; x_wconf 87' lang='lat' dir='ltr'>curia</span> <span class='ocrx_word' id='word_1_273' title='bbox 1120 1824 1206 1880; x_wconf 92' lang='lat' dir='ltr'>bonos</span> <span class='ocrx_word' id='word_1_274' title='bbox 1229 1823 1334 1881; x_wconf 78' lang='lat' dir='ltr'>facilius</span> <span class='ocrx_word' id='word_1_275' title='bbox 1359 1827 1490 1899; x_wconf 88' lang='lat' dir='ltr'>recipere,</span> <span class='ocrx_word' id='word_1_276' title='bbox 1506 1844 1587 1900; x_wconf 87' lang='lat' dir='ltr'>qnam</span> <span class='ocrx_word' id='word_1_277' title='bbox 1611 1829 1699 1888; x_wconf 67' lang='lat' dir='ltr'>lacere</span> <span class='ocrx_word' id='word_1_278' title='bbox 1714 1847 1831 1890; x_wconf 63' lang='lat' dir='ltr'>consue.</span> 
     </span>
     <span class='ocr_line' id='line_1_20' title="bbox 184 1905 1828 1993; baseline 0.002 -27"><span class='ocrx_word' id='word_1_279' title='bbox 184 1911 307 1982; x_wconf 60' lang='lat' dir='ltr'>locunt,</span> <span class='ocrx_word' id='word_1_280' title='bbox 332 1912 401 1962; x_wconf 82' lang='lat' dir='ltr'>turio</span> <span class='ocrx_word' id='word_1_281' title='bbox 421 1906 451 1961; x_wconf 82' lang='lat' dir='ltr'>iil</span> <span class='ocrx_word' id='word_1_282' title='bbox 465 1906 536 1979; x_wconf 88' lang='lat' dir='ltr'>quod</span> <span class='ocrx_word' id='word_1_283' title='bbox 564 1905 686 1964; x_wconf 72' lang='lat' dir='ltr'>deterius</span> <span class='ocrx_word' id='word_1_284' title='bbox 708 1909 751 1963; x_wconf 85' lang='lat' dir='ltr'>cit</span> <span class='ocrx_word' id='word_1_285' title='bbox 768 1907 861 1974; x_wconf 81' lang='lat' dir='ltr'>(loon.</span> <span class='ocrx_word' id='word_1_286' title='bbox 872 1921 905 1976; x_wconf 83' lang='grc' dir='ltr'>ιι,</span> <span class='ocrx_word' id='word_1_287' title='bbox 922 1909 977 1977; x_wconf 88' lang='lat' dir='ltr'>to).</span> <span class='ocrx_word' id='word_1_288' title='bbox 1029 1911 1079 1967; x_wconf 87' lang='lat' dir='ltr'>vit.</span> <span class='ocrx_word' id='word_1_289' title='bbox 1093 1910 1170 1980; x_wconf 87' lang='lat' dir='ltr'>Quod</span> <span class='ocrx_word' id='word_1_290' title='bbox 1198 1911 1223 1968; x_wconf 87' lang='lat' dir='ltr'>si</span> <span class='ocrx_word' id='word_1_291' title='bbox 1250 1914 1340 1985; x_wconf 83' lang='lat' dir='ltr'>plnres</span> <span class='ocrx_word' id='word_1_292' title='bbox 1368 1914 1394 1969; x_wconf 91' lang='lat' dir='ltr'>in</span> <span class='ocrx_word' id='word_1_293' title='bbox 1421 1931 1452 1971; x_wconf 90' lang='lat' dir='ltr'>ea</span> <span class='ocrx_word' id='word_1_294' title='bbox 1482 1915 1612 1974; x_wconf 83' lang='lat' dir='ltr'>defecisse</span> <span class='ocrx_word' id='word_1_295' title='bbox 1635 1919 1733 1987; x_wconf 86' lang='lat' dir='ltr'>bonos,</span> <span class='ocrx_word' id='word_1_296' title='bbox 1746 1937 1828 1993; x_wconf 83' lang='lat' dir='ltr'>quam</span> 
     </span>
     <span class='ocr_line' id='line_1_21' title="bbox 182 1995 1829 2080; baseline 0.004 -27"><span class='ocrx_word' id='word_1_297' title='bbox 182 1997 373 2069; x_wconf 78' lang='lat' dir='ltr'>l&#39;aripoudere</span> <span class='ocrx_word' id='word_1_298' title='bbox 401 1995 574 2052; x_wconf 73' lang='lat' dir='ltr'>estimaveris</span> <span class='ocrx_word' id='word_1_299' title='bbox 588 1995 841 2066; x_wconf 79' lang='lat' dir='ltr'>ejusbumilitntem</span> <span class='ocrx_word' id='word_1_300' title='bbox 866 1995 913 2067; x_wconf 92' lang='lat' dir='ltr'>qui</span> <span class='ocrx_word' id='word_1_301' title='bbox 940 1996 977 2051; x_wconf 91' lang='lat' dir='ltr'>ti·</span> <span class='ocrx_word' id='word_1_302' title='bbox 1029 1999 1115 2055; x_wconf 87' lang='lat' dir='ltr'>malos</span> <span class='ocrx_word' id='word_1_303' title='bbox 1138 1998 1289 2070; x_wconf 84' lang='lat' dir='ltr'>proiecisse</span> <span class='ocrx_word' id='word_1_304' title='bbox 1307 2002 1499 2075; x_wconf 85' lang='lat' dir='ltr'>probavimus,</span> <span class='ocrx_word' id='word_1_305' title='bbox 1515 2006 1653 2076; x_wconf 71' lang='lat' dir='ltr'>quaerendi</span> <span class='ocrx_word' id='word_1_306' title='bbox 1679 2023 1745 2065; x_wconf 87' lang='lat' dir='ltr'>sane</span> <span class='ocrx_word' id='word_1_307' title='bbox 1768 2009 1829 2080; x_wconf 89' lang='lat' dir='ltr'>qui·</span> 
     </span>
     <span class='ocr_line' id='line_1_22' title="bbox 182 2082 1828 2168; baseline 0.006 -26"><span class='ocrx_word' id='word_1_308' title='bbox 182 2094 248 2155; x_wconf 91' lang='lat' dir='ltr'>met,</span> <span class='ocrx_word' id='word_1_309' title='bbox 264 2093 290 2141; x_wconf 91' lang='lat' dir='ltr'>et</span> <span class='ocrx_word' id='word_1_310' title='bbox 307 2086 367 2154; x_wconf 77' lang='lat' dir='ltr'>eins</span> <span class='ocrx_word' id='word_1_311' title='bbox 382 2085 436 2157; x_wconf 67' lang='lat' dir='ltr'>⁵qui</span> <span class='ocrx_word' id='word_1_312' title='bbox 455 2094 555 2156; x_wconf 87' lang='lat' dir='ltr'>sperat.</span> <span class='ocrx_word' id='word_1_313' title='bbox 569 2083 628 2140; x_wconf 84' lang='lat' dir='ltr'>Viri</span> <span class='ocrx_word' id='word_1_314' title='bbox 652 2082 743 2139; x_wconf 92' lang='lat' dir='ltr'>callidi</span> <span class='ocrx_word' id='word_1_315' title='bbox 764 2094 793 2141; x_wconf 90' lang='lat' dir='ltr'>et</span> <span class='ocrx_word' id='word_1_316' title='bbox 807 2084 895 2141; x_wconf 89' lang='lat' dir='ltr'>dolosi</span> <span class='ocrx_word' id='word_1_317' title='bbox 915 2101 977 2158; x_wconf 92' lang='lat' dir='ltr'>pro·</span> <span class='ocrx_word' id='word_1_318' title='bbox 1027 2088 1079 2142; x_wconf 90' lang='lat' dir='ltr'>bus</span> <span class='ocrx_word' id='word_1_319' title='bbox 1103 2103 1153 2144; x_wconf 92' lang='lat' dir='ltr'>nec</span> <span class='ocrx_word' id='word_1_320' title='bbox 1174 2088 1295 2145; x_wconf 90' lang='lat' dir='ltr'>delectus</span> <span class='ocrx_word' id='word_1_321' title='bbox 1322 2089 1458 2158; x_wconf 81' lang='lat' dir='ltr'>timeatur,</span> <span class='ocrx_word' id='word_1_322' title='bbox 1473 2108 1522 2149; x_wconf 88' lang='lat' dir='ltr'>nec</span> <span class='ocrx_word' id='word_1_323' title='bbox 1544 2092 1682 2164; x_wconf 68' lang='lat' dir='ltr'>proiectus</span> <span class='ocrx_word' id='word_1_324' title='bbox 1710 2104 1828 2168; x_wconf 84' lang='lat' dir='ltr'>optetur,</span> 
     </span>
     <span class='ocr_line' id='line_1_23' title="bbox 183 2172 1346 2248; baseline -0.003 -17"><span class='ocrx_word' id='word_1_325' title='bbox 183 2176 272 2247; x_wconf 93' lang='lat' dir='ltr'>prium</span> <span class='ocrx_word' id='word_1_326' title='bbox 287 2189 349 2229; x_wconf 90' lang='lat' dir='ltr'>esse</span> <span class='ocrx_word' id='word_1_327' title='bbox 363 2175 433 2229; x_wconf 90' lang='lat' dir='ltr'>solet</span> <span class='ocrx_word' id='word_1_328' title='bbox 452 2179 514 2230; x_wconf 88' lang='lat' dir='ltr'>tnnc</span> <span class='ocrx_word' id='word_1_329' title='bbox 529 2175 694 2246; x_wconf 85' lang='lat' dir='ltr'>praetendere</span> <span class='ocrx_word' id='word_1_330' title='bbox 708 2172 898 2240; x_wconf 88' lang='lat' dir='ltr'>humilitatem,</span> <span class='ocrx_word' id='word_1_331' title='bbox 912 2190 974 2232; x_wconf 89' lang='lat' dir='ltr'>curn</span> <span class='ocrx_word' id='word_1_332' title='bbox 1029 2186 1121 2248; x_wconf 91' lang='lat' dir='ltr'>utpote</span> <span class='ocrx_word' id='word_1_333' title='bbox 1134 2179 1190 2246; x_wconf 87' lang='lat' dir='ltr'>jani</span> <span class='ocrx_word' id='word_1_334' title='bbox 1207 2178 1346 2248; x_wconf 79' lang='lat' dir='ltr'>perlectis.</span> 
     </span>
     <span class='ocr_line' id='line_1_24' title="bbox 181 2261 1827 2340; baseline 0.007 -21"><span class='ocrx_word' id='word_1_335' title='bbox 181 2264 281 2335; x_wconf 90' lang='lat' dir='ltr'>aliquid</span> <span class='ocrx_word' id='word_1_336' title='bbox 295 2262 416 2319; x_wconf 91' lang='lat' dir='ltr'>obtinere</span> <span class='ocrx_word' id='word_1_337' title='bbox 430 2262 544 2318; x_wconf 85' lang='lat' dir='ltr'>voluerit</span> <span class='ocrx_word' id='word_1_338' title='bbox 560 2279 566 2319; x_wconf 88' lang='lat'>:</span> <span class='ocrx_word' id='word_1_339' title='bbox 583 2262 616 2317; x_wconf 92' lang='lat' dir='ltr'>de</span> <span class='ocrx_word' id='word_1_340' title='bbox 630 2261 755 2334; x_wconf 80' lang='lat' dir='ltr'>qualibus</span> <span class='ocrx_word' id='word_1_341' title='bbox 770 2261 834 2319; x_wconf 88' lang='lat' dir='ltr'>dicit</span> <span class='ocrx_word' id='word_1_342' title='bbox 845 2262 974 2333; x_wconf 87' lang='lat' dir='ltr'>Scriptn·</span> <span class='ocrx_word' id='word_1_343' title='bbox 1064 2267 1107 2319; x_wconf 81' lang='lat' dir='ltr'>te.</span> <span class='ocrx_word' id='word_1_344' title='bbox 1124 2265 1219 2337; x_wconf 88' lang='lat' dir='ltr'>ltaque</span> <span class='ocrx_word' id='word_1_345' title='bbox 1241 2281 1296 2322; x_wconf 95' lang='lat' dir='ltr'>uon</span> <span class='ocrx_word' id='word_1_346' title='bbox 1315 2266 1446 2337; x_wconf 84' lang='lat' dir='ltr'>volentes,</span> <span class='ocrx_word' id='word_1_347' title='bbox 1468 2284 1554 2340; x_wconf 90' lang='lat' dir='ltr'>neque</span> <span class='ocrx_word' id='word_1_348' title='bbox 1581 2286 1725 2329; x_wconf 87' lang='lat' dir='ltr'>currentes</span> <span class='ocrx_word' id='word_1_349' title='bbox 1746 2291 1827 2332; x_wconf 87' lang='lat' dir='ltr'>assu-</span> 
     </span>
     <span class='ocr_line' id='line_1_25' title="bbox 179 2352 1827 2437; baseline 0.003 -27"><span class='ocrx_word' id='word_1_350' title='bbox 179 2370 228 2410; x_wconf 88' lang='lat' dir='ltr'>ra:</span> <span class='ocrx_word' id='word_1_351' title='bbox 242 2356 290 2409; x_wconf 78' lang='lat' dir='ltr'>Est</span> <span class='ocrx_word' id='word_1_352' title='bbox 303 2355 353 2425; x_wconf 87' lang='lat' dir='ltr'>qiii</span> <span class='ocrx_word' id='word_1_353' title='bbox 366 2368 395 2408; x_wconf 84' lang='lat' dir='ltr'>ic</span> <span class='ocrx_word' id='word_1_354' title='bbox 410 2352 548 2408; x_wconf 77' lang='lat' dir='ltr'>humiliat</span> <span class='ocrx_word' id='word_1_355' title='bbox 557 2352 698 2424; x_wconf 81' lang='lat' dir='ltr'>nequiter,</span> <span class='ocrx_word' id='word_1_356' title='bbox 715 2356 742 2408; x_wconf 85' lang='lat' dir='ltr'>et</span> <span class='ocrx_word' id='word_1_357' title='bbox 757 2353 896 2409; x_wconf 78' lang='lat' dir='ltr'>interiore</span> <span class='ocrx_word' id='word_1_358' title='bbox 914 2355 974 2426; x_wconf 79' lang='lat' dir='ltr'>ejits</span> <span class='ocrx_word' id='word_1_359' title='bbox 1026 2352 1093 2409; x_wconf 92' lang='lat' dir='ltr'>mito</span> <span class='ocrx_word' id='word_1_360' title='bbox 1104 2353 1173 2424; x_wconf 78' lang='lat' dir='ltr'>let),</span> <span class='ocrx_word' id='word_1_361' title='bbox 1184 2354 1234 2409; x_wconf 90' lang='lat' dir='ltr'>seil</span> <span class='ocrx_word' id='word_1_362' title='bbox 1249 2355 1476 2422; x_wconf 68' lang='lat' dir='ltr'>circumeant</span> <span class='ocrx_word' id='word_1_363' title='bbox 1489 2366 1649 2415; x_wconf 88' lang='lat' dir='ltr'>renuentes:</span> <span class='ocrx_word' id='word_1_364' title='bbox 1662 2361 1745 2417; x_wconf 85' lang='lat' dir='ltr'>etiam</span> <span class='ocrx_word' id='word_1_365' title='bbox 1759 2378 1827 2437; x_wconf 74' lang='lat' dir='ltr'>eoqa</span> 
     </span>
     <span class='ocr_line' id='line_1_26' title="bbox 176 2439 1826 2521; baseline 0.005 -21"><span class='ocrx_word' id='word_1_366' title='bbox 176 2445 344 2518; x_wconf 75' lang='lat' dir='ltr'>placuerint</span> <span class='ocrx_word' id='word_1_367' title='bbox 368 2442 431 2500; x_wconf 85' lang='lat' dir='ltr'>dolo</span> <span class='ocrx_word' id='word_1_368' title='bbox 456 2442 553 2511; x_wconf 72' lang='lat' dir='ltr'>(dccli.</span> <span class='ocrx_word' id='word_1_369' title='bbox 581 2456 638 2507; x_wconf 82' lang='lat' dir='ltr'>xix,</span> <span class='ocrx_word' id='word_1_370' title='bbox 662 2441 719 2510; x_wconf 80' lang='lat'>23).</span> <span class='ocrx_word' id='word_1_371' title='bbox 743 2441 783 2496; x_wconf 78' lang='lat' dir='ltr'>lle</span> <span class='ocrx_word' id='word_1_372' title='bbox 808 2443 883 2497; x_wconf 91' lang='lat' dir='ltr'>iobis</span> <span class='ocrx_word' id='word_1_373' title='bbox 908 2442 974 2513; x_wconf 86' lang='lat' dir='ltr'>ipsis</span> <span class='ocrx_word' id='word_1_374' title='bbox 1026 2442 1097 2512; x_wconf 85' lang='lat' dir='ltr'>illos,</span> <span class='ocrx_word' id='word_1_375' title='bbox 1107 2453 1134 2498; x_wconf 91' lang='lat' dir='ltr'>et</span> <span class='ocrx_word' id='word_1_376' title='bbox 1149 2439 1236 2499; x_wconf 71' lang='lat'>114⁰</span> <span class='ocrx_word' id='word_1_377' title='bbox 1248 2442 1379 2514; x_wconf 83' lang='lat' dir='ltr'>compelle</span> <span class='ocrx_word' id='word_1_378' title='bbox 1394 2443 1502 2500; x_wconf 91' lang='lat' dir='ltr'>intrare.</span> <span class='ocrx_word' id='word_1_379' title='bbox 1516 2446 1545 2500; x_wconf 93' lang='lat' dir='ltr'>ln</span> <span class='ocrx_word' id='word_1_380' title='bbox 1556 2446 1664 2514; x_wconf 90' lang='lat' dir='ltr'>talibus,</span> <span class='ocrx_word' id='word_1_381' title='bbox 1674 2456 1705 2503; x_wconf 89' lang='lat' dir='ltr'>nt</span> <span class='ocrx_word' id='word_1_382' title='bbox 1715 2453 1826 2521; x_wconf 92' lang='lat' dir='ltr'>opinor,</span> 
     </span>
     <span class='ocr_line' id='line_1_27' title="bbox 176 2526 1824 2606; baseline 0.003 -20"><span class='ocrx_word' id='word_1_383' title='bbox 176 2547 253 2587; x_wconf 88' lang='lat' dir='ltr'>sume</span> <span class='ocrx_word' id='word_1_384' title='bbox 282 2529 422 2586; x_wconf 82' lang='lat' dir='ltr'>sententiae</span> <span class='ocrx_word' id='word_1_385' title='bbox 446 2528 529 2597; x_wconf 85' lang='lat' dir='ltr'>liujus</span> <span class='ocrx_word' id='word_1_386' title='bbox 550 2527 662 2584; x_wconf 89' lang='lat' dir='ltr'>evidens</span> <span class='ocrx_word' id='word_1_387' title='bbox 685 2541 717 2584; x_wconf 86' lang='lat' dir='ltr'>ac</span> <span class='ocrx_word' id='word_1_388' title='bbox 732 2526 865 2583; x_wconf 78' lang='lat' dir='ltr'>familiare</span> <span class='ocrx_word' id='word_1_389' title='bbox 879 2545 971 2586; x_wconf 83' lang='lat' dir='ltr'>exem·</span> <span class='ocrx_word' id='word_1_390' title='bbox 1025 2530 1177 2601; x_wconf 87' lang='lat' dir='ltr'>requiescet</span> <span class='ocrx_word' id='word_1_391' title='bbox 1191 2530 1302 2603; x_wconf 89' lang='lat' dir='ltr'>spiritns</span> <span class='ocrx_word' id='word_1_392' title='bbox 1319 2539 1391 2602; x_wconf 89' lang='lat' dir='ltr'>tuus,</span> <span class='ocrx_word' id='word_1_393' title='bbox 1406 2531 1453 2605; x_wconf 91' lang='lat' dir='ltr'>qui</span> <span class='ocrx_word' id='word_1_394' title='bbox 1466 2547 1519 2588; x_wconf 88' lang='lat' dir='ltr'>nori</span> <span class='ocrx_word' id='word_1_395' title='bbox 1535 2533 1588 2589; x_wconf 87' lang='lat' dir='ltr'>sint</span> <span class='ocrx_word' id='word_1_396' title='bbox 1601 2534 1698 2590; x_wconf 74' lang='lat' dir='ltr'>attritae</span> <span class='ocrx_word' id='word_1_397' title='bbox 1714 2535 1824 2606; x_wconf 82' lang='lat' dir='ltr'>frontis,</span> 
     </span>
     <span class='ocr_line' id='line_1_28' title="bbox 174 2614 1824 2692; baseline 0.002 -18"><span class='ocrx_word' id='word_1_398' title='bbox 174 2622 259 2691; x_wconf 86' lang='lat' dir='ltr'>plum.</span> <span class='ocrx_word' id='word_1_399' title='bbox 279 2618 400 2688; x_wconf 84' lang='lat' dir='ltr'>Quantos</span> <span class='ocrx_word' id='word_1_400' title='bbox 414 2630 483 2687; x_wconf 89' lang='lat' dir='ltr'>qnos</span> <span class='ocrx_word' id='word_1_401' title='bbox 496 2614 632 2687; x_wconf 89' lang='lat' dir='ltr'>supplices</span> <span class='ocrx_word' id='word_1_402' title='bbox 645 2615 788 2682; x_wconf 89' lang='lat' dir='ltr'>admisisti,</span> <span class='ocrx_word' id='word_1_403' title='bbox 799 2618 972 2688; x_wconf 89' lang='lat' dir='ltr'>postmodnm</span> <span class='ocrx_word' id='word_1_404' title='bbox 1025 2618 1072 2676; x_wconf 88' lang='lat' dir='ltr'>sed</span> <span class='ocrx_word' id='word_1_405' title='bbox 1086 2619 1244 2686; x_wconf 78' lang='lat' dir='ltr'>verecundi,</span> <span class='ocrx_word' id='word_1_406' title='bbox 1258 2618 1308 2676; x_wconf 89' lang='lat' dir='ltr'>sed</span> <span class='ocrx_word' id='word_1_407' title='bbox 1329 2618 1467 2690; x_wconf 76' lang='lat' dir='ltr'>timorati:</span> <span class='ocrx_word' id='word_1_408' title='bbox 1484 2620 1530 2692; x_wconf 92' lang='lat' dir='ltr'>qui</span> <span class='ocrx_word' id='word_1_409' title='bbox 1545 2632 1643 2692; x_wconf 75' lang='lat' dir='ltr'>preter</span> <span class='ocrx_word' id='word_1_410' title='bbox 1658 2623 1747 2679; x_wconf 88' lang='lat' dir='ltr'>Deum</span> <span class='ocrx_word' id='word_1_411' title='bbox 1762 2635 1824 2682; x_wconf 84' lang='lat' dir='ltr'>tan-</span> 
     </span>
     <span class='ocr_line' id='line_1_29' title="bbox 175 2703 1822 2780; baseline -0.001 -14"><span class='ocrx_word' id='word_1_412' title='bbox 175 2706 327 2765; x_wconf 87' lang='lat' dir='ltr'>sustinuisti</span> <span class='ocrx_word' id='word_1_413' title='bbox 354 2720 458 2780; x_wconf 81' lang='lat' dir='ltr'>grates,</span> <span class='ocrx_word' id='word_1_414' title='bbox 488 2703 647 2770; x_wconf 87' lang='lat' dir='ltr'>insolentes,</span> <span class='ocrx_word' id='word_1_415' title='bbox 669 2712 853 2770; x_wconf 85' lang='lat' dir='ltr'>contumaces,</span> <span class='ocrx_word' id='word_1_416' title='bbox 879 2708 969 2764; x_wconf 89' lang='lat' dir='ltr'>rebel·</span> <span class='ocrx_word' id='word_1_417' title='bbox 1024 2715 1081 2763; x_wconf 91' lang='lat' dir='ltr'>tum</span> <span class='ocrx_word' id='word_1_418' title='bbox 1109 2707 1220 2764; x_wconf 88' lang='lat' dir='ltr'>timeant</span> <span class='ocrx_word' id='word_1_419' title='bbox 1243 2707 1320 2777; x_wconf 85' lang='lat' dir='ltr'>nibil,</span> <span class='ocrx_word' id='word_1_420' title='bbox 1336 2706 1403 2761; x_wconf 90' lang='lat' dir='ltr'>nihil</span> <span class='ocrx_word' id='word_1_421' title='bbox 1429 2715 1541 2779; x_wconf 89' lang='lat' dir='ltr'>sperent</span> <span class='ocrx_word' id='word_1_422' title='bbox 1566 2706 1616 2761; x_wconf 83' lang='lat' dir='ltr'>nisi</span> <span class='ocrx_word' id='word_1_423' title='bbox 1644 2709 1753 2766; x_wconf 83' lang='lat' dir='ltr'>alteo.</span> <span class='ocrx_word' id='word_1_424' title='bbox 1768 2708 1822 2780; x_wconf 82' lang='lat' dir='ltr'>Qui</span> 
     </span>
     <span class='ocr_line' id='line_1_30' title="bbox 172 2791 1819 2868; baseline 0.002 -14"><span class='ocrx_word' id='word_1_425' title='bbox 172 2797 213 2854; x_wconf 88' lang='lat' dir='ltr'>les</span> <span class='ocrx_word' id='word_1_426' title='bbox 227 2797 242 2852; x_wconf 75' lang='lat' dir='ltr'>i</span> <span class='ocrx_word' id='word_1_427' title='bbox 257 2796 336 2865; x_wconf 83' lang='lat' dir='ltr'>Quod</span> <span class='ocrx_word' id='word_1_428' title='bbox 350 2794 460 2866; x_wconf 86' lang='lat' dir='ltr'>quidem</span> <span class='ocrx_word' id='word_1_429' title='bbox 475 2791 587 2848; x_wconf 89' lang='lat' dir='ltr'>interius</span> <span class='ocrx_word' id='word_1_430' title='bbox 606 2793 704 2848; x_wconf 87' lang='lat' dir='ltr'>malum</span> <span class='ocrx_word' id='word_1_431' title='bbox 720 2802 814 2866; x_wconf 74' lang='lat' dir='ltr'>tegunt</span> <span class='ocrx_word' id='word_1_432' title='bbox 827 2796 968 2868; x_wconf 85' lang='lat' dir='ltr'>principia,</span> <span class='ocrx_word' id='word_1_433' title='bbox 1025 2796 1226 2853; x_wconf 89' lang='lat' dir='ltr'>adventantium</span> <span class='ocrx_word' id='word_1_434' title='bbox 1240 2811 1294 2852; x_wconf 90' lang='lat' dir='ltr'>non</span> <span class='ocrx_word' id='word_1_435' title='bbox 1304 2811 1401 2853; x_wconf 88' lang='lat' dir='ltr'>manus</span> <span class='ocrx_word' id='word_1_436' title='bbox 1414 2795 1563 2862; x_wconf 89' lang='lat' dir='ltr'>attendant,</span> <span class='ocrx_word' id='word_1_437' title='bbox 1574 2796 1620 2851; x_wconf 90' lang='lat' dir='ltr'>sed</span> <span class='ocrx_word' id='word_1_438' title='bbox 1635 2799 1819 2858; x_wconf 83' lang='lat' dir='ltr'>necessitates.</span> 
     </span>
     <span class='ocr_line' id='line_1_31' title="bbox 174 2881 1819 2979; baseline 0.002 -38"><span class='ocrx_word' id='word_1_439' title='bbox 174 2884 322 2958; x_wconf 82' lang='lat' dir='ltr'>posteriora</span> <span class='ocrx_word' id='word_1_440' title='bbox 349 2885 477 2954; x_wconf 80' lang='lat' dir='ltr'>produnt.</span> <span class='ocrx_word' id='word_1_441' title='bbox 503 2881 680 2937; x_wconf 77' lang='lat' dir='ltr'>verbosulum</span> <span class='ocrx_word' id='word_1_442' title='bbox 703 2883 914 2956; x_wconf 84' lang='lat' dir='ltr'>adolescentem,</span> <span class='ocrx_word' id='word_1_443' title='bbox 941 2894 969 2941; x_wconf 88' lang='lat' dir='ltr'>et</span> <span class='ocrx_word' id='word_1_444' title='bbox 984 2903 1006 2979; x_wconf 65' lang='lat' dir='ltr'>c</span> <span class='ocrx_word' id='word_1_445' title='bbox 1019 2884 1070 2955; x_wconf 83' lang='lat' dir='ltr'>Qui</span> <span class='ocrx_word' id='word_1_446' title='bbox 1085 2891 1157 2940; x_wconf 90' lang='lat' dir='ltr'>stent</span> <span class='ocrx_word' id='word_1_447' title='bbox 1175 2884 1285 2942; x_wconf 89' lang='lat' dir='ltr'>viriliter</span> <span class='ocrx_word' id='word_1_448' title='bbox 1304 2899 1353 2955; x_wconf 87' lang='lat' dir='ltr'>pro</span> <span class='ocrx_word' id='word_1_449' title='bbox 1377 2882 1493 2949; x_wconf 78' lang='lat' dir='ltr'>afflictis,</span> <span class='ocrx_word' id='word_1_450' title='bbox 1510 2893 1537 2939; x_wconf 91' lang='lat' dir='ltr'>et</span> <span class='ocrx_word' id='word_1_451' title='bbox 1557 2883 1678 2954; x_wconf 84' lang='lat' dir='ltr'>judicent</span> <span class='ocrx_word' id='word_1_452' title='bbox 1693 2886 1722 2942; x_wconf 91' lang='lat' dir='ltr'>in</span> <span class='ocrx_word' id='word_1_453' title='bbox 1736 2889 1819 2960; x_wconf 81' lang='lat' dir='ltr'>tequi-</span> 
     </span>
     <span class='ocr_line' id='line_1_32' title="bbox 172 2970 1815 3046; baseline 0 -14"><span class='ocrx_word' id='word_1_454' title='bbox 172 2978 327 3034; x_wconf 86' lang='lat' dir='ltr'>studeutom</span> <span class='ocrx_word' id='word_1_455' title='bbox 355 2972 516 3045; x_wconf 79' lang='lat' dir='ltr'>eloquentiae</span> <span class='ocrx_word' id='word_1_456' title='bbox 543 2986 605 3027; x_wconf 89' lang='lat' dir='ltr'>cuni</span> <span class='ocrx_word' id='word_1_457' title='bbox 632 2970 773 3042; x_wconf 74' lang='lat' dir='ltr'>sapientie</span> <span class='ocrx_word' id='word_1_458' title='bbox 795 2972 832 3028; x_wconf 90' lang='lat' dir='ltr'>sit</span> <span class='ocrx_word' id='word_1_459' title='bbox 864 2973 961 3043; x_wconf 90' lang='lat' dir='ltr'>inanis,</span> <span class='ocrx_word' id='word_1_460' title='bbox 1018 2982 1072 3046; x_wconf 66' lang='lat' dir='ltr'>iate</span> <span class='ocrx_word' id='word_1_461' title='bbox 1100 2988 1150 3044; x_wconf 94' lang='lat' dir='ltr'>pro</span> <span class='ocrx_word' id='word_1_462' title='bbox 1178 2972 1327 3029; x_wconf 88' lang='lat' dir='ltr'>mansuetis</span> <span class='ocrx_word' id='word_1_463' title='bbox 1357 2978 1445 3028; x_wconf 87' lang='lat' dir='ltr'>terrae.</span> <span class='ocrx_word' id='word_1_464' title='bbox 1460 2971 1513 3039; x_wconf 82' lang='lat' dir='ltr'>Oui</span> <span class='ocrx_word' id='word_1_465' title='bbox 1536 2972 1590 3027; x_wconf 88' lang='lat' dir='ltr'>sint</span> <span class='ocrx_word' id='word_1_466' title='bbox 1608 2976 1754 3044; x_wconf 86' lang='lat' dir='ltr'>compositi</span> <span class='ocrx_word' id='word_1_467' title='bbox 1782 2979 1815 3032; x_wconf 88' lang='lat' dir='ltr'>ad</span> 
     </span>
    </p>
   </div>
   <div class='ocr_carea' id='block_1_3' title="bbox 147 3086 1857 5589">
    <p class='ocr_par' dir='ltr' id='par_1_3' title="bbox 147 3086 1857 5589">
     <span class='ocr_line' id='line_1_33' title="bbox 168 3086 1815 3161; baseline -0.002 -14"><span class='ocrx_word' id='word_1_468' title='bbox 168 3090 274 3148; x_wconf 89' lang='lat' dir='ltr'>sistorio</span> <span class='ocrx_word' id='word_1_469' title='bbox 294 3096 322 3144; x_wconf 90' lang='lat' dir='ltr'>et</span> <span class='ocrx_word' id='word_1_470' title='bbox 335 3087 438 3160; x_wconf 88' lang='lat' dir='ltr'>judicio</span> <span class='ocrx_word' id='word_1_471' title='bbox 451 3086 587 3155; x_wconf 74' lang='lat' dir='ltr'>Ecclesiae,</span> <span class='ocrx_word' id='word_1_472' title='bbox 614 3086 687 3159; x_wconf 94' lang='lat' dir='ltr'>quod</span> <span class='ocrx_word' id='word_1_473' title='bbox 716 3105 764 3158; x_wconf 85' lang='lat' dir='ltr'>par</span> <span class='ocrx_word' id='word_1_474' title='bbox 783 3097 825 3145; x_wconf 90' lang='lat' dir='ltr'>est</span> <span class='ocrx_word' id='word_1_475' title='bbox 842 3090 962 3147; x_wconf 88' lang='lat' dir='ltr'>oninium</span> <span class='ocrx_word' id='word_1_476' title='bbox 1016 3088 1207 3145; x_wconf 88' lang='lat' dir='ltr'>lledituutibus</span> <span class='ocrx_word' id='word_1_477' title='bbox 1221 3088 1330 3160; x_wconf 92' lang='lat' dir='ltr'>quidem</span> <span class='ocrx_word' id='word_1_478' title='bbox 1354 3089 1472 3145; x_wconf 86' lang='lat' dir='ltr'>honores</span> <span class='ocrx_word' id='word_1_479' title='bbox 1493 3088 1669 3145; x_wconf 84' lang='lat' dir='ltr'>blandiuntur</span> <span class='ocrx_word' id='word_1_480' title='bbox 1685 3107 1691 3142; x_wconf 96' lang='lat'><strong>:</strong></span> <span class='ocrx_word' id='word_1_481' title='bbox 1707 3102 1734 3143; x_wconf 89' lang='lat' dir='ltr'>nt</span> <span class='ocrx_word' id='word_1_482' title='bbox 1748 3106 1815 3161; x_wconf 85' lang='lat' dir='ltr'>pen·</span> 
     </span>
     <span class='ocr_line' id='line_1_34' title="bbox 169 3159 1813 3232; baseline -0.001 -14"><span class='ocrx_word' id='word_1_483' title='bbox 169 3179 230 3218; x_wconf 84' lang='lat' dir='ltr'>esse</span> <span class='ocrx_word' id='word_1_484' title='bbox 244 3162 464 3226; x_wconf 89' lang='lat' dir='ltr'>sincerissimum,</span> <span class='ocrx_word' id='word_1_485' title='bbox 481 3159 568 3214; x_wconf 90' lang='lat' dir='ltr'>studia</span> <span class='ocrx_word' id='word_1_486' title='bbox 582 3165 609 3212; x_wconf 85' lang='lat' dir='ltr'>et</span> <span class='ocrx_word' id='word_1_487' title='bbox 623 3161 810 3216; x_wconf 72' lang='lat' dir='ltr'>emulationes</span> <span class='ocrx_word' id='word_1_488' title='bbox 824 3162 961 3218; x_wconf 87' lang='lat' dir='ltr'>ustionniii</span> <span class='ocrx_word' id='word_1_489' title='bbox 1015 3160 1139 3216; x_wconf 87' lang='lat' dir='ltr'>sentibus</span> <span class='ocrx_word' id='word_1_490' title='bbox 1162 3175 1255 3226; x_wconf 86' lang='lat' dir='ltr'>onera,</span> <span class='ocrx_word' id='word_1_491' title='bbox 1280 3159 1377 3214; x_wconf 89' lang='lat' dir='ltr'>lionori</span> <span class='ocrx_word' id='word_1_492' title='bbox 1397 3166 1459 3214; x_wconf 87' lang='lat' dir='ltr'>sunt</span> <span class='ocrx_word' id='word_1_493' title='bbox 1483 3166 1565 3232; x_wconf 90' lang='lat' dir='ltr'>atque</span> <span class='ocrx_word' id='word_1_494' title='bbox 1589 3159 1736 3216; x_wconf 78' lang='lat' dir='ltr'>formidini.</span> <span class='ocrx_word' id='word_1_495' title='bbox 1757 3162 1813 3216; x_wconf 86' lang='lat' dir='ltr'>lain</span> 
     </span>
     <span class='ocr_line' id='line_1_35' title="bbox 170 3229 1812 3303; baseline -0.001 -15"><span class='ocrx_word' id='word_1_496' title='bbox 170 3233 330 3300; x_wconf 85' lang='lat' dir='ltr'>sentiantur,</span> <span class='ocrx_word' id='word_1_497' title='bbox 344 3232 409 3285; x_wconf 92' lang='lat' dir='ltr'>dnm</span> <span class='ocrx_word' id='word_1_498' title='bbox 423 3229 497 3285; x_wconf 87' lang='lat' dir='ltr'>natio</span> <span class='ocrx_word' id='word_1_499' title='bbox 511 3231 601 3302; x_wconf 88' lang='lat' dir='ltr'>aliqua</span> <span class='ocrx_word' id='word_1_500' title='bbox 614 3241 832 3302; x_wconf 89' lang='lat' dir='ltr'>secontemptam</span> <span class='ocrx_word' id='word_1_501' title='bbox 846 3233 961 3288; x_wconf 84' lang='lat' dir='ltr'>arbitrii-</span> <span class='ocrx_word' id='word_1_502' title='bbox 1014 3231 1076 3303; x_wconf 91' lang='lat' dir='ltr'>quis</span> <span class='ocrx_word' id='word_1_503' title='bbox 1085 3235 1177 3286; x_wconf 85' lang='lat' dir='ltr'>credat</span> <span class='ocrx_word' id='word_1_504' title='bbox 1197 3230 1256 3287; x_wconf 91' lang='lat' dir='ltr'>illos</span> <span class='ocrx_word' id='word_1_505' title='bbox 1282 3231 1333 3285; x_wconf 93' lang='lat' dir='ltr'>rite</span> <span class='ocrx_word' id='word_1_506' title='bbox 1348 3234 1487 3287; x_wconf 82' lang='lat' dir='ltr'>iuncturos</span> <span class='ocrx_word' id='word_1_507' title='bbox 1509 3232 1626 3286; x_wconf 84' lang='lat' dir='ltr'>obtentis</span> <span class='ocrx_word' id='word_1_508' title='bbox 1654 3231 1812 3302; x_wconf 85' lang='lat' dir='ltr'>honoribus,</span> 
     </span>
     <span class='ocr_line' id='line_1_36' title="bbox 170 3300 1813 3375; baseline -0.002 -14"><span class='ocrx_word' id='word_1_509' title='bbox 170 3315 213 3361; x_wconf 90' lang='lat' dir='ltr'>tur</span> <span class='ocrx_word' id='word_1_510' title='bbox 224 3303 349 3374; x_wconf 89' lang='lat' dir='ltr'>adeoque</span> <span class='ocrx_word' id='word_1_511' title='bbox 359 3302 410 3356; x_wconf 93' lang='lat' dir='ltr'>sibi</span> <span class='ocrx_word' id='word_1_512' title='bbox 424 3304 519 3358; x_wconf 85' lang='lat' dir='ltr'>deesse</span> <span class='ocrx_word' id='word_1_513' title='bbox 529 3301 679 3357; x_wconf 88' lang='lat' dir='ltr'>lautoreset</span> <span class='ocrx_word' id='word_1_514' title='bbox 688 3310 816 3373; x_wconf 86' lang='lat' dir='ltr'>patronos</span> <span class='ocrx_word' id='word_1_515' title='bbox 831 3304 959 3375; x_wconf 86' lang='lat' dir='ltr'>queritur.</span> <span class='ocrx_word' id='word_1_516' title='bbox 1016 3303 1062 3374; x_wconf 91' lang='lat' dir='ltr'>qui</span> <span class='ocrx_word' id='word_1_517' title='bbox 1082 3302 1224 3373; x_wconf 89' lang='lat' dir='ltr'>nequidem</span> <span class='ocrx_word' id='word_1_518' title='bbox 1247 3316 1339 3355; x_wconf 89' lang='lat' dir='ltr'>eorum</span> <span class='ocrx_word' id='word_1_519' title='bbox 1364 3315 1447 3356; x_wconf 90' lang='lat' dir='ltr'>onera</span> <span class='ocrx_word' id='word_1_520' title='bbox 1463 3301 1507 3356; x_wconf 90' lang='lat' dir='ltr'>vel</span> <span class='ocrx_word' id='word_1_521' title='bbox 1532 3300 1624 3357; x_wconf 85' lang='lat' dir='ltr'>olfieia</span> <span class='ocrx_word' id='word_1_522' title='bbox 1643 3311 1753 3371; x_wconf 90' lang='lat' dir='ltr'>norunt,</span> <span class='ocrx_word' id='word_1_523' title='bbox 1768 3312 1813 3362; x_wconf 85' lang='lat' dir='ltr'>ant</span> 
     </span>
     <span class='ocr_line' id='line_1_37' title="bbox 206 3369 1810 3445; baseline 0.001 -16"><span class='ocrx_word' id='word_1_524' title='bbox 206 3377 264 3444; x_wconf 73' lang='lat' dir='ltr'>(be)</span> <span class='ocrx_word' id='word_1_525' title='bbox 279 3375 397 3439; x_wconf 90' lang='lat' dir='ltr'>llorstio,</span> <span class='ocrx_word' id='word_1_526' title='bbox 413 3379 515 3429; x_wconf 80' lang='lat' dir='ltr'>utnon</span> <span class='ocrx_word' id='word_1_527' title='bbox 534 3375 623 3445; x_wconf 83' lang='lat' dir='ltr'>moqis</span> <span class='ocrx_word' id='word_1_528' title='bbox 639 3374 791 3439; x_wconf 79' lang='lat' dir='ltr'>uelim,sed</span> <span class='ocrx_word' id='word_1_529' title='bbox 812 3378 960 3433; x_wconf 88' lang='lat' dir='ltr'>mendose:</span> <span class='ocrx_word' id='word_1_530' title='bbox 1014 3372 1131 3430; x_wconf 78' lang='lat' dir='ltr'>curanti</span> <span class='ocrx_word' id='word_1_531' title='bbox 1155 3373 1191 3427; x_wconf 86' lang='lat' dir='ltr'>llt</span> <span class='ocrx_word' id='word_1_532' title='bbox 1205 3372 1231 3425; x_wconf 93' lang='lat' dir='ltr'>in</span> <span class='ocrx_word' id='word_1_533' title='bbox 1260 3369 1358 3426; x_wconf 83' lang='lat' dir='ltr'>sanctis</span> <span class='ocrx_word' id='word_1_534' title='bbox 1386 3370 1452 3426; x_wconf 79' lang='lat' dir='ltr'>viris</span> <span class='ocrx_word' id='word_1_535' title='bbox 1488 3386 1595 3442; x_wconf 86' lang='lat' dir='ltr'>semper</span> <span class='ocrx_word' id='word_1_536' title='bbox 1628 3374 1810 3440; x_wconf 83' lang='lat' dir='ltr'>observatum,</span> 
     </span>
     <span class='ocr_line' id='line_1_38' title="bbox 168 3442 1811 3518; baseline 0.001 -17"><span class='ocrx_word' id='word_1_537' title='bbox 168 3456 196 3503; x_wconf 90' lang='lat' dir='ltr'>et</span> <span class='ocrx_word' id='word_1_538' title='bbox 210 3445 291 3518; x_wconf 85' lang='lat' dir='ltr'>patilo</span> <span class='ocrx_word' id='word_1_539' title='bbox 306 3453 380 3511; x_wconf 86' lang='lat' dir='ltr'>ante,</span> <span class='ocrx_word' id='word_1_540' title='bbox 393 3449 427 3502; x_wconf 84' lang='lat' dir='ltr'>iit</span> <span class='ocrx_word' id='word_1_541' title='bbox 444 3443 514 3518; x_wconf 82' lang='lat' dir='ltr'>qood</span> <span class='ocrx_word' id='word_1_542' title='bbox 536 3448 611 3513; x_wconf 82' lang='lat' dir='ltr'>vult,</span> <span class='ocrx_word' id='word_1_543' title='bbox 625 3444 675 3504; x_wconf 89' lang='lat' dir='ltr'>lioc</span> <span class='ocrx_word' id='word_1_544' title='bbox 695 3447 778 3502; x_wconf 86' lang='lat' dir='ltr'>liceat</span> <span class='ocrx_word' id='word_1_545' title='bbox 792 3446 874 3517; x_wconf 84' lang='lat' dir='ltr'>milii,</span> <span class='ocrx_word' id='word_1_546' title='bbox 891 3448 962 3518; x_wconf 85' lang='lat' dir='ltr'>apud</span> <span class='ocrx_word' id='word_1_547' title='bbox 1014 3443 1113 3500; x_wconf 89' lang='lat' dir='ltr'>invitos</span> <span class='ocrx_word' id='word_1_548' title='bbox 1123 3453 1150 3499; x_wconf 91' lang='lat' dir='ltr'>et</span> <span class='ocrx_word' id='word_1_549' title='bbox 1164 3449 1273 3499; x_wconf 89' lang='lat' dir='ltr'>coactos</span> <span class='ocrx_word' id='word_1_550' title='bbox 1281 3443 1316 3496; x_wconf 87' lang='lat' dir='ltr'>nd</span> <span class='ocrx_word' id='word_1_551' title='bbox 1327 3443 1444 3497; x_wconf 90' lang='lat' dir='ltr'>bonores</span> <span class='ocrx_word' id='word_1_552' title='bbox 1453 3449 1480 3496; x_wconf 90' lang='lat' dir='ltr'>et</span> <span class='ocrx_word' id='word_1_553' title='bbox 1490 3442 1635 3516; x_wconf 80' lang='lat' dir='ltr'>dignitates</span> <span class='ocrx_word' id='word_1_554' title='bbox 1644 3446 1811 3515; x_wconf 78' lang='lat' dir='ltr'>pervenisse.</span> 
     </span>
     <span class='ocr_line' id='line_1_39' title="bbox 166 3511 1809 3592; baseline -0.001 -19"><span class='ocrx_word' id='word_1_555' title='bbox 166 3516 302 3575; x_wconf 77' lang='lat' dir='ltr'>vossium.</span> <span class='ocrx_word' id='word_1_556' title='bbox 1013 3515 1047 3571; x_wconf 80' lang='lat' dir='ltr'>llt</span> <span class='ocrx_word' id='word_1_557' title='bbox 1063 3524 1152 3570; x_wconf 86' lang='lat' dir='ltr'>tamen</span> <span class='ocrx_word' id='word_1_558' title='bbox 1167 3529 1220 3585; x_wconf 92' lang='lat' dir='ltr'>qno</span> <span class='ocrx_word' id='word_1_559' title='bbox 1244 3511 1344 3585; x_wconf 76' lang='lat' dir='ltr'>aegrius</span> <span class='ocrx_word' id='word_1_560' title='bbox 1362 3522 1540 3586; x_wconf 88' lang='lat' dir='ltr'>susceperunt</span> <span class='ocrx_word' id='word_1_561' title='bbox 1562 3513 1704 3585; x_wconf 87' lang='lat' dir='ltr'>impositas</span> <span class='ocrx_word' id='word_1_562' title='bbox 1718 3516 1809 3592; x_wconf 72' lang='lat' dir='ltr'>digni-</span> 
     </span>
     <span class='ocr_line' id='line_1_40' title="bbox 204 3582 1810 3661; baseline -0.002 -16"><span class='ocrx_word' id='word_1_563' title='bbox 204 3592 261 3661; x_wconf 79' lang='lat' dir='ltr'>(ts)</span> <span class='ocrx_word' id='word_1_564' title='bbox 292 3587 409 3644; x_wconf 84' lang='lat' dir='ltr'>Clericus</span> <span class='ocrx_word' id='word_1_565' title='bbox 424 3588 452 3641; x_wconf 94' lang='lat' dir='ltr'>in</span> <span class='ocrx_word' id='word_1_566' title='bbox 480 3587 561 3642; x_wconf 77' lang='lat' dir='ltr'>cui-iis</span> <span class='ocrx_word' id='word_1_567' title='bbox 574 3586 729 3658; x_wconf 82' lang='lat' dir='ltr'>frequenter</span> <span class='ocrx_word' id='word_1_568' title='bbox 743 3587 839 3644; x_wconf 92' lang='lat' dir='ltr'>merito</span> <span class='ocrx_word' id='word_1_569' title='bbox 857 3590 891 3644; x_wconf 90' lang='lat' dir='ltr'>de</span> <span class='ocrx_word' id='word_1_570' title='bbox 906 3606 979 3650; x_wconf 72' lang='lat' dir='ltr'>am,</span> <span class='ocrx_word' id='word_1_571' title='bbox 1015 3593 1092 3654; x_wconf 86' lang='lat' dir='ltr'>tates,</span> <span class='ocrx_word' id='word_1_572' title='bbox 1110 3600 1143 3643; x_wconf 90' lang='lat' dir='ltr'>eo</span> <span class='ocrx_word' id='word_1_573' title='bbox 1158 3583 1267 3657; x_wconf 81' lang='lat' dir='ltr'>dignius</span> <span class='ocrx_word' id='word_1_574' title='bbox 1280 3582 1440 3656; x_wconf 87' lang='lat' dir='ltr'>fideliusque</span> <span class='ocrx_word' id='word_1_575' title='bbox 1474 3594 1607 3641; x_wconf 87' lang='lat' dir='ltr'>esserunt.</span> <span class='ocrx_word' id='word_1_576' title='bbox 1619 3585 1752 3642; x_wconf 89' lang='lat' dir='ltr'>Nimirum</span> <span class='ocrx_word' id='word_1_577' title='bbox 1766 3589 1810 3661; x_wconf 90' lang='lat' dir='ltr'>qni</span> 
     </span>
     <span class='ocr_line' id='line_1_41' title="bbox 167 3600 1807 3732; baseline 0.001 -18"><span class='ocrx_word' id='word_1_578' title='bbox 167 3660 223 3717; x_wconf 92' lang='lat' dir='ltr'>bitu</span> <span class='ocrx_word' id='word_1_579' title='bbox 252 3669 401 3732; x_wconf 88' lang='lat' dir='ltr'>suspectos,</span> <span class='ocrx_word' id='word_1_580' title='bbox 427 3660 551 3732; x_wconf 88' lang='lat' dir='ltr'>adeoque</span> <span class='ocrx_word' id='word_1_581' title='bbox 577 3658 736 3723; x_wconf 86' lang='lat' dir='ltr'>honoribus,</span> <span class='ocrx_word' id='word_1_582' title='bbox 753 3675 822 3730; x_wconf 87' lang='lat' dir='ltr'>qnos</span> <span class='ocrx_word' id='word_1_583' title='bbox 840 3659 961 3716; x_wconf 87' lang='lat' dir='ltr'>ambiunt</span> <span class='ocrx_word' id='word_1_584' title='bbox 1014 3658 1144 3714; x_wconf 89' lang='lat' dir='ltr'>lioiiorem</span> <span class='ocrx_word' id='word_1_585' title='bbox 1164 3655 1280 3729; x_wconf 78' lang='lat' dir='ltr'>lagiarii,</span> <span class='ocrx_word' id='word_1_586' title='bbox 1300 3670 1355 3712; x_wconf 94' lang='lat' dir='ltr'>non</span> <span class='ocrx_word' id='word_1_587' title='bbox 1381 3600 1563 3713; x_wconf 60' lang='lat' dir='ltr'>blandientem</span> <span class='ocrx_word' id='word_1_588' title='bbox 1591 3655 1657 3711; x_wconf 88' lang='lat' dir='ltr'>loris</span> <span class='ocrx_word' id='word_1_589' title='bbox 1680 3659 1807 3730; x_wconf 81' lang='lat' dir='ltr'>speciem,</span> 
     </span>
     <span class='ocr_line' id='line_1_42' title="bbox 166 3726 1806 3804; baseline 0.001 -18"><span class='ocrx_word' id='word_1_590' title='bbox 166 3731 358 3803; x_wconf 70' lang='lat' dir='ltr'>indignosalii</span> <span class='ocrx_word' id='word_1_591' title='bbox 389 3744 479 3804; x_wconf 89' lang='lat' dir='ltr'>noque</span> <span class='ocrx_word' id='word_1_592' title='bbox 497 3730 635 3800; x_wconf 81' lang='lat' dir='ltr'>Principes</span> <span class='ocrx_word' id='word_1_593' title='bbox 648 3739 822 3785; x_wconf 86' lang='lat' dir='ltr'>cciisuerunt.</span> <span class='ocrx_word' id='word_1_594' title='bbox 838 3733 877 3788; x_wconf 87' lang='lat' dir='ltr'>lta</span> <span class='ocrx_word' id='word_1_595' title='bbox 900 3731 960 3803; x_wconf 86' lang='lat' dir='ltr'>pni.</span> <span class='ocrx_word' id='word_1_596' title='bbox 1014 3731 1063 3785; x_wconf 88' lang='lat' dir='ltr'>sed</span> <span class='ocrx_word' id='word_1_597' title='bbox 1078 3729 1204 3785; x_wconf 86' lang='lat' dir='ltr'>latentem</span> <span class='ocrx_word' id='word_1_598' title='bbox 1230 3727 1303 3782; x_wconf 90' lang='lat' dir='ltr'>intus</span> <span class='ocrx_word' id='word_1_599' title='bbox 1321 3727 1443 3782; x_wconf 85' lang='lat' dir='ltr'>aculeum</span> <span class='ocrx_word' id='word_1_600' title='bbox 1456 3726 1613 3798; x_wconf 87' lang='lat' dir='ltr'>respiciunt,</span> <span class='ocrx_word' id='word_1_601' title='bbox 1628 3728 1704 3785; x_wconf 89' lang='lat' dir='ltr'>hunc</span> <span class='ocrx_word' id='word_1_602' title='bbox 1723 3730 1806 3787; x_wconf 89' lang='lat' dir='ltr'>territi</span> 
     </span>
     <span class='ocr_line' id='line_1_43' title="bbox 167 3748 1806 3884; baseline -0.001 -26"><span class='ocrx_word' id='word_1_603' title='bbox 167 3802 257 3884; x_wconf 89' lang='lat' dir='ltr'>lippus</span> <span class='ocrx_word' id='word_1_604' title='bbox 270 3803 304 3870; x_wconf 89' lang='lat' dir='ltr'>lt,</span> <span class='ocrx_word' id='word_1_605' title='bbox 318 3748 459 3875; x_wconf 66' lang='lat' dir='ltr'>rex‘insp.</span> <span class='ocrx_word' id='word_1_606' title='bbox 479 3801 614 3857; x_wconf 74' lang='lat' dir='ltr'>clericum</span> <span class='ocrx_word' id='word_1_607' title='bbox 642 3801 786 3872; x_wconf 88' lang='lat' dir='ltr'>quemdam</span> <span class='ocrx_word' id='word_1_608' title='bbox 808 3803 962 3874; x_wconf 72' lang='lat' dir='ltr'>designarat</span> <span class='ocrx_word' id='word_1_609' title='bbox 1013 3803 1203 3865; x_wconf 70' lang='lat' dir='ltr'>abstinenter</span> <span class='ocrx_word' id='word_1_610' title='bbox 1228 3798 1343 3879; x_wconf 81' lang='lat' dir='ltr'>lugiunt.</span> <span class='ocrx_word' id='word_1_611' title='bbox 1363 3800 1530 3879; x_wconf 84' lang='lat' dir='ltr'>Cumvero,</span> <span class='ocrx_word' id='word_1_612' title='bbox 1555 3798 1606 3854; x_wconf 83' lang='lat' dir='ltr'>etsi</span> <span class='ocrx_word' id='word_1_613' title='bbox 1634 3800 1806 3869; x_wconf 69' lang='lat' dir='ltr'>reluctantes,</span> 
     </span>
     <span class='ocr_line' id='line_1_44' title="bbox 167 3868 1805 3948; baseline -0.002 -17"><span class='ocrx_word' id='word_1_614' title='bbox 167 3889 336 3948; x_wconf 64' lang='lat' dir='ltr'>episcopum</span> <span class='ocrx_word' id='word_1_615' title='bbox 366 3877 414 3929; x_wconf 88' lang='lat' dir='ltr'>sed</span> <span class='ocrx_word' id='word_1_616' title='bbox 443 3888 504 3928; x_wconf 82' lang='lat' dir='ltr'>iiior</span> <span class='ocrx_word' id='word_1_617' title='bbox 526 3882 556 3929; x_wconf 90' lang='lat' dir='ltr'>ut</span> <span class='ocrx_word' id='word_1_618' title='bbox 589 3873 721 3928; x_wconf 79' lang='lat' dir='ltr'>intellexit</span> <span class='ocrx_word' id='word_1_619' title='bbox 743 3876 917 3930; x_wconf 83' lang='lat' dir='ltr'>eumenessc</span> <span class='ocrx_word' id='word_1_620' title='bbox 933 3876 960 3927; x_wconf 90' lang='lat' dir='ltr'>iii</span> <span class='ocrx_word' id='word_1_621' title='bbox 1014 3874 1104 3945; x_wconf 79' lang='lat' dir='ltr'>lugere</span> <span class='ocrx_word' id='word_1_622' title='bbox 1115 3881 1261 3943; x_wconf 83' lang='lat' dir='ltr'>nequeunt,</span> <span class='ocrx_word' id='word_1_623' title='bbox 1272 3886 1334 3941; x_wconf 86' lang='lat' dir='ltr'>quin</span> <span class='ocrx_word' id='word_1_624' title='bbox 1351 3885 1380 3924; x_wconf 91' lang='lat' dir='ltr'>se</span> <span class='ocrx_word' id='word_1_625' title='bbox 1394 3870 1491 3925; x_wconf 81' lang='lat' dir='ltr'>divinae</span> <span class='ocrx_word' id='word_1_626' title='bbox 1501 3868 1675 3940; x_wconf 75' lang='lat' dir='ltr'>prouidentiae</span> <span class='ocrx_word' id='word_1_627' title='bbox 1685 3881 1714 3928; x_wconf 89' lang='lat' dir='ltr'>et</span> <span class='ocrx_word' id='word_1_628' title='bbox 1727 3887 1805 3945; x_wconf 87' lang='lat' dir='ltr'>supe·</span> 
     </span>
     <span class='ocr_line' id='line_1_45' title="bbox 165 3939 1806 4018; baseline -0.003 -16"><span class='ocrx_word' id='word_1_629' title='bbox 165 3947 252 4018; x_wconf 75' lang='lat' dir='ltr'>curia,</span> <span class='ocrx_word' id='word_1_630' title='bbox 267 3945 401 4003; x_wconf 73' lang='lat' dir='ltr'>revocavit</span> <span class='ocrx_word' id='word_1_631' title='bbox 423 3946 604 4010; x_wconf 83' lang='lat' dir='ltr'>collationem,</span> <span class='ocrx_word' id='word_1_632' title='bbox 625 3942 749 4001; x_wconf 87' lang='lat' dir='ltr'>laceratis</span> <span class='ocrx_word' id='word_1_633' title='bbox 764 3960 824 4016; x_wconf 87' lang='lat' dir='ltr'>quae</span> <span class='ocrx_word' id='word_1_634' title='bbox 836 3944 894 4013; x_wconf 84' lang='lat' dir='ltr'>jain</span> <span class='ocrx_word' id='word_1_635' title='bbox 907 3950 959 4000; x_wconf 89' lang='lat' dir='ltr'>ile·</span> <span class='ocrx_word' id='word_1_636' title='bbox 1013 3942 1114 4000; x_wconf 90' lang='lat' dir='ltr'>riorum</span> <span class='ocrx_word' id='word_1_637' title='bbox 1123 3940 1283 3998; x_wconf 76' lang='lat' dir='ltr'>obedientiae</span> <span class='ocrx_word' id='word_1_638' title='bbox 1293 3939 1617 4010; x_wconf 82' lang='lat' dir='ltr'>subjiciant,etbnmeros</span> <span class='ocrx_word' id='word_1_639' title='bbox 1626 3945 1806 4000; x_wconf 84' lang='lat' dir='ltr'>sarciniesub</span> 
     </span>
     <span class='ocr_line' id='line_1_46' title="bbox 165 4011 1805 4084; baseline -0.003 -10"><span class='ocrx_word' id='word_1_640' title='bbox 165 4034 197 4074; x_wconf 90' lang='lat' dir='ltr'>sn</span> <span class='ocrx_word' id='word_1_641' title='bbox 220 4036 250 4074; x_wconf 87' lang='lat' dir='ltr'>er</span> <span class='ocrx_word' id='word_1_642' title='bbox 264 4017 394 4074; x_wconf 85' lang='lat' dir='ltr'>conlectae</span> <span class='ocrx_word' id='word_1_643' title='bbox 413 4028 490 4070; x_wconf 91' lang='lat' dir='ltr'>erant</span> <span class='ocrx_word' id='word_1_644' title='bbox 513 4014 617 4071; x_wconf 82' lang='lat' dir='ltr'>litteris.</span> <span class='ocrx_word' id='word_1_645' title='bbox 634 4014 699 4072; x_wconf 87' lang='lat' dir='ltr'>Vide</span> <span class='ocrx_word' id='word_1_646' title='bbox 714 4018 821 4071; x_wconf 85' lang='lat' dir='ltr'>Petrum</span> <span class='ocrx_word' id='word_1_647' title='bbox 834 4016 957 4071; x_wconf 81' lang='lat' dir='ltr'>Damiani</span> <span class='ocrx_word' id='word_1_648' title='bbox 1013 4018 1133 4081; x_wconf 75' lang='lat' dir='ltr'>mittant,</span> <span class='ocrx_word' id='word_1_649' title='bbox 1153 4012 1300 4069; x_wconf 83' lang='lat' dir='ltr'>necessitas</span> <span class='ocrx_word' id='word_1_650' title='bbox 1313 4011 1364 4066; x_wconf 90' lang='lat' dir='ltr'>illis</span> <span class='ocrx_word' id='word_1_651' title='bbox 1377 4011 1492 4077; x_wconf 82' lang='lat' dir='ltr'>virtutis,</span> <span class='ocrx_word' id='word_1_652' title='bbox 1509 4012 1663 4084; x_wconf 88' lang='lat' dir='ltr'>laborisque</span> <span class='ocrx_word' id='word_1_653' title='bbox 1678 4012 1708 4069; x_wconf 87' lang='lat' dir='ltr'>fit</span> <span class='ocrx_word' id='word_1_654' title='bbox 1722 4014 1805 4070; x_wconf 85' lang='lat' dir='ltr'>calcar</span> 
     </span>
     <span class='ocr_line' id='line_1_47' title="bbox 164 4036 1803 4153; baseline -0.001 -10"><span class='ocrx_word' id='word_1_655' title='bbox 164 4036 314 4145; x_wconf 37' lang='lat' dir='ltr'>silotrum</span> <span class='ocrx_word' id='word_1_656' title='bbox 330 4088 449 4150; x_wconf 84' lang='lat' dir='ltr'>blesens,</span> <span class='ocrx_word' id='word_1_657' title='bbox 463 4090 591 4143; x_wconf 88' lang='lat' dir='ltr'>adversus</span> <span class='ocrx_word' id='word_1_658' title='bbox 614 4086 728 4142; x_wconf 89' lang='lat' dir='ltr'>clericos</span> <span class='ocrx_word' id='word_1_659' title='bbox 749 4087 872 4143; x_wconf 88' lang='lat' dir='ltr'>curiales.</span> <span class='ocrx_word' id='word_1_660' title='bbox 888 4087 956 4143; x_wconf 90' lang='lat' dir='ltr'>ltem</span> <span class='ocrx_word' id='word_1_661' title='bbox 1010 4094 1037 4141; x_wconf 88' lang='lat' dir='ltr'>et</span> <span class='ocrx_word' id='word_1_662' title='bbox 1063 4083 1187 4140; x_wconf 89' lang='lat' dir='ltr'>stimulus</span> <span class='ocrx_word' id='word_1_663' title='bbox 1216 4101 1222 4140; x_wconf 75' lang='grc' dir='ltr'>ι</span> <span class='ocrx_word' id='word_1_664' title='bbox 1248 4082 1311 4137; x_wconf 91' lang='lat' dir='ltr'>duni</span> <span class='ocrx_word' id='word_1_665' title='bbox 1338 4083 1389 4138; x_wconf 92' lang='lat' dir='ltr'>boc</span> <span class='ocrx_word' id='word_1_666' title='bbox 1416 4082 1467 4138; x_wconf 94' lang='lat' dir='ltr'>sibi</span> <span class='ocrx_word' id='word_1_667' title='bbox 1494 4081 1648 4139; x_wconf 90' lang='lat' dir='ltr'>incumbere</span> <span class='ocrx_word' id='word_1_668' title='bbox 1675 4087 1803 4153; x_wconf 91' lang='lat' dir='ltr'>sentiunt,</span> 
     </span>
     <span class='ocr_line' id='line_1_48' title="bbox 163 4153 1857 4231; baseline -0.003 -15"><span class='ocrx_word' id='word_1_669' title='bbox 163 4162 200 4216; x_wconf 86' lang='lat' dir='ltr'>cl.</span> <span class='ocrx_word' id='word_1_670' title='bbox 215 4161 391 4230; x_wconf 81' lang='lat' dir='ltr'>Espencoeum</span> <span class='ocrx_word' id='word_1_671' title='bbox 417 4159 533 4228; x_wconf 84' lang='lat' dir='ltr'>digress.</span> <span class='ocrx_word' id='word_1_672' title='bbox 560 4159 586 4213; x_wconf 95' lang='lat' dir='ltr'>in</span> <span class='ocrx_word' id='word_1_673' title='bbox 612 4159 698 4231; x_wconf 84' lang='lat' dir='ltr'>Epist.</span> <span class='ocrx_word' id='word_1_674' title='bbox 718 4160 751 4212; x_wconf 86' lang='lat' dir='ltr'>ad</span> <span class='ocrx_word' id='word_1_675' title='bbox 771 4158 841 4213; x_wconf 86' lang='lat' dir='ltr'>Tiro.</span> <span class='ocrx_word' id='word_1_676' title='bbox 863 4158 909 4214; x_wconf 90' lang='lat' dir='ltr'>lib.</span> <span class='ocrx_word' id='word_1_677' title='bbox 924 4174 956 4222; x_wconf 94' lang='lat' dir='ltr'>ii,</span> <span class='ocrx_word' id='word_1_678' title='bbox 1012 4166 1042 4210; x_wconf 91' lang='lat' dir='ltr'>ut</span> <span class='ocrx_word' id='word_1_679' title='bbox 1068 4156 1194 4211; x_wconf 86' lang='lat' dir='ltr'>omnibns</span> <span class='ocrx_word' id='word_1_680' title='bbox 1221 4153 1309 4210; x_wconf 88' lang='lat' dir='ltr'>modis</span> <span class='ocrx_word' id='word_1_681' title='bbox 1334 4165 1464 4209; x_wconf 90' lang='lat' dir='ltr'>conentur</span> <span class='ocrx_word' id='word_1_682' title='bbox 1494 4170 1523 4213; x_wconf 85' lang='lat' dir='ltr'>se</span> <span class='ocrx_word' id='word_1_683' title='bbox 1548 4163 1675 4226; x_wconf 89' lang='lat' dir='ltr'>suscepto</span> <span class='ocrx_word' id='word_1_684' title='bbox 1703 4156 1805 4214; x_wconf 89' lang='lat' dir='ltr'>muneri</span> <span class='ocrx_word' id='word_1_685' title='bbox 1855 4206 1857 4225; x_wconf 40' lang='grc' dir='ltr'>ἰ</span> 
     </span>
     <span class='ocr_line' id='line_1_49' title="bbox 163 4225 1857 4304; baseline -0.003 -17"><span class='ocrx_word' id='word_1_686' title='bbox 163 4236 276 4301; x_wconf 67' lang='lat' dir='ltr'>capto.</span> <span class='ocrx_word' id='word_1_687' title='bbox 293 4229 345 4286; x_wconf 84' lang='lat' dir='ltr'>Sed</span> <span class='ocrx_word' id='word_1_688' title='bbox 360 4231 412 4284; x_wconf 86' lang='lat' dir='ltr'>lion</span> <span class='ocrx_word' id='word_1_689' title='bbox 426 4230 512 4304; x_wconf 75' lang='lat' dir='ltr'>magis</span> <span class='ocrx_word' id='word_1_690' title='bbox 530 4229 679 4301; x_wconf 69' lang='lat' dir='ltr'>indiguum,</span> <span class='ocrx_word' id='word_1_691' title='bbox 697 4238 725 4284; x_wconf 92' lang='lat' dir='ltr'>et</span> <span class='ocrx_word' id='word_1_692' title='bbox 753 4229 842 4284; x_wconf 91' lang='lat' dir='ltr'>minus</span> <span class='ocrx_word' id='word_1_693' title='bbox 865 4228 957 4285; x_wconf 87' lang='lat' dir='ltr'>feren·</span> <span class='ocrx_word' id='word_1_694' title='bbox 1011 4235 1138 4298; x_wconf 78' lang='lat' dir='ltr'>prestare</span> <span class='ocrx_word' id='word_1_695' title='bbox 1167 4240 1254 4297; x_wconf 86' lang='lat' dir='ltr'>pares.</span> <span class='ocrx_word' id='word_1_696' title='bbox 1269 4225 1308 4280; x_wconf 91' lang='lat' dir='ltr'>ltu</span> <span class='ocrx_word' id='word_1_697' title='bbox 1334 4238 1397 4279; x_wconf 86' lang='lat' dir='ltr'>mox</span> <span class='ocrx_word' id='word_1_698' title='bbox 1422 4225 1528 4280; x_wconf 90' lang='lat' dir='ltr'>mittunt</span> <span class='ocrx_word' id='word_1_699' title='bbox 1553 4240 1661 4281; x_wconf 88' lang='lat' dir='ltr'>manum</span> <span class='ocrx_word' id='word_1_700' title='bbox 1685 4225 1721 4281; x_wconf 83' lang='lat' dir='ltr'>ad</span> <span class='ocrx_word' id='word_1_701' title='bbox 1749 4225 1803 4282; x_wconf 82' lang='lat' dir='ltr'>lor·</span> <span class='ocrx_word' id='word_1_702' title='bbox 1854 4250 1857 4273; x_wconf 77' lang='lat' dir='ltr'>i</span> 
     </span>
     <span class='ocr_line' id='line_1_50' title="bbox 163 4296 1802 4376; baseline -0.001 -20"><span class='ocrx_word' id='word_1_703' title='bbox 163 4302 240 4366; x_wconf 91' lang='lat' dir='ltr'>dum,</span> <span class='ocrx_word' id='word_1_704' title='bbox 255 4301 278 4355; x_wconf 89' lang='lat' dir='ltr'>si</span> <span class='ocrx_word' id='word_1_705' title='bbox 292 4300 341 4372; x_wconf 92' lang='lat' dir='ltr'>qui</span> <span class='ocrx_word' id='word_1_706' title='bbox 356 4300 484 4371; x_wconf 78' lang='lat' dir='ltr'>presules</span> <span class='ocrx_word' id='word_1_707' title='bbox 497 4312 524 4357; x_wconf 95' lang='lat' dir='ltr'>et</span> <span class='ocrx_word' id='word_1_708' title='bbox 542 4300 644 4372; x_wconf 78' lang='lat' dir='ltr'>praetaii</span> <span class='ocrx_word' id='word_1_709' title='bbox 664 4300 790 4373; x_wconf 75' lang='lat' dir='ltr'>neglecta</span> <span class='ocrx_word' id='word_1_710' title='bbox 803 4300 955 4367; x_wconf 88' lang='lat' dir='ltr'>residentia,</span> <span class='ocrx_word' id='word_1_711' title='bbox 1012 4299 1055 4364; x_wconf 83' lang='lat' dir='ltr'>tie,</span> <span class='ocrx_word' id='word_1_712' title='bbox 1072 4299 1107 4353; x_wconf 90' lang='lat' dir='ltr'>ad</span> <span class='ocrx_word' id='word_1_713' title='bbox 1135 4297 1254 4353; x_wconf 88' lang='lat' dir='ltr'>laborem</span> <span class='ocrx_word' id='word_1_714' title='bbox 1282 4311 1312 4351; x_wconf 92' lang='lat' dir='ltr'>se</span> <span class='ocrx_word' id='word_1_715' title='bbox 1344 4305 1452 4376; x_wconf 78' lang='lat' dir='ltr'>vocatos</span> <span class='ocrx_word' id='word_1_716' title='bbox 1479 4306 1657 4366; x_wconf 69' lang='lat' dir='ltr'>agnoscunt:</span> <span class='ocrx_word' id='word_1_717' title='bbox 1686 4296 1802 4369; x_wconf 86' lang='lat' dir='ltr'>ideoque</span> 
     </span>
     <span class='ocr_line' id='line_1_51' title="bbox 163 4365 1802 4446; baseline -0.002 -17"><span class='ocrx_word' id='word_1_718' title='bbox 163 4380 190 4429; x_wconf 91' lang='lat' dir='ltr'>et</span> <span class='ocrx_word' id='word_1_719' title='bbox 213 4372 374 4446; x_wconf 88' lang='lat' dir='ltr'>posthabitis</span> <span class='ocrx_word' id='word_1_720' title='bbox 402 4370 509 4440; x_wconf 90' lang='lat' dir='ltr'>ovibus,</span> <span class='ocrx_word' id='word_1_721' title='bbox 524 4376 644 4428; x_wconf 82' lang='lat' dir='ltr'>baereant</span> <span class='ocrx_word' id='word_1_722' title='bbox 668 4370 803 4438; x_wconf 88' lang='lat' dir='ltr'>incuriis,</span> <span class='ocrx_word' id='word_1_723' title='bbox 820 4374 956 4442; x_wconf 74' lang='lat' dir='ltr'>praebeant</span> <span class='ocrx_word' id='word_1_724' title='bbox 1009 4385 1064 4425; x_wconf 92' lang='lat' dir='ltr'>non</span> <span class='ocrx_word' id='word_1_725' title='bbox 1080 4368 1147 4422; x_wconf 89' lang='lat' dir='ltr'>libet</span> <span class='ocrx_word' id='word_1_726' title='bbox 1160 4367 1237 4423; x_wconf 86' lang='lat' dir='ltr'>otiari</span> <span class='ocrx_word' id='word_1_727' title='bbox 1252 4375 1299 4423; x_wconf 85' lang='lat' dir='ltr'>aut</span> <span class='ocrx_word' id='word_1_728' title='bbox 1312 4365 1442 4432; x_wconf 84' lang='lat' dir='ltr'>deliciari,</span> <span class='ocrx_word' id='word_1_729' title='bbox 1457 4367 1505 4420; x_wconf 89' lang='lat' dir='ltr'>sed</span> <span class='ocrx_word' id='word_1_730' title='bbox 1524 4377 1619 4423; x_wconf 87' lang='lat' dir='ltr'>curent</span> <span class='ocrx_word' id='word_1_731' title='bbox 1631 4367 1672 4424; x_wconf 88' lang='lat' dir='ltr'>sic</span> <span class='ocrx_word' id='word_1_732' title='bbox 1685 4383 1802 4440; x_wconf 75' lang='lat' dir='ltr'>praeesse</span> 
     </span>
     <span class='ocr_line' id='line_1_52' title="bbox 162 4437 1801 4516; baseline -0.003 -16"><span class='ocrx_word' id='word_1_733' title='bbox 162 4444 429 4514; x_wconf 78' lang='lat' dir='ltr'>seasseclnsragnm</span> <span class='ocrx_word' id='word_1_734' title='bbox 449 4458 480 4499; x_wconf 88' lang='lat' dir='ltr'>ac</span> <span class='ocrx_word' id='word_1_735' title='bbox 499 4458 639 4516; x_wconf 89' lang='lat' dir='ltr'>procerum</span> <span class='ocrx_word' id='word_1_736' title='bbox 656 4449 704 4498; x_wconf 91' lang='lat' dir='ltr'>:et</span> <span class='ocrx_word' id='word_1_737' title='bbox 733 4442 779 4515; x_wconf 90' lang='lat' dir='ltr'>qni</span> <span class='ocrx_word' id='word_1_738' title='bbox 808 4443 873 4496; x_wconf 88' lang='lat' dir='ltr'>tales</span> <span class='ocrx_word' id='word_1_739' title='bbox 887 4443 955 4497; x_wconf 87' lang='lat' dir='ltr'>deti·</span> <span class='ocrx_word' id='word_1_740' title='bbox 1009 4449 1038 4495; x_wconf 90' lang='lat' dir='ltr'>ut</span> <span class='ocrx_word' id='word_1_741' title='bbox 1060 4439 1173 4511; x_wconf 88' lang='lat' dir='ltr'>prosint,</span> <span class='ocrx_word' id='word_1_742' title='bbox 1189 4446 1216 4493; x_wconf 89' lang='lat' dir='ltr'>et</span> <span class='ocrx_word' id='word_1_743' title='bbox 1239 4438 1273 4492; x_wconf 92' lang='lat' dir='ltr'>de</span> <span class='ocrx_word' id='word_1_744' title='bbox 1300 4439 1444 4493; x_wconf 88' lang='lat' dir='ltr'>commisso</span> <span class='ocrx_word' id='word_1_745' title='bbox 1471 4437 1525 4492; x_wconf 91' lang='lat' dir='ltr'>sibi</span> <span class='ocrx_word' id='word_1_746' title='bbox 1553 4438 1651 4495; x_wconf 86' lang='lat' dir='ltr'>talento</span> <span class='ocrx_word' id='word_1_747' title='bbox 1677 4442 1801 4511; x_wconf 88' lang='lat' dir='ltr'>quando·</span> 
     </span>
     <span class='ocr_line' id='line_1_53' title="bbox 161 4508 1853 4636; baseline -0.003 -65"><span class='ocrx_word' id='word_1_748' title='bbox 161 4528 225 4573; x_wconf 89' lang='lat' dir='ltr'>nent</span> <span class='ocrx_word' id='word_1_749' title='bbox 250 4516 309 4572; x_wconf 81' lang='lat' dir='ltr'>sirie</span> <span class='ocrx_word' id='word_1_750' title='bbox 331 4530 420 4582; x_wconf 86' lang='lat' dir='ltr'>caiisa,</span> <span class='ocrx_word' id='word_1_751' title='bbox 436 4519 478 4572; x_wconf 87' lang='lat' dir='ltr'>vel</span> <span class='ocrx_word' id='word_1_752' title='bbox 504 4531 559 4571; x_wconf 90' lang='lat' dir='ltr'>riori</span> <span class='ocrx_word' id='word_1_753' title='bbox 591 4512 726 4569; x_wconf 88' lang='lat' dir='ltr'>remittunt</span> <span class='ocrx_word' id='word_1_754' title='bbox 744 4512 779 4567; x_wconf 89' lang='lat' dir='ltr'>ad</span> <span class='ocrx_word' id='word_1_755' title='bbox 796 4527 870 4579; x_wconf 89' lang='lat' dir='ltr'>suos,</span> <span class='ocrx_word' id='word_1_756' title='bbox 887 4513 955 4568; x_wconf 89' lang='lat' dir='ltr'>lorte</span> <span class='ocrx_word' id='word_1_757' title='bbox 1007 4526 1060 4636; x_wconf 64' lang='lat' dir='ltr'>pppis</span> <span class='ocrx_word' id='word_1_758' title='bbox 1075 4510 1237 4580; x_wconf 91' lang='lat' dir='ltr'>respondere</span> <span class='ocrx_word' id='word_1_759' title='bbox 1247 4513 1362 4589; x_wconf 78' lang='lat' dir='ltr'>possint.</span> <span class='ocrx_word' id='word_1_760' title='bbox 1376 4508 1450 4565; x_wconf 85' lang='lat' dir='ltr'>Talis</span> <span class='ocrx_word' id='word_1_761' title='bbox 1463 4518 1520 4565; x_wconf 88' lang='lat' dir='ltr'>erat</span> <span class='ocrx_word' id='word_1_762' title='bbox 1533 4509 1704 4577; x_wconf 82' lang='lat' dir='ltr'>Heliodorus,</span> <span class='ocrx_word' id='word_1_763' title='bbox 1716 4526 1800 4583; x_wconf 87' lang='lat' dir='ltr'>quem</span> <span class='ocrx_word' id='word_1_764' title='bbox 1849 4526 1853 4549; x_wconf 67' lang='grc' dir='ltr'>ι</span> 
     </span>
     <span class='ocr_line' id='line_1_54' title="bbox 159 4580 1797 4656; baseline -0.003 -14"><span class='ocrx_word' id='word_1_765' title='bbox 159 4602 216 4643; x_wconf 81' lang='lat' dir='ltr'>nori</span> <span class='ocrx_word' id='word_1_766' title='bbox 231 4598 310 4644; x_wconf 90' lang='lat' dir='ltr'>erunt</span> <span class='ocrx_word' id='word_1_767' title='bbox 327 4587 418 4641; x_wconf 89' lang='lat' dir='ltr'>minus</span> <span class='ocrx_word' id='word_1_768' title='bbox 432 4587 593 4656; x_wconf 88' lang='lat' dir='ltr'>culpabiles.</span> <span class='ocrx_word' id='word_1_769' title='bbox 608 4584 694 4652; x_wconf 79' lang='lat' dir='ltr'>linias</span> <span class='ocrx_word' id='word_1_770' title='bbox 710 4585 748 4638; x_wconf 89' lang='lat' dir='ltr'>rei</span> <span class='ocrx_word' id='word_1_771' title='bbox 767 4582 953 4653; x_wconf 80' lang='lat' dir='ltr'>indignitatem</span> <span class='ocrx_word' id='word_1_772' title='bbox 1031 4595 1186 4651; x_wconf 77' lang='lat' dir='ltr'>ieronymus</span> <span class='ocrx_word' id='word_1_773' title='bbox 1213 4580 1392 4636; x_wconf 81' lang='lat' dir='ltr'>sacerdotium</span> <span class='ocrx_word' id='word_1_774' title='bbox 1425 4591 1592 4636; x_wconf 83' lang='lat' dir='ltr'>recusantem</span> <span class='ocrx_word' id='word_1_775' title='bbox 1617 4582 1797 4652; x_wconf 86' lang='lat' dir='ltr'>commendat,</span> 
     </span>
     <span class='ocr_line' id='line_1_55' title="bbox 161 4649 1851 4723; baseline -0.005 -7"><span class='ocrx_word' id='word_1_776' title='bbox 161 4659 337 4716; x_wconf 87' lang='lat' dir='ltr'>considerans</span> <span class='ocrx_word' id='word_1_777' title='bbox 351 4659 500 4714; x_wconf 85' lang='lat' dir='ltr'>Gentianus</span> <span class='ocrx_word' id='word_1_778' title='bbox 520 4654 793 4720; x_wconf 83' lang='lat' dir='ltr'>llervetus,soribens</span> <span class='ocrx_word' id='word_1_779' title='bbox 807 4653 834 4708; x_wconf 90' lang='lat' dir='ltr'>in</span> <span class='ocrx_word' id='word_1_780' title='bbox 849 4657 951 4710; x_wconf 79' lang='lat' dir='ltr'>Canon.</span> <span class='ocrx_word' id='word_1_781' title='bbox 1009 4650 1174 4720; x_wconf 81' lang='lat' dir='ltr'>llerclatiir,</span> <span class='ocrx_word' id='word_1_782' title='bbox 1188 4650 1284 4721; x_wconf 91' lang='lat' dir='ltr'>iuquit,</span> <span class='ocrx_word' id='word_1_783' title='bbox 1300 4651 1437 4723; x_wconf 82' lang='lat' dir='ltr'>ithorido,</span> <span class='ocrx_word' id='word_1_784' title='bbox 1453 4649 1740 4723; x_wconf 66' lang='lat' dir='ltr'>quodettcrtolcbatp</span> <span class='ocrx_word' id='word_1_785' title='bbox 1754 4668 1798 4712; x_wconf 82' lang='lat' dir='ltr'>ac·</span> <span class='ocrx_word' id='word_1_786' title='bbox 1848 4690 1851 4705; x_wconf 88' lang='lat'><em>.</em></span> 
     </span>
     <span class='ocr_line' id='line_1_56' title="bbox 160 4720 1851 4801; baseline -0.005 -13"><span class='ocrx_word' id='word_1_787' title='bbox 160 4734 257 4788; x_wconf 87' lang='lat' dir='ltr'>concii.</span> <span class='ocrx_word' id='word_1_788' title='bbox 274 4731 438 4786; x_wconf 86' lang='lat' dir='ltr'>Cnaleenon.</span> <span class='ocrx_word' id='word_1_789' title='bbox 461 4731 495 4785; x_wconf 87' lang='lat' dir='ltr'>ita</span> <span class='ocrx_word' id='word_1_790' title='bbox 515 4729 653 4800; x_wconf 85' lang='lat' dir='ltr'>loquitur:</span> <span class='ocrx_word' id='word_1_791' title='bbox 667 4744 679 4776; x_wconf 83' lang='lat' dir='ltr'>i</span> <span class='ocrx_word' id='word_1_792' title='bbox 698 4724 851 4782; x_wconf 69' lang='lat' dir='ltr'>Mboobilc</span> <span class='ocrx_word' id='word_1_793' title='bbox 865 4732 950 4791; x_wconf 81' lang='lat' dir='ltr'>certa,</span> <span class='ocrx_word' id='word_1_794' title='bbox 1006 4739 1058 4796; x_wconf 84' lang='lat' dir='ltr'>quc</span> <span class='ocrx_word' id='word_1_795' title='bbox 1070 4723 1183 4794; x_wconf 80' lang='lat' dir='ltr'>diquicr</span> <span class='ocrx_word' id='word_1_796' title='bbox 1196 4724 1270 4792; x_wconf 83' lang='lat' dir='ltr'>crat,</span> <span class='ocrx_word' id='word_1_797' title='bbox 1285 4737 1380 4801; x_wconf 18' lang='lat' dir='ltr'>quotae</span> <span class='ocrx_word' id='word_1_798' title='bbox 1394 4723 1536 4778; x_wconf 67' lang='lat' dir='ltr'>cumulat</span> <span class='ocrx_word' id='word_1_799' title='bbox 1548 4720 1709 4793; x_wconf 57' lang='lat' dir='ltr'>imbutam.</span> <span class='ocrx_word' id='word_1_800' title='bbox 1725 4724 1797 4781; x_wconf 81' lang='lat' dir='ltr'>tatii</span> <span class='ocrx_word' id='word_1_801' title='bbox 1847 4724 1851 4767; x_wconf 82' lang='lat' dir='ltr'>l</span> 
     </span>
     <span class='ocr_line' id='line_1_57' title="bbox 157 4788 1850 4869; baseline -0.006 -9"><span class='ocrx_word' id='word_1_802' title='bbox 157 4801 318 4860; x_wconf 74' lang='lat' dir='ltr'>mt&#39;serndt&#39;lc</span> <span class='ocrx_word' id='word_1_803' title='bbox 332 4799 687 4860; x_wconf 81' lang='lat' dir='ltr'>boniomncsilliidllomoe</span> <span class='ocrx_word' id='word_1_804' title='bbox 703 4795 954 4869; x_wconf 80' lang='lat' dir='ltr'>judicantspectii·</span> <span class='ocrx_word' id='word_1_805' title='bbox 1004 4809 1114 4867; x_wconf 90' lang='lat' dir='ltr'>qnoque</span> <span class='ocrx_word' id='word_1_806' title='bbox 1143 4796 1212 4863; x_wconf 85' lang='lat' dir='ltr'>Papa</span> <span class='ocrx_word' id='word_1_807' title='bbox 1244 4793 1391 4857; x_wconf 86' lang='lat' dir='ltr'>Cornelius,</span> <span class='ocrx_word' id='word_1_808' title='bbox 1406 4809 1487 4866; x_wconf 90' lang='lat' dir='ltr'>quern</span> <span class='ocrx_word' id='word_1_809' title='bbox 1515 4792 1604 4848; x_wconf 86' lang='lat' dir='ltr'>laudat</span> <span class='ocrx_word' id='word_1_810' title='bbox 1634 4792 1793 4864; x_wconf 69' lang='lat' dir='ltr'>Cyprianus.</span> <span class='ocrx_word' id='word_1_811' title='bbox 1847 4788 1850 4833; x_wconf 73' lang='grc' dir='ltr'>ι</span> 
     </span>
     <span class='ocr_line' id='line_1_58' title="bbox 158 4863 1850 4945; baseline -0.004 -15"><span class='ocrx_word' id='word_1_812' title='bbox 158 4875 270 4938; x_wconf 84' lang='lat' dir='ltr'>culam,</span> <span class='ocrx_word' id='word_1_813' title='bbox 287 4888 352 4928; x_wconf 86' lang='lat' dir='ltr'>cum</span> <span class='ocrx_word' id='word_1_814' title='bbox 371 4882 490 4932; x_wconf 66' lang='lat' dir='ltr'>acures».</span> <span class='ocrx_word' id='word_1_815' title='bbox 514 4872 669 4928; x_wconf 77' lang='lat' dir='ltr'>cernuntur</span> <span class='ocrx_word' id='word_1_816' title='bbox 682 4871 885 4942; x_wconf 77' lang='lat' dir='ltr'>episcoporum,</span> <span class='ocrx_word' id='word_1_817' title='bbox 901 4871 952 4941; x_wconf 82' lang='lat' dir='ltr'>qiii&#39;</span> <span class='ocrx_word' id='word_1_818' title='bbox 1004 4882 1072 4932; x_wconf 82' lang='lat' dir='ltr'>ucri,</span> <span class='ocrx_word' id='word_1_819' title='bbox 1083 4863 1633 4938; x_wconf 72' lang='lat' dir='ltr'>iitquidum,vimtcciasc,ritopiteoptis</span> <span class='ocrx_word' id='word_1_820' title='bbox 1647 4863 1796 4934; x_wconf 60' lang='lat' dir='ltr'>lici-etna</span> <span class='ocrx_word' id='word_1_821' title='bbox 1847 4902 1850 4945; x_wconf 84' lang='lat' dir='ltr'>t</span> 
     </span>
     <span class='ocr_line' id='line_1_59' title="bbox 158 4936 1849 5027; baseline -0.004 -27"><span class='ocrx_word' id='word_1_822' title='bbox 158 4948 272 5002; x_wconf 83' lang='lat' dir='ltr'>mutarit</span> <span class='ocrx_word' id='word_1_823' title='bbox 297 4945 462 5003; x_wconf 82' lang='lat' dir='ltr'>arrectoado</span> <span class='ocrx_word' id='word_1_824' title='bbox 489 4941 663 5004; x_wconf 84' lang='lat' dir='ltr'>Cordiualcr,</span> <span class='ocrx_word' id='word_1_825' title='bbox 678 4957 707 4995; x_wconf 84' lang='lat' dir='ltr'>sc</span> <span class='ocrx_word' id='word_1_826' title='bbox 723 4957 820 4997; x_wconf 79' lang='lat' dir='ltr'>corum</span> <span class='ocrx_word' id='word_1_827' title='bbox 837 4943 950 4996; x_wconf 61' lang='lat' dir='ltr'>sevitio</span> <span class='ocrx_word' id='word_1_828' title='bbox 1003 4940 1062 4994; x_wconf 82' lang='lat' dir='ltr'>aiiii</span> <span class='ocrx_word' id='word_1_829' title='bbox 1073 4953 1202 5010; x_wconf 80' lang='lat' dir='ltr'>possum,</span> <span class='ocrx_word' id='word_1_830' title='bbox 1218 4940 1250 4991; x_wconf 87' lang='lat' dir='ltr'>iit</span> <span class='ocrx_word' id='word_1_831' title='bbox 1264 4937 1636 5016; x_wconf 77' lang='lat' dir='ltr'>episcopatumocreptoret.</span> <span class='ocrx_word' id='word_1_832' title='bbox 1647 4936 1736 5008; x_wconf 79' lang='lat' dir='ltr'>Epist.</span> <span class='ocrx_word' id='word_1_833' title='bbox 1750 4940 1792 4996; x_wconf 84' lang='lat' dir='ltr'>tt.</span> <span class='ocrx_word' id='word_1_834' title='bbox 1845 4962 1849 5027; x_wconf 67' lang='lat' dir='ltr'>p</span> 
     </span>
     <span class='ocr_line' id='line_1_60' title="bbox 157 5006 1848 5133; baseline -0.005 -61"><span class='ocrx_word' id='word_1_835' title='bbox 157 5018 463 5090; x_wconf 80' lang='lat' dir='ltr'>muricipcre,qttcmirt</span> <span class='ocrx_word' id='word_1_836' title='bbox 474 5030 527 5071; x_wconf 82' lang='lat' dir='ltr'>erio</span> <span class='ocrx_word' id='word_1_837' title='bbox 536 5013 661 5084; x_wconf 80' lang='lat' dir='ltr'>parturio</span> <span class='ocrx_word' id='word_1_838' title='bbox 671 5011 950 5069; x_wconf 82' lang='lat' dir='ltr'>suumobeitiidomii·</span> <span class='ocrx_word' id='word_1_839' title='bbox 1002 5009 1183 5064; x_wconf 77' lang='lat' dir='ltr'>saluberrime</span> <span class='ocrx_word' id='word_1_840' title='bbox 1197 5023 1264 5079; x_wconf 77' lang='lat' dir='ltr'>orgo</span> <span class='ocrx_word' id='word_1_841' title='bbox 1280 5019 1366 5063; x_wconf 83' lang='lat' dir='ltr'>sanxit</span> <span class='ocrx_word' id='word_1_842' title='bbox 1387 5007 1439 5062; x_wconf 84' lang='lat' dir='ltr'>Leo</span> <span class='ocrx_word' id='word_1_843' title='bbox 1460 5017 1609 5133; x_wconf 86' lang='lat' dir='ltr'>imperator</span> <span class='ocrx_word' id='word_1_844' title='bbox 1625 5006 1679 5062; x_wconf 88' lang='lat' dir='ltr'>sub</span> <span class='ocrx_word' id='word_1_845' title='bbox 1693 5022 1792 5064; x_wconf 80' lang='lat' dir='ltr'>anunm</span> <span class='ocrx_word' id='word_1_846' title='bbox 1845 5038 1848 5049; x_wconf 92' lang='lat'>·</span> 
     </span>
     <span class='ocr_line' id='line_1_61' title="bbox 157 5077 1792 5154; baseline -0.004 -12"><span class='ocrx_word' id='word_1_847' title='bbox 157 5103 215 5144; x_wconf 80' lang='lat' dir='ltr'>atria</span> <span class='ocrx_word' id='word_1_848' title='bbox 227 5090 459 5146; x_wconf 69' lang='lat' dir='ltr'>cumtoscroirc.</span> <span class='ocrx_word' id='word_1_849' title='bbox 472 5090 541 5154; x_wconf 80' lang='lat' dir='ltr'>Quos</span> <span class='ocrx_word' id='word_1_850' title='bbox 557 5087 632 5140; x_wconf 85' lang='lat' dir='ltr'>certe</span> <span class='ocrx_word' id='word_1_851' title='bbox 643 5082 754 5153; x_wconf 69' lang='lat' dir='ltr'>(donor</span> <span class='ocrx_word' id='word_1_852' title='bbox 764 5083 950 5153; x_wconf 77' lang='lat' dir='ltr'>sententiolsi&#39;</span> <span class='ocrx_word' id='word_1_853' title='bbox 1002 5079 1081 5138; x_wconf 80' lang='lat' dir='ltr'>Doni.</span> <span class='ocrx_word' id='word_1_854' title='bbox 1093 5081 1155 5151; x_wconf 82' lang='lat' dir='ltr'>toa,</span> <span class='ocrx_word' id='word_1_855' title='bbox 1167 5081 1186 5135; x_wconf 93' lang='lat' dir='ltr'>l.</span> <span class='ocrx_word' id='word_1_856' title='bbox 1202 5081 1246 5134; x_wconf 80' lang='lat'>³1.</span> <span class='ocrx_word' id='word_1_857' title='bbox 1257 5094 1282 5134; x_wconf 89' lang='lat' dir='ltr'>c.</span> <span class='ocrx_word' id='word_1_858' title='bbox 1293 5081 1332 5134; x_wconf 81' lang='lat' dir='ltr'>lle</span> <span class='ocrx_word' id='word_1_859' title='bbox 1344 5080 1427 5151; x_wconf 81' lang='lat' dir='ltr'>episc.</span> <span class='ocrx_word' id='word_1_860' title='bbox 1441 5081 1494 5135; x_wconf 83' lang='lat' dir='ltr'>oto</span> <span class='ocrx_word' id='word_1_861' title='bbox 1506 5094 1547 5135; x_wconf 85' lang='lat' dir='ltr'>er.</span> <span class='ocrx_word' id='word_1_862' title='bbox 1558 5078 1624 5137; x_wconf 82' lang='lat' dir='ltr'>Non</span> <span class='ocrx_word' id='word_1_863' title='bbox 1633 5081 1726 5152; x_wconf 79' lang='lat' dir='ltr'>pretio</span> <span class='ocrx_word' id='word_1_864' title='bbox 1746 5077 1792 5137; x_wconf 79' lang='lat' dir='ltr'>aed</span> 
     </span>
     <span class='ocr_line' id='line_1_62' title="bbox 155 5148 1792 5234; baseline -0.007 -17"><span class='ocrx_word' id='word_1_865' title='bbox 155 5175 284 5217; x_wconf 76' lang='lat' dir='ltr'>summus</span> <span class='ocrx_word' id='word_1_866' title='bbox 296 5161 428 5234; x_wconf 79' lang='lat' dir='ltr'>pontisare</span> <span class='ocrx_word' id='word_1_867' title='bbox 442 5157 577 5230; x_wconf 76' lang='lat' dir='ltr'>tlopcllis,</span> <span class='ocrx_word' id='word_1_868' title='bbox 591 5171 649 5212; x_wconf 82' lang='lat' dir='ltr'>nori</span> <span class='ocrx_word' id='word_1_869' title='bbox 663 5173 700 5212; x_wconf 80' lang='lat' dir='ltr'>ex</span> <span class='ocrx_word' id='word_1_870' title='bbox 711 5156 844 5218; x_wconf 83' lang='lat' dir='ltr'>Ecclesia.</span> <span class='ocrx_word' id='word_1_871' title='bbox 853 5154 901 5209; x_wconf 77' lang='lat' dir='ltr'>sed</span> <span class='ocrx_word' id='word_1_872' title='bbox 914 5155 948 5208; x_wconf 82' lang='lat' dir='ltr'>cl</span> <span class='ocrx_word' id='word_1_873' title='bbox 999 5148 1421 5223; x_wconf 80' lang='lat' dir='ltr'>preciburordiueturontistes.</span> <span class='ocrx_word' id='word_1_874' title='bbox 1432 5150 1551 5204; x_wconf 82' lang='lat' dir='ltr'>Tantum</span> <span class='ocrx_word' id='word_1_875' title='bbox 1561 5149 1710 5206; x_wconf 81' lang='lat' dir='ltr'>abombitii</span> <span class='ocrx_word' id='word_1_876' title='bbox 1781 5156 1792 5206; x_wconf 94' lang='lat' dir='ltr'>t</span> 
     </span>
     <span class='ocr_line' id='line_1_63' title="bbox 153 5219 1794 5301; baseline -0.005 -15"><span class='ocrx_word' id='word_1_877' title='bbox 153 5232 221 5288; x_wconf 79' lang='lat' dir='ltr'>erbe</span> <span class='ocrx_word' id='word_1_878' title='bbox 237 5234 325 5290; x_wconf 79' lang='lat' dir='ltr'>Romu</span> <span class='ocrx_word' id='word_1_879' title='bbox 339 5232 374 5287; x_wconf 83' lang='lat' dir='ltr'>cd</span> <span class='ocrx_word' id='word_1_880' title='bbox 389 5231 541 5287; x_wconf 74' lang='lat' dir='ltr'>Ecclesium</span> <span class='ocrx_word' id='word_1_881' title='bbox 561 5244 645 5286; x_wconf 83' lang='lat' dir='ltr'>auom</span> <span class='ocrx_word' id='word_1_882' title='bbox 658 5226 824 5301; x_wconf 76' lang='lat' dir='ltr'>expelleret,</span> <span class='ocrx_word' id='word_1_883' title='bbox 838 5227 863 5281; x_wconf 82' lang='lat' dir='ltr'>ii</span> <span class='ocrx_word' id='word_1_884' title='bbox 874 5225 948 5281; x_wconf 83' lang='lat' dir='ltr'>milit</span> <span class='ocrx_word' id='word_1_885' title='bbox 1001 5237 1058 5279; x_wconf 80' lang='lat' dir='ltr'>erac</span> <span class='ocrx_word' id='word_1_886' title='bbox 1071 5224 1262 5295; x_wconf 62' lang='lat' dir='ltr'>repudiasset</span> <span class='ocrx_word' id='word_1_887' title='bbox 1277 5224 1424 5295; x_wconf 76' lang='lat' dir='ltr'>queratur</span> <span class='ocrx_word' id='word_1_888' title='bbox 1436 5235 1468 5276; x_wconf 86' lang='lat' dir='ltr'>co</span> <span class='ocrx_word' id='word_1_889' title='bbox 1485 5219 1583 5287; x_wconf 78' lang='lat' dir='ltr'>codar,</span> <span class='ocrx_word' id='word_1_890' title='bbox 1595 5224 1711 5292; x_wconf 75' lang='lat' dir='ltr'>repotiis</span> <span class='ocrx_word' id='word_1_891' title='bbox 1723 5236 1794 5279; x_wconf 83' lang='lat' dir='ltr'>rece·</span> 
     </span>
     <span class='ocr_line' id='line_1_64' title="bbox 151 5238 1792 5377; baseline -0.006 -17"><span class='ocrx_word' id='word_1_892' title='bbox 151 5305 256 5361; x_wconf 67' lang='lat' dir='ltr'>marii</span> <span class='ocrx_word' id='word_1_893' title='bbox 266 5303 372 5362; x_wconf 75' lang='lat' dir='ltr'>Christi</span> <span class='ocrx_word' id='word_1_894' title='bbox 386 5304 478 5373; x_wconf 73' lang='lat' dir='ltr'>officio</span> <span class='ocrx_word' id='word_1_895' title='bbox 487 5303 543 5358; x_wconf 81' lang='lat' dir='ltr'>rite</span> <span class='ocrx_word' id='word_1_896' title='bbox 555 5302 639 5373; x_wconf 68' lang='lat' dir='ltr'>{unqe</span> <span class='ocrx_word' id='word_1_897' title='bbox 650 5300 800 5355; x_wconf 80' lang='lat' dir='ltr'>videretur.</span> <span class='ocrx_word' id='word_1_898' title='bbox 813 5315 826 5348; x_wconf 82' lang='lat' dir='ltr'>i</span> <span class='ocrx_word' id='word_1_899' title='bbox 837 5298 875 5377; x_wconf 85' lang='lat' dir='ltr'>lte</span> <span class='ocrx_word' id='word_1_900' title='bbox 889 5296 944 5352; x_wconf 88' lang='lat' dir='ltr'>itle.</span> <span class='ocrx_word' id='word_1_901' title='bbox 999 5292 1058 5376; x_wconf 76' lang='lat' dir='ltr'>det,</span> <span class='ocrx_word' id='word_1_902' title='bbox 1070 5295 1209 5355; x_wconf 77' lang='lat' dir='ltr'>trinitates</span> <span class='ocrx_word' id='word_1_903' title='bbox 1219 5294 1365 5375; x_wconf 73' lang='lat' dir='ltr'>osfuqiot:</span> <span class='ocrx_word' id='word_1_904' title='bbox 1381 5238 1687 5377; x_wconf 25' lang='lat' dir='ltr'>aolojniusiissrnqetrir</span> <span class='ocrx_word' id='word_1_905' title='bbox 1696 5306 1792 5350; x_wconf 79' lang='lat' dir='ltr'>nocet·</span> 
     </span>
     <span class='ocr_line' id='line_1_65' title="bbox 166 5364 1795 5447; baseline -0.006 -16"><span class='ocrx_word' id='word_1_906' title='bbox 166 5374 168 5379; x_wconf 86' lang='lat'>&#39;</span> <span class='ocrx_word' id='word_1_907' title='bbox 188 5376 244 5447; x_wconf 77' lang='lat' dir='ltr'>(llll</span> <span class='ocrx_word' id='word_1_908' title='bbox 256 5374 383 5430; x_wconf 89' lang='lat' dir='ltr'>Nonnisi</span> <span class='ocrx_word' id='word_1_909' title='bbox 397 5376 495 5446; x_wconf 76' lang='lat' dir='ltr'>cignos</span> <span class='ocrx_word' id='word_1_910' title='bbox 508 5373 610 5428; x_wconf 82' lang='lat' dir='ltr'>assumi</span> <span class='ocrx_word' id='word_1_911' title='bbox 619 5370 713 5440; x_wconf 83' lang='lat' dir='ltr'>jubet:</span> <span class='ocrx_word' id='word_1_912' title='bbox 728 5377 757 5425; x_wconf 90' lang='lat' dir='ltr'>nt</span> <span class='ocrx_word' id='word_1_913' title='bbox 769 5367 844 5442; x_wconf 74' lang='lat' dir='ltr'>digni</span> <span class='ocrx_word' id='word_1_914' title='bbox 857 5365 943 5423; x_wconf 87' lang='lat' dir='ltr'>solani</span> <span class='ocrx_word' id='word_1_915' title='bbox 998 5369 1070 5421; x_wconf 82' lang='lat' dir='ltr'>attor</span> <span class='ocrx_word' id='word_1_916' title='bbox 1082 5364 1246 5424; x_wconf 76' lang='lat' dir='ltr'>excusandi.</span> <span class='ocrx_word' id='word_1_917' title='bbox 1263 5366 1389 5435; x_wconf 72' lang='lat' dir='ltr'>Profecto</span> <span class='ocrx_word' id='word_1_918' title='bbox 1402 5378 1480 5419; x_wconf 83' lang='lat' dir='ltr'>cuim</span> <span class='ocrx_word' id='word_1_919' title='bbox 1493 5365 1629 5436; x_wconf 70' lang='lat' dir='ltr'>audientia</span> <span class='ocrx_word' id='word_1_920' title='bbox 1643 5364 1687 5422; x_wconf 73' lang='lat' dir='ltr'>est</span> <span class='ocrx_word' id='word_1_921' title='bbox 1700 5378 1795 5422; x_wconf 69' lang='lat' dir='ltr'>mcer-</span> 
     </span>
     <span class='ocr_line' id='line_1_66' title="bbox 147 5433 1795 5520; baseline -0.005 -18"><span class='ocrx_word' id='word_1_922' title='bbox 147 5447 326 5520; x_wconf 76' lang='lat' dir='ltr'>qnilugiunt.</span> <span class='ocrx_word' id='word_1_923' title='bbox 342 5444 474 5502; x_wconf 85' lang='lat' dir='ltr'>Namcur</span> <span class='ocrx_word' id='word_1_924' title='bbox 496 5443 605 5514; x_wconf 86' lang='lat' dir='ltr'>plurimi</span> <span class='ocrx_word' id='word_1_925' title='bbox 636 5453 687 5496; x_wconf 86' lang='lat' dir='ltr'>tam</span> <span class='ocrx_word' id='word_1_926' title='bbox 714 5439 792 5498; x_wconf 83' lang='lat' dir='ltr'>aride</span> <span class='ocrx_word' id='word_1_927' title='bbox 824 5440 943 5494; x_wconf 86' lang='lat' dir='ltr'>honores</span> <span class='ocrx_word' id='word_1_928' title='bbox 999 5435 1085 5504; x_wconf 83' lang='lat' dir='ltr'>dolio,</span> <span class='ocrx_word' id='word_1_929' title='bbox 1110 5437 1168 5494; x_wconf 79' lang='lat' dir='ltr'>niti</span> <span class='ocrx_word' id='word_1_930' title='bbox 1190 5438 1281 5507; x_wconf 69' lang='lat' dir='ltr'>fucrit</span> <span class='ocrx_word' id='word_1_931' title='bbox 1303 5435 1458 5491; x_wconf 73' lang='lat' dir='ltr'>ordinatos·</span> <span class='ocrx_word' id='word_1_932' title='bbox 1475 5434 1598 5492; x_wconf 80' lang='lat' dir='ltr'>irruitur.</span> <span class='ocrx_word' id='word_1_933' title='bbox 1623 5433 1666 5491; x_wconf 85' lang='lat' dir='ltr'>De</span> <span class='ocrx_word' id='word_1_934' title='bbox 1686 5434 1795 5493; x_wconf 69' lang='lat' dir='ltr'>ooeoer&#39;·</span> 
     </span>
     <span class='ocr_line' id='line_1_67' title="bbox 151 5502 1797 5589; baseline -0.007 -15"><span class='ocrx_word' id='word_1_935' title='bbox 151 5515 325 5575; x_wconf 71' lang='lat' dir='ltr'>desideranti</span> <span class='ocrx_word' id='word_1_936' title='bbox 352 5531 451 5589; x_wconf 84' lang='lat' dir='ltr'>nempe</span> <span class='ocrx_word' id='word_1_937' title='bbox 482 5515 548 5587; x_wconf 87' lang='lat' dir='ltr'>qaia</span> <span class='ocrx_word' id='word_1_938' title='bbox 573 5526 656 5571; x_wconf 80' lang='lat' dir='ltr'>unere</span> <span class='ocrx_word' id='word_1_939' title='bbox 680 5525 735 5567; x_wconf 91' lang='lat' dir='ltr'>non</span> <span class='ocrx_word' id='word_1_940' title='bbox 757 5509 940 5570; x_wconf 86' lang='lat' dir='ltr'>considerant.</span> <span class='ocrx_word' id='word_1_941' title='bbox 996 5506 1361 5581; x_wconf 72' lang='lat' dir='ltr'>qualitatibnaetiqendorum</span> <span class='ocrx_word' id='word_1_942' title='bbox 1370 5502 1797 5571; x_wconf 70' lang='lat' dir='ltr'>cardinalinmridceondth·</span> 
     </span>
    </p>
   </div>
   <div class='ocr_carea' id='block_1_4' title="bbox 0 0 1868 5940">
    <p class='ocr_par' dir='ltr' id='par_1_4' title="bbox 0 0 1868 5940">
     <span class='ocr_line' id='line_1_68' title="bbox 0 0 1868 5940; baseline 0 13"><span class='ocrx_word' id='word_1_943' title='bbox 0 0 1868 5940; x_wconf 95' lang='lat' dir='ltr'> </span> 
     </span>
    </p>
   </div>
  </div>
 </body>
</html>
