3728 5940
96 161 153 227 ns
560 159 587 220 s.
609 157 774 225 satutant
791 122 926 226 unsaris
959 159 1302 261 manumissus
1689 162 1745 242 auo

98 289 153 350 illa
166 305 305 363 personae;
322 289 532 361 quisunmerum
551 289 653 360 neget?
667 287 734 344 Nam
752 266 816 348 vere
835 297 892 348 tres
907 305 932 385 p
947 307 1000 348 una
1014 289 1149 346 subtantia
1161 296 1232 348 sunt.
1248 289 1374 346 Secundo
1391 288 1454 345 loco
1466 287 1514 343 illa
1532 287 1673 360 praecellit,
1689 305 1747 362 qua

100 387 174 437 sunt.
188 377 257 449 Quis
271 385 392 436 numeret
409 377 516 431 tament
537 375 607 433 Nam
630 392 695 434 vere
710 394 794 434 unum
818 387 890 438 sunt.
945 394 1108 437 econverso
1130 387 1184 435 tres
1208 377 1351 434 subtantia
1376 394 1428 433 una
1447 377 1474 433 in
1497 375 1603 432 Christo
1627 393 1747 450 persona

102 472 156 527 Ant
168 458 192 524 si
216 474 250 524 tn·
271 464 348 523 heile
370 463 505 537 explicatu
528 463 555 521 id
571 471 660 537 putas,
689 465 806 524 dicendo
825 476 891 538 tres,
946 476 1019 524 sunt.
1038 469 1122 526 Porro
1137 469 1196 524 hec
1207 475 1233 524 ει
1257 482 1435 540 quaecumque
1449 465 1502 521 alia
1524 464 1577 521 dici
1600 483 1654 522 una
1676 483 1746 539 pos-

101 555 183 614 dieito
195 554 261 628 ‘qaid
275 552 447 611 numerasti?
462 552 600 611 Naturasi
614 555 671 611 llna
684 563 736 611 εει.
752 555 892 613 Βεεεειίει
945 567 1017 623 sunt,
1033 573 1145 614 summae
1163 557 1236 613 illius
1256 556 1366 614 unitatis
1387 555 1545 625 imitatione,
1561 570 1615 612 non
1632 571 1747 628 compa-

101 645 162 701 Una
179 649 230 700 est.
245 640 439 698 snbstantias?
454 642 512 699 Una
527 650 581 699 est.
601 640 745 700 ὓείιειεει
758 644 818 701 Una
841 654 892 702 est.
946 647 1060 720 ratione,
1084 648 1142 704 Una
1155 645 1284 721 appellari
1309 661 1375 702 vera
1389 644 1531 715 sobriaque
1546 645 1641 716 probat
1655 648 1748 704 consi-

99 733 159 789 Non
175 732 240 796 hac,
256 731 303 786 εει
318 744 451 801 personas
477 745 599 798 numero,
622 730 723 803 inquis.
750 731 817 801 Quae
840 751 894 791 non
947 737 1062 792 demtio.
1077 736 1135 792 Nec
1159 722 1317 792 abducimur
1335 737 1368 791 ab
1384 735 1434 791 hac
1448 733 1559 789 unitatis
1575 734 1748 804 protensione

100 821 153 877 sint
165 819 271 876 illanna
282 830 385 885 natura,
400 819 511 877 illauna
525 820 896 889 essentia,illaunasnbstan·
947 825 1095 882 assertione
1109 823 1199 880 Trium
1218 841 1224 880 ι
1241 840 1303 879 oum
1327 823 1353 878 in
1370 824 1420 881 hac
1443 821 1575 879 Trinitate
1601 839 1655 880 non
1675 827 1746 883 reci-

100 907 146 975 tia‚
160 906 208 964 illa
220 906 584 967 unaoirinltastcathotians
597 924 645 966 es:
661 909 771 967 minime
780 912 833 968 hoc
844 913 894 967 da·
949 914 1054 986 piamus
1075 911 1311 985 multiplicitatem,
1340 911 1409 968 siout
1436 904 1487 969 nec
1512 912 1685 971 solitudinem
1718 914 1748 972 in

116 994 152 1057 is.

403 1105 515 1166 CAPUT
529 1106 598 1163 llll.

104 1212 291 1270 Personarum
303 1213 474 1285 pluralitem
488 1213 520 1268 in
534 1214 588 1270 Deo
607 1228 774 1287 concerpere
783 1229 819 1270 ee
826 1232 896 1288 pra·

137 1283 322 1354 prietatidua,·
335 1285 489 1342 mentum
500 1286 691 1342 tameuurtam
704 1291 733 1342 et
741 1287 898 1361 simplicem

138 1368 207 1411 csse.

139 1444 183 1499 la.
199 1444 375 1501 Personamm
391 1443 570 1518 proprietates
587 1461 640 1501 non
654 1445 726 1501 aliud
739 1462 820 1519 qnam
834 1463 896 1519 per·

106 1546 204 1606 sonas;
232 1531 358 1606 ipsasque
386 1549 439 1590 non
467 1533 538 1590 aliud
570 1550 654 1607 quam
680 1550 764 1591 unum
800 1537 896 1605 Deum,

104 1637 186 1677 unam
210 1621 330 1678 diuinam
360 1620 550 1689 substantium,
572 1639 653 1680 unam
673 1623 791 1681 diuinam
819 1634 898 1682 natu·

895 1002 905 1012 '
948 1003 1060 1060 unitate.
1075 1003 1256 1073 Quamobrem
1270 1016 1332 1058 cum
1345 1001 1406 1058 dieo
1430 1002 1530 1073 Unum,
1557 1016 1611 1058 non
1626 1019 1670 1059 me
1684 1004 1748 1062 Tri·

950 1092 1043 1148 nitatis
1057 1094 1146 1149 turbat
1159 1108 1298 1157 numerus,
1314 1089 1360 1163 qui
1382 1091 1526 1147 essentiam
1539 1106 1594 1147 non
1614 1091 1748 1163 multipli-

950 1191 1002 1253 cat,
1037 1196 1091 1237 non
1111 1179 1204 1252 ramat,
1233 1195 1285 1237 nec
1304 1179 1430 1251 partitur.
1455 1180 1571 1236 Rursum
1595 1196 1656 1236 cum
1685 1182 1749 1255 dian

951 1268 1024 1343 Tria,
1050 1285 1107 1325 non
1122 1285 1165 1324 me
1179 1268 1268 1342 arguit
1281 1266 1392 1324 intuitus
1407 1267 1526 1338 unitatis,
1541 1285 1602 1341 quae
1616 1267 1663 1325 illa
1675 1287 1749 1343 quas

951 1374 1064 1431 eumque
1091 1358 1153 1423 tria,
1176 1373 1223 1414 seu
1250 1357 1311 1413 illos
1337 1366 1405 1424 tres,
1430 1372 1481 1414 neu
1507 1357 1535 1412 in
1561 1357 1749 1416 mutusionem

949 1446 1022 1520 cogit
1038 1447 1106 1517 (ab),
1117 1461 1167 1502 neo
1180 1445 1208 1502 in
1222 1445 1433 1521 singularitatem
1449 1445 1557 1519 redigit.

1262 1568 1375 1626 CAPUT
1393 1570 1443 1625 xl.

104 1724 172 1779 nm,
183 1725 264 1768 ,mm
278 1710 396 1768 divinam
416 1719 442 1768 et
469 1728 600 1768 mmmm
623 1713 804 1785 mimum,
829 1713 897 1772 fides
913 1673 935 1750 Β
953 1686 998 1745 Uti
1011 1685 1043 1740 t'a
1057 1685 1243 1756 Deosimplec
1251 1687 1359 1741 natura
1373 1689 1415 1741 est
1426 1687 1457 1741 in
1469 1685 1558 1742 tribus
1573 1687 1696 1759 personis
1703 1687 1748 1743 sic

103 1797 232 1856 catholica
252 1798 411 1858 'conflatum
439 1802 559 1858 Numera
580 1817 662 1874 ergo,
692 1802 715 1858 si
735 1813 821 1875 potes,
852 1814 899 1861 aut

104 1887 319 1945 nnesobstantia
333 1906 473 1964 personas,
493 1905 554 1962 quaa
584 1889 645 1960 ipsa
658 1899 722 1947 sunt
742 1907 749 1945 :
778 1900 824 1949 aut
841 1894 898 1948 sine

105 1977 229 2048 personis
238 1977 423 2050 proprietates,
439 1979 570 2052 quaeipsae
585 1987 659 2035 sunt.
675 1980 730 2037 hut
743 1980 766 2036 si
779 1981 899 2036 dividere

105 2065 348 2137 quis'conetursel
369 2065 453 2145 458
476 2083 610 2141 personas
638 2066 825 2132 asubstantia,
857 2070 897 2124 vol

104 2153 306 2226 proprietatesa
320 2154 454 2228 personis,
466 2156 559 2214 nescio
571 2157 709 2232 quomodo
717 2157 854 2214 Trinitatis
869 2175 898 2215 ae

105 2242 224 2314 profiteri
238 2244 366 2302 cultorem
383 2244 478 2316 possit,
503 2245 548 2318 qui
565 2245 591 2302 in
606 2253 704 2303 aotam
729 2260 819 2301 rerum
842 2261 897 2301 nn-

987 1771 1627 1845 contrainCdrtstoplucesnaturcsinunam
1648 1787 1746 1845 perso·

987 1879 1056 1919 acm
1071 1864 1235 1920 coalescere.

988 1980 1032 2034 20.
1054 1978 1128 2034 ldem
1144 1993 1187 2032 me
1203 1976 1303 2032 sentire
1318 1977 1404 2033 iateor
1418 1987 1445 2034 et
1463 1977 1497 2033 ιε
1511 1977 1556 2033 illa
1579 1979 1682 2033 unitate
1703 1995 1749 2035 cur

952 2065 1099 2122 secundum
1123 2066 1158 2120 ab
1179 2066 1232 2121 ista
1250 2065 1320 2122 inter
1337 2073 1435 2124 caelera
1457 2067 1519 2125 Um
1530 2068 1659 2122 honorem
1675 2067 1749 2124 dedi.

952 2155 1019 2210 Dion
1034 2153 1061 2209 in
1081 2155 1186 2210 Christo
1201 2154 1330 2224 Verbum,
1355 2155 1481 2223 animam,
1496 2162 1523 2210 ει
1546 2170 1666 2219 curnem,
1689 2155 1752 2211 siue

952 2242 1111 2299 contusione
1136 2241 1313 2298 essentiarum
1339 2257 1420 2299 unam
1446 2258 1507 2298 esse
1540 2258 1692 2313 personam,
1724 2253 1752 2299 et

105 2330 286 2388 maroneum
314 2332 468 2390 excesserit.
493 2331 620 2389 Dicamus
651 2333 740 2408 itaque
771 2342 836 2402 tres,
850 2334 898 2389 sed
950 2331 1016 2388 item
1030 2331 1132 2402 absque
1153 2331 1311 2402 praejudicio
1328 2330 1477 2404 personalis
1501 2330 1638 2386 unitatatis
1661 2332 1688 2385 in
1703 2349 1753 2387 sua

103 2433 157 2476 non
176 2420 209 2474 ad
227 2419 409 2490 prejudicium
435 2420 568 2477 Unitatis:
597 2422 717 2480 dicamus
743 2438 836 2489 unum,
851 2421 897 2478 sed

104 2523 159 2564 non
172 2509 204 2564 ad
215 2509 399 2566 confusionem
414 2509 565 2569 Trinitatis.
584 2512 675 2583 Neque
694 2511 765 2569 enim
790 2511 899 2568 nomina

105 2594 187 2654 vacua
205 2606 278 2666 sunt,
294 2613 344 2653 nec
369 2600 469 2672 absque
483 2598 664 2672 significantia
690 2615 775 2656 cassa
806 2615 897 2659 voces.

105 2685 512 2758 Quaeritquisquomodoillnd
544 2689 616 2759 quod
646 2689 809 2745 catholicum
838 2705 898 2745 ease

105 2773 230 2839 dicimus,
245 2774 330 2844 possit
343 2791 403 2831 esse
416 2773 466 2848 [al.
478 2775 541 2834 add.
553 2776 690 2850 quomodo
713 2777 799 2850 hocli
813 2776 896 2834 Sulli-

952 2419 1146 2486 nnmerositate
1161 2436 1280 2477 manere.
1305 2421 1362 2474 Neo
1375 2418 1529 2492 negaverim
1544 2418 1614 2473 hano
1637 2419 1669 2471 ad
1684 2419 1753 2474 illud

953 2524 1059 2581 quoque
1087 2524 1175 2582 genus
1203 2508 1310 2564 unitatis
1338 2507 1480 2579 pertinere,
1506 2522 1560 2579 qna
1594 2506 1693 2569 anima,
1724 2515 1753 2561 et

951 2612 1014 2654 caro
1029 2614 1098 2654 unus
1122 2606 1163 2653 ost
1174 2599 1267 2656 homo.
1282 2595 1378 2654 Decuit
1391 2595 1491 2669 quippe
1506 2595 1662 2651 lamiliarius
1675 2593 1753 2650 simi·

952 2685 1058 2758 husque
1073 2704 1136 2743 cum
1158 2686 1276 2743 hominis
1302 2684 1659 2749 convenireconstitutione,
1678 2684 1752 2754 quad

953 2789 1001 2843 pro
1019 2775 1129 2832 homine
1142 2776 1317 2831 constitutum
1337 2781 1378 2831 εει
1392 2781 1601 2829 sacramentnm.
1615 2771 1711 2828 Docuit
1725 2780 1753 2828 et

105 2861 159 2918 ciat
173 2858 299 2918 sitenere
326 2863 367 2920 sic
380 2879 451 2919 esse.
466 2867 555 2936 Atque
574 2867 625 2922 hoc
650 2882 705 2923 non
724 2865 821 2923 rationi
838 2882 898 2939 per·
951 2878 1011 2918 cum
1032 2880 1148 2930 summa,
1163 2880 1224 2937 quae
1248 2864 1275 2917 in
1290 2863 1350 2919 Deo
1366 2872 1407 2920 est
1421 2871 1447 2919 et
1465 2863 1540 2918 Deus
1567 2869 1619 2928 est,
1648 2859 1753 2916 unitate

84 2945 238 3021 spicuam,
256 2967 308 3009 nec
323 2959 410 3008 tamen
441 2953 561 3025 opinioni
583 2954 749 3029 ambiguum,
769 2955 817 3012 sed
844 2955 896 3011 lude
912 2928 935 3008 i}
949 2965 1108 3025 congruere,
1125 2962 1154 3008 ut
1165 2953 1302 3025 quomodo
1321 2953 1358 3009 ibi
1372 2961 1428 3008 tres
1448 2966 1571 3023 personae
1585 2966 1638 3006 una
1659 2965 1752 3006 essan-

105 3054 277 3112 persuaaom.
306 3040 507 3099 Sacramentum
543 3044 594 3100 hoc
636 3060 765 3119 magnum
794 3051 843 3112 εει,
875 3052 901 3098 ει

104 3128 213 3201 quidem
238 3131 432 3203 uenerandum,
461 3147 515 3189 non
542 3135 725 3189 scmtandum.
759 3132 902 3204 Quomodo

105 3215 243 3286 pluralitas
270 3218 295 3273 in
320 3219 434 3285 unitate,
455 3231 483 3278 et
516 3220 567 3278 hac
588 3221 698 3292 unitate,
726 3231 773 3279 ant
794 3220 853 3293 ipse
875 3221 902 3275 in

106 3304 280 3378 pluralitate?
311 3309 453 3365 Scrutitari
476 3311 527 3366 hoc
552 3311 690 3368 temeritas
711 3319 763 3380 est,
791 3311 902 3368 credere

105 3392 191 3466 pietas
202 3402 260 3464 est;
287 3408 368 3451 nosse
393 3395 459 3463 rita,
487 3406 513 3454 et
545 3397 602 3455 uita
629 3406 728 3457 aterna
755 3408 805 3455 est.
825 3398 901 3454 Unde

105 3479 128 3536 si
142 3493 236 3550 operae
253 3483 368 3553 pretium
382 3480 486 3542 censes.
503 3485 653 3560 alingeni,
670 3495 809 3558 percurrat
829 3501 903 3542 nunc

105 3569 284 3627 consideratio
297 3571 379 3628 multa
392 3573 463 3647 Una,
473 3590 527 3648 qno
543 3575 688 3633 eminentia
707 3577 788 3646 huius
802 3574 900 3650 singn-

107 3656 174 3715 laris
187 3657 270 3716 Unius
285 3658 563 3722 natantianatantia
576 3667 674 3735 unius,
690 3682 749 3739 quae
763 3664 902 3722 collectiva

106 3756 193 3819 potest
219 3747 284 3818 dici,
317 3751 391 3808 verbi
430 3767 527 3824 causa,
559 3754 634 3811 multi
671 3754 774 3827 lapides
802 3751 903 3809 iaciunt

105 3851 233 3894 aceruum
258 3853 352 3894 unum.
377 3840 423 3896 Est
452 3849 479 3899 et
509 3844 599 3900 unitas
629 3843 810 3911 constitutiva,
839 3857 902 3898 cnm

107 3926 189 3983 multa
225 3927 348 3984 membra
376 3945 457 3987 unum
482 3947 593 4004 corpus,
621 3925 784 3990 uel'multae
811 3939 901 4000 partes

958 3040 1002 3107 tiu,
1032 3041 1123 3099 itshic
1146 3041 1399 3099 convenientissima
1423 3038 1540 3112 quadam
1564 3037 1752 3095 contrarietate

956 3137 1011 3191 ιιεε
1026 3130 1149 3187 essentia
1160 3129 1213 3187 sint
1228 3146 1281 3185 una
1309 3144 1435 3200 persona.
1452 3128 1569 3184 lhdesne
1588 3126 1698 3199 pulchre
1711 3125 1752 3181 in·

957 3228 998 3275 ter
1013 3225 1156 3291 utramque
1165 3218 1296 3274 unitatem
1314 3219 1384 3274 hano
1403 3217 1530 3274 collocari
1543 3233 1550 3285 3
1571 3215 1599 3271 in
1613 3230 1645 3271 eo
1659 3214 1752 3286 utique

956 3308 1001 3380 qni
1020 3309 1181 3364 constitutus
1204 3314 1245 3363 est
1260 3305 1390 3361 mediator
1409 3305 1459 3361 Dei
1478 3305 1650 3376 hominisque
1671 3303 1753 3358 homo

956 3396 1080 3452 Christus
1103 3396 1202 3451 lesus?
1225 3394 1415 3465 Pulcherrima,
1443 3392 1564 3466 iuquam,
1589 3391 1752 3450 conuenien-

956 3485 1004 3552 tia,
1020 3492 1049 3541 ut
1064 3483 1180 3542 salutare
1199 3493 1396 3540 sacramentum
1410 3497 1529 3554 congrua
1543 3483 1660 3554 quadam
1676 3480 1753 3535 simi-

956 3573 1068 3630 litudine
1081 3574 1212 3629 ambobus
1226 3570 1403 3642 respondeat,
1419 3574 1446 3627 ει
1460 3570 1571 3629 salvanti
1586 3568 1713 3626 videlicet
1727 3579 1752 3624 el

956 3663 1067 3720 salvato.
1096 3664 1135 3719 lta
1152 3663 1211 3719 haec
1236 3662 1327 3720 unitas
1350 3662 1462 3716 duarum
1490 3659 1641 3716 consistens
1667 3657 1756 3715 media

956 3753 1100 3818 unitatum,
1124 3750 1202 3807 alteri
1228 3751 1415 3817 succumbere,
1438 3747 1513 3805 alteri
1530 3746 1613 3805 454
1629 3747 1756 3819 praeemi-

956 3857 1021 3898 nere
1043 3841 1229 3912 cognoscitur3
1255 3845 1385 3913 quantum
1401 3837 1539 3911 superiore
1557 3835 1678 3908 interior,
1695 3844 1755 3893 tan·

956 3930 1150 3987 tuminleriore
1168 3927 1303 4003 superior.
1352 3930 1355 3935 “

106 4017 379 4091 unumquodcumque
408 4023 495 4079 totum
513 4021 691 4079 constituunt.
720 4020 766 4077 Est
796 4027 823 4076 ει
840 4035 903 4074 con·
992 4022 1038 4078 hl.
1060 4020 1175 4075 Tantam
1201 4017 1326 4090 denique.
1355 4025 1465 4089 tamque
1479 4032 1634 4088 expressam
1650 4015 1759 4072 unionis

104 4104 344 4180 taquamquam
362 4110 528 4181 utduojam
548 4126 601 4167 non
621 4112 675 4166 duo
698 4110 760 4182 sint,
781 4109 828 4164 sed
850 4123 902 4161 una
959 4108 1013 4163 uim
1038 4108 1064 4162 in
1084 4125 1114 4164 se
1129 4106 1239 4180 praefert
1253 4122 1284 4162 ea
1299 4105 1461 4177 persona,in
1484 4122 1535 4178 qua
1551 4105 1626 4161 Deus
1635 4114 1661 4161 ει
1675 4105 1758 4161 homo

106 4195 223 4253 adrodit
242 4204 286 4251 est
314 4198 473 4271 natim,qua
498 4199 587 4256 anima
601 4208 627 4256 et
643 4213 707 4255 caro
731 4214 800 4254 nnus
813 4196 903 4252 nasci-
921 4174 944 4251 ii
961 4212 1031 4253 unus
1044 4204 1085 4253 est
1104 4197 1243 4261 Christus;
1261 4204 1291 4252 ut
1305 4194 1329 4250 si
1340 4197 1395 4251 duo
1411 4193 1456 4249 illa
1470 4195 1542 4250 dese
1562 4194 1678 4252 invicem
1695 4210 1760 4266 pre·

108 4292 151 4341 tur
165 4270 310 4342 hiemalia
324 4286 413 4344 unitas
430 4292 600 4360 potestativa,
625 4307 679 4363 qua
700 4290 781 4347 homo
795 4288 902 4345 virtutis

107 4387 163 4429 nnn
181 4368 325 4442 instabilis,
340 4388 396 4431 non
405 4376 553 4450 dissimilis,
568 4379 616 4435 sed
628 4394 697 4434 nnus
711 4378 819 4434 sibimet
837 4392 907 4432 sem-

109 4476 159 4534 per
172 4461 268 4518 nititur
282 4461 406 4519 int-eniri.
421 4464 467 4520 Est
481 4474 670 4536 consentanea,
699 4483 758 4524 cum
779 4482 825 4538 per
838 4468 904 4521 cha-

108 4552 215 4610 ritatem
224 4556 228 4564 '
238 4551 383 4609 multorum
405 4554 542 4611 hominum
554 4565 595 4612 est
609 4571 657 4612 cor
670 4571 764 4621 unum,
781 4565 806 4611 et
818 4554 906 4611 anima

109 4654 174 4696 una.
188 4640 237 4696 list
249 4649 277 4698 ει
289 4641 461 4715 nonnarum
489 4643 579 4701 anima
594 4644 662 4700 votis
676 4643 802 4700 omnihus
815 4642 907 4698 udhae·

112 4742 175 4787 rens
188 4728 256 4795 Deo,
273 4745 343 4787 nnus
358 4729 469 4803 spiritus
487 4739 538 4788 est.
555 4732 588 4789 Et
602 4742 643 4789 εει
661 4730 797 4804 dignativa
817 4729 907 4786 unitas

1 4815 3 4820 ’
110 4832 164 4889 qua
173 4816 254 4874 limas
268 4829 386 4876 austera
400 4819 450 4876 Dei
464 4821 550 4878 Verbo
563 4821 591 4877 in
606 4836 687 4877 unam
701 4830 856 4894 assumptus
867 4826 908 4875 est

63 4908 67 4913 ”
111 4920 265 4978 porsonam.

150 4997 193 5050 te.
217 4996 317 5054 Verum
345 5002 403 5056 haec
420 5000 511 5056 omnia
533 5001 597 5074 quid
622 5001 655 5057 sd
685 5001 749 5056 illud
773 5014 909 5055 summurn

113 5091 208 5156 atque.
232 5094 262 5142 ut
283 5087 446 5159 itudiram,
471 5090 548 5149 unice
569 5092 670 5156 Unum,
700 5090 745 5145 nbi
780 5089 909 5144 unitatem

113 5174 375 5235 consubstantialitas
389 5177 469 5236 taciti
497 5179 564 5238 Huic
588 5179 638 5236 lini
663 5179 777 5252 quodvis
792 5177 908 5244 illorum,

115 5261 137 5315 si
151 5263 297 5331 assimiles,
312 5266 482 5341 eritquoquo
498 5270 578 5326 modo
593 5285 676 5325 unum
692 5285 700 5324 ε
714 5269 738 5323 si
757 5279 910 5337 compares,

117 5346 302 5425 nullo.·lgitnr
314 5355 489 5413 interamnis
503 5372 565 5432 qnae
584 5367 656 5415 recte
672 5372 755 5413 unum
772 5353 909 5417 mantuus,

117 5452 206 5495 arcent
220 5446 296 5500 tanet
320 5445 418 5504 Unitas'
440 5446 588 5519 Trinitatis,
622 5464 676 5522 qua
699 5456 753 5504 tres
788 5442 913 5520 persone

961 4285 1045 4353 dions,
1072 4300 1126 4341 non
1145 4284 1287 4351 erraveris,
1314 4285 1398 4340 [lenm
1422 4283 1544 4340 videlicet
1562 4283 1710 4357 hominem,
1732 4293 1762 4341 et

962 4374 1099 4430 hominem
1118 4375 1206 4431 Deum
1218 4389 1281 4430 uere
1295 4371 1480 4444 catholiceque
1493 4372 1682 4445 pronuntians.
1697 4374 1761 4432 Non

960 4474 1049 4519 autem
1067 4462 1192 4518 similiter
1213 4463 1255 4520 vel
1282 4477 1390 4519 carnem
1407 4461 1441 4517 de
1459 4463 1561 4528 anima,
1590 4463 1630 4520 vel
1643 4463 1762 4520 animam

960 4552 1094 4616 decarne,
1112 4551 1163 4607 nisi
1190 4551 1396 4624 absurdissime,
1417 4551 1555 4622 praedicas.
1567 4555 1617 4609 etsi
1637 4552 1763 4608 similiter

961 4640 1050 4697 anima
1070 4647 1097 4697 ει
1118 4656 1182 4696 caro
1199 4656 1269 4696 unus
1283 4640 1319 4696 sit
1345 4640 1437 4700 homo.
1453 4642 1512 4700 Nec
1527 4642 1635 4708 mirum,
1666 4640 1689 4695 si
1705 4656 1762 4697 non

961 4745 1037 4803 mque
1056 4728 1126 4801 potis
1145 4729 1236 4786 anima
1251 4729 1286 4786 sit
1307 4730 1411 4785 suailla
1425 4731 1507 4799 uitali,
1529 4731 1578 4788 etsi
1592 4746 1645 4786 non
1663 4746 1762 4800 pamm

961 4819 1058 4891 talida,
1077 4819 1228 4876 intentione
1255 4826 1520 4892 conuenarumque
1540 4820 1597 4877 suis
1621 4818 1764 4876 aflectibus

963 4909 1117 4981 astringere
1131 4910 1184 4964 sibi
1209 4924 1327 4974 curnem,
1355 4917 1385 4964 ul
1408 4909 1458 4966 sibi
1484 4911 1609 4966 divinitas
1627 4910 1764 4966 hominem

963 4997 1048 5070 illum,
1073 4998 1119 5071 qui
1147 4998 1416 5070 praedestinasset
1443 4999 1514 5056 lilius
1537 4999 1584 5056 Dei
1606 5000 1634 5054 in
1653 5000 1764 5057 virtute.

965 5087 1057 5158 Longa
1089 5095 1185 5144 catena
1212 5097 1240 5144 ει
1273 5086 1354 5161 forts
1380 5089 1412 5143 ad
1446 5088 1644 5160 stringendum,
1675 5087 1767 5145 diuina

965 5175 1165 5244 predestinatio
1188 5195 1193 5234 z
1219 5177 1252 5232 ab
1282 5187 1384 5235 aelerrto
1416 5186 1458 5235 est
1484 5177 1567 5235 enim.
1605 5176 1677 5246 Quid
1704 5176 1767 5233 lon-

965 5264 1025 5335 gius
1046 5266 1217 5322 aeternitate?
1242 5264 1314 5335 Quid
1337 5268 1478 5324 divinitate
1506 5268 1670 5338 potentius?
1696 5265 1766 5322 inde

965 5361 1006 5409 ast
1021 5355 1092 5428 qnod
1106 5365 1253 5412 necmorte
1267 5356 1401 5414 incidente
1412 5358 1548 5414 ullatenus
1569 5356 1694 5413 intercidi
1705 5357 1767 5412 hoc

967 5441 1053 5500 nnius
1069 5444 1164 5514 potuit,
1181 5444 1232 5501 etsi
1256 5460 1337 5503 earne
1351 5455 1378 5504 et
1396 5445 1487 5502 anima
1502 5447 1537 5503 ab
1552 5445 1669 5504 inuicem
1684 5459 1767 5520 sepa·

153 5561 212 5635 (lbi
231 5564 357 5626 nonnus
371 5568 448 5628 addit
464 5575 588 5630 naturae.
608 5570 662 5630 Sed
677 5572 755 5628 deest
773 5568 801 5627 in
813 5567 876 5625 aliis
893 5565 974 5627 editis
987 5579 1015 5626 et
1030 5567 1228 5640 mmmoriptts.
