3728 5940
180 223 233 280 dll
654 212 682 273 S.
702 208 871 271 tutilant
891 207 1027 270 iustus
1044 207 1359 269 amun-vittatus
1777 219 1833 278 812

179 358 297 416 vertens,
313 349 401 403 Deum
415 340 506 414 potius
528 339 725 411 Prophetarum
748 337 888 395 confessus
910 342 969 394 est:
987 352 1010 430 g
1028 335 1071 391 cni
1085 335 1120 391 de
1135 344 1207 391 tauta
1221 336 1329 392 raritate
1344 336 1415 392 iuter
1427 337 1567 406 mortales,
1583 355 1638 396 nou
1665 358 1762 415 unum,
1780 346 1832 402 sed

184 442 221 497 Tu
231 455 270 504 05,
281 435 414 506 inquiens,
427 432 554 489 Christos
565 431 656 486 Filius
666 431 714 487 nei·
726 430 836 496 (llitttli.
848 426 972 499 avuto.)
1029 425 1107 489 duos,
1120 425 1245 496 ipsosque
1261 427 1373 482 idoneos
1384 426 1450 481 satis
1464 427 1584 495 indulsit,
1602 431 1739 502 providos,
1750 435 1833 491 benc·
1846 450 1851 457 ·

179 529 226 584 γε
237 534 329 581 nostro
340 523 435 595 generi
450 522 484 577 ab
494 518 699 592 imperfectione
712 519 778 577 sitsi
794 517 847 575 Vix
859 517 888 574 in
901 519 973 572 mul·
1026 512 1125 571 solos:
1145 522 1183 585 et,
1198 523 1229 569 ut
1242 513 1320 570 facile
1335 514 1433 582 adsint,
1450 518 1705 589 comprovinciales;
1718 530 1748 576 ut
1764 540 1833 596 gra·

178 614 289 671 titudine
302 610 443 667 homiuum
458 626 540 666 uuum
562 606 679 680 reperias
704 607 731 663 iu
751 614 866 680 utraque
886 604 973 679 gratia
1029 598 1072 671 tis,
1088 598 1225 657 debitores
1238 602 1299 673 iure
1315 601 1500 671 subjectionis.
1517 607 1617 662 llorum
1629 611 1832 682 acquiescendo

175 701 403 768 benevolenmm,
420 699 463 758 vel
485 697 558 754 fidel,
580 699 670 754 ,nem
692 695 851 770 „pientiam
871 695 973 766 (ioppe.
1028 687 1159 756 consiliis,
1178 705 1230 744 nec
1243 705 1365 763 praeceps
1384 692 1457 748 eritis
1470 693 1497 748 iu
1521 699 1663 764 sententia,
1679 714 1729 755 nco
1744 703 1833 759 vehe-

176 793 290 849 uenitas.
310 790 374 848 Sine
393 802 508 853 numero
530 794 620 844 sutem
642 793 716 853 suut,
739 800 810 859 quos
833 783 984 856 utriusque.
1029 793 1105 835 mens
1118 777 1147 835 iu
1160 777 1298 848 vindicta3
1315 794 1370 837 uon
1385 780 1412 836 iu
1425 782 1594 860 corrigendis
1608 788 1756 859 remissior,
1776 809 1832 850 nou

175 881 297 939 muueris
316 885 441 952 expertes
458 890 518 933 esse
531 874 691 932 constiterit.
1026 865 1145 921 sanemur
1156 863 1829 954 iuparceudis,uoupusillauimisinexpectandis3

211 975 239 1028 b.
264 971 413 1026 Prudenter
429 966 512 1039 igitur
537 963 677 1036 cogitastis
700 960 867 1019 sacerdotale
891 977 972 1033 onus,
1027 969 1077 1012 uec
1092 954 1247 1025 superlluus
1263 956 1290 1011 in
1301 956 1384 1028 victu,
1397 973 1447 1014 uec
1461 961 1587 1017 notabilis
1601 963 1628 1017 iu
1643 966 1742 1023 vestitu
1755 989 1762 1035 ;
1775 986 1830 1027 non

175 1061 333 1135 episcopale
359 1073 437 1128 opus,
452 1070 599 1126 ,mamque
623 1052 784 1124 pasionum
813 1049 896 1124 digne
919 1066 973 1106 uon
1027 1042 1096 1098 citus
1109 1044 1142 1098 ad
1157 1045 1383 1114 promittendum,
1405 1062 1460 1102 nou
1484 1049 1517 1104 ad
1538 1050 1706 1108 reddendum
1722 1059 1828 1129 tardus,

175 1167 258 1224 posse
272 1147 453 1205 administrari
468 1145 526 1201 siue
540 1141 665 1202 consilio.
681 1142 750 1197 lliuc
763 1140 825 1213 ipss
839 1143 972 1197 castorum
1028 1146 1078 1187 neo
1092 1132 1225 1205 prodigus
1239 1133 1330 1193 dator.
1345 1135 1458 1192 istorum
1479 1138 1623 1197 consilium
1645 1143 1726 1218 louge
1753 1162 1830 1204 sein-

175 1240 351 1298 cousilioruui
364 1243 449 1292 mater
464 1234 601 1305 Sapientia
614 1232 647 1286 de
662 1247 692 1286 se
706 1230 764 1302 ipsa
779 1230 906 1302 loquens:
920 1231 973 1300 liqo
1028 1235 1075 1290 per
1088 1217 1168 1275 ficiet
1182 1237 1197 1276 ὃ
1211 1221 1289 1279 l0bl⁸
1303 1221 1405 1280 malum
1421 1227 1536 1298 lemll⁰ri
1550 1236 1638 1297 Velub
1655 1234 1703 1288 ⁸04¹
1718 1238 1828 1307 cupidi·

176 1331 329 1404 sapient„
346 1326 440 1394 inquit,
457 1323 553 1380 iiiito
567 1324 596 1378 iu
609 1321 736 1378 counitio.
753 1317 808 1374 Sed
822 1317 894 1390 quali
908 1334 973 1374 con.
1030 1308 1075 1363 tuti
1096 1324 1206 1380 nusum,
1231 1309 1389 1381 simoniam,
1408 1322 1435 1369 et
1456 1323 1568 1371 matrem
1593 1319 1655 1388 ejus
1676 1324 1827 1390 avaritiam,

175 1414 395 1486 silicinunquid
411 1411 662 1484 inquilieumquei
679 1407 848 1475 disceditis,
862 1406 908 1473 ait,
923 1408 973 1462 iu.
1029 1413 1090 1470 quae
1123 1406 1164 1454 est
1193 1397 1327 1456 idolorum
1352 1401 1481 1460 servitus.
1507 1405 1543 1461 Ει
1571 1414 1600 1461 ut
1622 1408 1700 1464 breti
1734 1413 1827 1469 omnia

177 1514 293 1568 ternam
308 1500 525 1575 cogitationibus
540 1499 777 1572 (Picentinis).
792 1495 846 1551 Sed
861 1503 888 1551 et
900 1493 974 1569 quod
1028 1501 1156 1543 sermone
1176 1488 1345 1556 concludam,
1366 1490 1389 1547 si
1410 1493 1453 1550 liis
1468 1493 1627 1567 credideris,
1646 1498 1675 1552 iu
1687 1501 1826 1568 omuibus,

175 1598 257 1655 iulide
265 1591 378 1653 consilia
386 1589 549 1648 declinanda
558 1588 620 1653 sint,
630 1602 676 1660 per
687 1601 719 1644 os
727 1583 880 1641 Salomonis
888 1585 976 1641 taliter
1027 1578 1826 1650 exemploupostoli,honorificabittsministeriumrestrum

175 1696 287 1743 monet:
305 1684 426 1742 duosam
442 1682 525 1735 tecm
541 1680 635 1733 tracto
649 1690 714 1731 cem
728 1676 819 1732 amico
831 1677 973 1737 leuasse.
991 1710 1013 1788 Β
1028 1667 1118 1738 (Rosa.
1134 1667 1249 1738 x1,l3):
1266 1667 1456 1738 ministerium,
1468 1671 1649 1741 iuquam,nori
1662 1678 1826 1736 dominium.

173 1779 286 1834 cretum
302 1774 441 1831 extraneo
450 1785 487 1826 rie
500 1767 601 1824 reveles
612 1765 705 1837 (Pron.
721 1779 792 1833 xiia,
805 1765 844 1834 9).
860 1763 975 1820 Pulchre
1029 1756 1122 1828 Ipsum
1135 1755 1226 1827 itaque
1240 1756 1464 1830 honorificabitis3
1476 1778 1531 1819 nou
1541 1778 1589 1821 ros
1600 1781 1608 1823 :
1620 1780 1680 1821 naui
1693 1768 1738 1839 qui
1751 1786 1828 1840 quic·

177 1877 286 1936 quoqm
309 1874 357 1930 pei
374 1858 457 1915 atium
479 1853 623 1927 quemdam
647 1851 812 1923 Sapientem,
831 1865 894 1905 eum
916 1850 976 1907 siue
1028 1845 1064 1902 rit
1075 1861 1136 1918 quae
1150 1861 1200 1902 sua
1210 1855 1323 1916 sunt,se
1336 1848 1409 1920 cupit
1423 1851 1626 1919 honorarium
1635 1854 1824 1916 ministerium.

179 1948 280 2011 unsilia
296 1948 334 2003 nil
351 1945 486 2020 agendum
502 1942 635 2010 consulat,
651 1939 769 1999 uirorum
793 1948 884 1997 tamen
905 1954 974 1996 con·
1292 1952 1379 2013 403
1397 1957 1510 2016 cgpgq
1530 1961 1562 2017 ῃ,

174 2041 203 2097 lii
239 2039 351 2137 inlusus
381 2032 557 2107 Ριΰθίῑὸῑθῑῃ»
578 2030 615 2086 ³²³
639 2029 779 2130 ¹⁰qlli²¹¹f²
808 2029 892 2085 Mum
914 2030 974 2085 εἰπέ
1029 2060 1162 2116 lloriorem
1182 2062 1210 2115 ct
1225 2058 1465 2134 decusdiqnitotis
1480 2067 1678 2127 ecclesiasticae
1692 2086 1824 2128 macon-

176 2127 228 2184 stit
249 2141 346 2192 omres,
370 2139 445 2180 unos
476 2123 573 2179 etitem
597 2118 637 2175 stt
652 2120 704 2176 titi
735 2117 918 2176 nomiliarius
940 2117 975 2176 de
1063 2131 1164 2187 sistere
1186 2131 1217 2185 ιἰι
1239 2136 1358 2194 externo
1378 2135 1535 2210 splendore,
1550 2141 1596 2197 sed
1616 2144 1648 2199 ιἰι
1667 2158 1778 2200 morum
1797 2145 1825 2200 ei

176 2217 258 2274 mille
280 2213 379 2288 (Penii.
396 2227 436 2278 vr,
451 2211 490 2280 6).
515 2211 600 2274 Unus,
612 2208 707 2280 inquit
726 2205 759 2264 de
782 2206 872 2264 mille.
890 2206 975 2262 Beni·
1063 2203 1205 2258 virtutum
1218 2201 1326 2261 decore.

179 2320 261 2380 guam
277 2319 344 2377 ergo
358 2316 413 2358 riou
426 2297 607 2357 dubitaverim
621 2296 698 2353 robis
712 2311 773 2353 esse
794 2295 973 2360 diuinitatem,
1064 2292 1090 2346 i.
1106 2290 1325 2350 lionoriticabitis
1343 2301 1504 2354 autemnon
1526 2299 1599 2354 cultu
1619 2301 1735 2359 imaum
1753 2303 1823 2375 itt),

214 2466 273 2536 (80)
288 2465 327 2518 lta
341 2459 437 2518 concil
454 2455 611 2529 Carthsgiu.
630 2470 670 2526 iv,
685 2453 731 2512 cui
747 2455 776 2510 S.
802 2452 973 2528 Augustinus
1026 2467 1086 2524 cap.
1104 2454 1148 2518 29,
1171 2450 1218 2507 ubi
1239 2450 1431 2510 testimonias.
1455 2452 1590 2514 incuset
1608 2458 1720 2517 xaverii
1743 2462 1826 2529 docet

176 2536 307 2606 interluit,
318 2550 378 2590 rau.
394 2534 441 2588 t5:
458 2531 619 2604 Episcopus,
628 2527 723 2599 iuquit,
742 2525 828 2583 uilem
837 2525 974 2599 supellec·
1026 2525 1288 2603 quomodoparetur
1300 2530 1327 2578 et
1340 2532 1511 2582 conservetur
1520 2534 1677 2598 auctoritas,
1687 2541 1714 2588 at
1727 2549 1778 2590 cur
1791 2551 1823 2592 es

179 2610 269 2675 tilem,
285 2619 413 2662 mensam
430 2617 463 2656 cc
473 2603 582 2655 vicium
597 2616 653 2671 pou
674 2614 750 2654 erem
765 2597 874 2663 babeat,
891 2598 974 2653 eldi-
1026 2595 1055 2649 in
1063 2595 1186 2721 ¹quisalius
1201 2594 1280 2650 bodic
1294 2594 1364 2651 adeo
1377 2595 1509 2653 enituerit.

176 2678 299 2752 peitatis
319 2690 379 2730 sure
412 2673 614 2728 nicotoritetem
644 2616 699 2740 χιιι
721 2684 754 2724 ae
773 2671 840 2724 vite
861 2670 973 2725 meritis
1087 2667 1481 2733 iomuesunarooedooent,
1496 2668 1578 2741 idque
1594 2672 1761 2744 gravissimis
1775 2691 1823 2730 ra-

177 2752 299 2823 qaoerat.
315 2745 381 2812 Quae
396 2747 481 2798 verba
498 2740 642 2799 concilium
664 2739 851 2795 Tridentiuum
866 2741 973 2811 repetit,
1027 2736 1144 2794 tionibus
1171 2742 1200 2794 et
1222 2739 1359 2809 exemplis
1381 2740 1553 2808 muuncunt,
1582 2744 1653 2800 seris
1673 2745 1822 2818 solidisque

178 2831 206 2876 et
225 2833 303 2874 uotae
318 2814 486 2871 auctoritatis
507 2812 625 2893 pondere
646 2813 816 2876 corroborat,
837 2811 973 2868 bortatur·
1027 2809 1167 2866 virtutibus
1180 2811 1281 2881 potius,
1296 2825 1376 2882 quam
1391 2818 1503 2869 externo
1524 2815 1666 2897 splendore
1687 2817 1820 2873 honoiem

178 2907 231 2964 que
246 2889 441 2963 episcopani
456 2884 482 2940 iu
507 2883 600 2955 primis
614 2896 704 2937 mores
717 2897 782 2937 suos
807 2881 845 2937 ito
863 2897 974 2952 compo·
1027 2887 1054 2936 et
1071 2880 1246 2937 reuerentiam
1269 2880 1389 2962 acquiri:
1405 2881 1484 2938 ulmis
1499 2884 1604 2940 inbrma
1628 2903 1688 2943 esse
1711 2889 1822 2946 honoris

80 2998 84 3005 -
177 2965 252 3030 nant,
267 2970 323 3016 utr
350 2958 405 3029 'qui
424 2954 506 3011 abiis
531 2953 703 3036 frugalitatis,
719 2953 869 3020 modestiae,
885 2953 973 3009 couti·
1027 2951 1122 3018 lulcra,
1139 2952 1238 3036 quibus
1254 2955 1376 3023 plerique
1396 2955 1531 3010 nituntur:
1557 2957 1646 3027 potius
1663 2957 1709 3013 illa
1727 2971 1821 3016 aucto-

175 3033 283 3099 mffl,
295 3039 432 3088 eteanctae
446 3024 604 3082 humititatis
616 3024 740 3092 exempla
751 3031 843 3097 petere
857 3024 972 3097 possint.
989 3027 1011 3106 c
1027 3023 1099 3079 ritati
1114 3023 1234 3105 allicere,
1251 3031 1277 3078 et
1291 3023 1398 3079 taudem
1412 3027 1440 3080 in
1453 3034 1638 3099 contemptum
1653 3045 1774 3102 vergere.
1790 3034 1823 3088 Et

173 3106 209 3163 Et
230 3111 292 3178 post
313 3104 428 3157 adducta
453 3098 535 3154 verba
557 3097 666 3154 aoncilii
692 3097 820 3169 Cartbag.
844 3097 909 3164 vult,
939 3102 973 3153 ui
1026 3096 1078 3151 lioc
1091 3095 1207 3150 maxime
1225 3109 1253 3148 iu
1268 3096 1377 3166 praelato
1393 3095 1575 3154 ecclesiastico
1592 3100 1680 3155 locuni
1699 3103 1817 3159 babere:

173 3179 262 3238 ,giam
276 3178 307 3232 gn
324 3174 431 3245 reliquo
444 3171 512 3226 uitoe
526 3184 635 3242 gessere,
646 3184 679 3224 oe
697 3172 757 3225 toto
771 3184 822 3226 suo
837 3168 915 3225 ἀοιιιο
925 3185 973 3224 co·
1027 3177 1179 3223 unctorum
1197 3167 1342 3222 Praesulum
1353 3167 1485 3239 exemplis
1502 3170 1580 3225 lacile
1594 3172 1621 3226 iu
1636 3175 1818 3243 comprobari.

172 3252 269 3315 ocant,
286 3261 323 3301 sse
337 3244 559 3316 quidnppareot,
574 3240 644 3314 qood
659 3257 677 3296 o
690 3245 790 3296 sancto
812 3239 861 3296 ltoc
882 3241 972 3296 insti·
1026 3237 1130 3309 Quanta
1143 3236 1266 3304 enim,ut
1287 3238 1354 3292 alios
1373 3238 1491 3295 intinitos
1515 3251 1685 3311 preteream,
1710 3253 1818 3300 sancto·

174 3324 238 3376 mg„
253 3321 292 3374 gie
305 3315 445 3380 alienum,
460 3311 586 3384 qnodque
607 3312 906 3384 nonsimpticttctem,
922 3312 973 3368 Dei
1027 3325 1085 3363 ium
1109 3307 1208 3377 Basilii,
1228 3307 1343 3388 Martini,
1368 3309 1527 3381 Augustini,
1551 3315 1739 3386 Cliryscstomi
1768 3315 1819 3373 luit

174 3392 279 3457 utum,
296 3403 329 3443 oc
346 3388 509 3443 vanitatum
532 3385 724 3456 contemptum
747 3398 808 3455 proe
829 3397 859 3438 se
883 3385 971 3454 snat,
1025 3379 1178 3443 auctoritas,
1191 3394 1251 3450 quae
1263 3377 1379 3449 dignitas
1394 3388 1421 3435 et
1435 3381 1546 3454 gloria?
1560 3385 1594 3438 ad
1609 3385 1707 3458 quibus
1717 3385 1761 3441 illa
1775 3403 1819 3442 re·

175 3476 244 3519 sess·
260 3462 305 3524 25,
319 3472 381 3529 βψ.
397 3459 423 3524 1,
437 3456 602 3524 mmm,
1025 3450 1076 3505 bus
1089 3449 1230 3506 coustitlti
1244 3449 1322 3506 Certe
1339 3449 1421 3506 siilta
1434 3453 1539 3509 tuendis
1552 3457 1719 3513 auctoritatis
1733 3458 1819 3514 admi·

212 3533 342 3588 Perverse
357 3529 502 3584 multorum
521 3523 627 3580 animos
648 3523 794 3596 occuparit
806 3523 909 3651 opiniod
920 3540 970 3581 ex·
1025 3521 1114 3579 uicula
1126 3521 1298 3593 quesissent,
1313 3537 1374 3595 quae
1389 3525 1448 3580 sola
1460 3540 1533 3581 nunc
1547 3527 1639 3584 multis
1658 3544 1731 3585 curie
1744 3537 1816 3595 suut,

175 3611 280 3660 tornum
309 3601 383 3656 illum
413 3596 597 3671 splendorum,
613 3595 721 3661 fastum,
749 3603 777 3653 et
799 3596 890 3668 magui
911 3613 971 3652 cum
1021 3594 1195 3664 jamdudum
1210 3595 1586 3665 periissetmemoriaeorum
1601 3600 1819 3668 cumsonitu,et

174 3681 343 3748 apparatum,
361 3667 519 3742 proceribus
532 3682 640 3741 quoque
654 3666 847 3723 ecclesiasticis
865 3682 971 3738 compe
1025 3665 1134 3720 uomina
1147 3681 1241 3721 eorum
1254 3665 1371 3720 tenebris
1386 3667 1558 3724 ctoblisioue
1573 3679 1700 3754 perpetua
1715 3673 1820 3744 sepulta

174 3755 242 3817 tere,
259 3745 314 3801 imo
329 3742 512 3799 necessarium
525 3755 596 3808 esse,
611 3750 641 3795 ut
654 3745 739 3795 status
752 3739 794 3794 sui
811 3739 971 3810 dignitatem
1025 3739 1148 3803 laterent,
1158 3736 1204 3808 qui
1219 3751 1291 3793 uuae
1305 3736 1474 3793 honorificati
1484 3748 1545 3794 snut
1558 3757 1637 3796 nimis
1653 3757 1817 3806 peromnem

173 3820 246 3875 tueri
261 3815 375 3900 possint.
389 3811 442 3869 Sed
459 3813 527 3868 haue
541 3808 744 3882 persuasionem
763 3825 898 3867 canonum
920 3827 971 3867 ac·
1025 3808 1185 3877 Ecclesiam,
1198 3815 1334 3878 eruntque
1347 3824 1457 3882 semper
1476 3809 1504 3866 iri
1526 3813 1734 3874 benedictione:
1755 3816 1817 3887 quii

175 3890 359 3947 Consiliorum
373 3884 527 3949 auctoritas,
544 3881 681 3938 unanimis
704 3883 813 3938 Petrum
836 3881 968 3949 doctrina,
1025 3879 1152 3934 nimirum
1185 3880 1236 3959 ipsi
1257 3879 1469 3937 honorificarunt
1493 3881 1669 3940 ministerium
1689 3902 1770 3944 suum
1790 3885 1817 3941 iu

174 3965 329 4018 sanctorum
345 3952 492 4013 Prsesulurri
506 3951 642 4024 exempla,
658 3962 685 4008 et
699 3953 766 4009 ratio
780 3952 840 4026 ipss
858 3956 992 4021 courel,
1024 3951 1118 4006 dicbus
1130 3965 1218 4006 carius
1235 3965 1302 4018 suae,
1318 3966 1373 4006 uon
1394 3964 1508 4024 argento
1527 3957 1568 4009 set
1591 3970 1667 4022 auro,
1683 3973 1738 4014 nou
1753 3973 1817 4023 pre-

174 4030 401 4090 luut.0stendere
415 4027 444 4083 id
459 4026 533 4081 t'acile
555 4033 626 4081 esset
645 4039 692 4105 per
710 4024 825 4099 singula,
847 4024 869 4080 sl
889 4022 971 4081 terret
1023 4021 1101 4077 ticsis
1115 4023 1245 4087 vestibus,
1267 4021 1400 4094 bonisque
1414 4023 1494 4092 liujus
1520 4026 1633 4096 saeauli3
1653 4029 1701 4084 sed
1724 4029 1816 4085 talium

174 4103 315 4177 presentis
331 4097 449 4156 instituti
463 4096 542 4153 mdo.
551 4095 609 4151 Fiet
622 4095 688 4151 alias
701 4099 812 4166 prolixe,
828 4111 890 4152 cum
904 4097 970 4152 ede-
1024 4107 1113 4148 rerum
1125 4098 1291 4163 contemptu,
1307 4095 1400 4150 sedula
1415 4095 1500 4150 elicii
1515 4110 1545 4154 ac
1569 4098 1718 4156 teudonis
1740 4115 1815 4167 cura,

174 4186 217 4233 tur
230 4177 258 4231 in
272 4176 359 4230 lucem
374 4173 456 4229 Zetus
469 4169 568 4226 domm
590 4168 649 4234 Dei,
672 4166 739 4224 liber
761 4167 813 4225 hoc
835 4166 914 4223 titulo
935 4169 970 4224 de
1023 4166 1150 4236 serioque
1173 4167 1340 4231 numilitatis,
1358 4166 1507 4232 modestiae,
1529 4168 1667 4226 eharitatis
1700 4179 1815 4227 cetera·

174 4245 360 4303 ecclesiastice
373 4242 436 4299 vitai
458 4239 527 4296 disci
547 4240 601 4296 lina
622 4242 679 4309 jam
702 4237 827 4294 allectus.
857 4238 968 4295 Interim
1024 4235 1518 4309 ianqueviitntunitnaic.sedioee
1531 4239 1641 4297 uberius
1654 4213 1819 4314 elegantias·

173 4318 223 4373 liis
245 4322 370 4373 auctores
383 4314 454 4386 lege,
470 4257 634 4367 bestialem.
647 4310 688 4365 De
707 4308 845 4390 llartprib.
861 4326 894 4366 ex
907 4311 966 4365 ord.
984 4337 1007 4416 υ
1022 4323 1076 4380 que
1091 4316 1214 4390 ,tractata
1237 4307 1321 4390 leges
1333 4307 1406 4379 apud
1430 4309 1528 4366 citatos
1550 4321 1683 4383 suctores,
1697 4328 1817 4387 quorum

173 4387 412 4445 Dominlcanorum
425 4381 587 4455 archiepisc.
603 4381 793 4438 Bracarensem
810 4380 858 4436 tib.
877 4380 969 4438 utilis·
1023 4378 1112 4435 serbis
1125 4394 1153 4434 ui
1166 4379 1322 4460 huiusmodi
1332 4382 1443 4436 materia
1456 4379 1688 4453 libenterutimnr,
1703 4392 1735 4442 ut
1748 4387 1818 4443 reri·

174 4461 254 4528 simo,
310 4459 329 4525 i,
349 4456 489 4516 Stimulos
500 4459 651 4527 posterum
667 4452 833 4521 inscribitur,
849 4455 967 4523 partes,
1023 4460 1074 4522 tas,
1089 4450 1173 4505 tantis
1186 4464 1249 4506 uisa
1262 4450 1429 4521 auctoribus,
1444 4453 1505 4526 plus
1519 4452 1616 4510 babeat
1633 4456 1775 4530 ponderis,
1791 4465 1818 4515 et

173 4547 232 4606 cap.
245 4474 386 4588 offitium
399 4529 556 4599 adjunctum
565 4527 649 4582 liabeo
659 4532 799 4581 tractatum
809 4523 967 4596 elegantias.
1022 4521 1112 4576 minus
1126 4523 1220 4601 timeat
1231 4521 1369 4580 insidiam.
1790 4571 1793 4576 .

172 4605 214 4662 Ite
229 4603 326 4662 morib.
341 4602 446 4674 pietat.
461 4600 491 4656 P.
506 4594 611 4654 Ludos.
627 4595 737 4654 Grauis.
752 4610 787 4652 ex
800 4595 967 4652 eodemord.
1056 4591 1110 4649 Sed
1132 4609 1198 4676 quia
1215 4592 1397 4652 diversitatem
1422 4606 1575 4669 temporum
1600 4595 1749 4653 obtendere
1764 4613 1815 4656 so·

172 4675 373 4735 concionatoris
401 4669 581 4736 celeberrimi,
595 4668 652 4748 ,ubi
677 4667 749 4723 idem
776 4676 968 4742 argumentum
1022 4661 1457 4746 leot,quiiuim011'accutcs,et
1479 4665 1601 4743 teuguidi
1622 4667 1694 4724 eirca
1723 4669 1815 4727 subli-

170 4750 251 4805 docte
268 4747 451 4818 neclegenter
474 4746 649 4812 prosequitur
665 4753 726 4810 cap.
748 4749 790 4794 xi.
821 4740 968 4795 Antonium
1022 4750 1114 4791 usiosis
1127 4748 1189 4791 sitae
1204 4735 1302 4801 studia,
1318 4736 1463 4793 virtutibus
1485 4739 1614 4795 bonorem
1636 4747 1664 4794 et
1690 4742 1815 4800 auotori-

171 4821 300 4878 lloliasrn
315 4818 343 4873 iii
362 4820 486 4872 instruct.
502 4810 617 4879 sacerd,
632 4816 710 4866 tract.
734 4811 761 4876 2,
780 4824 839 4882 cap.
856 4814 900 4878 ta,
921 4810 968 4884 qui
1021 4813 1142 4889 taeniis
1156 4808 1285 4889 consequi
1304 4808 1417 4866 actuari
1436 4816 1676 4885 possedesperaut,
1691 4809 1814 4887 adeoque

171 4891 240 4949 liber
254 4890 356 4950 utinam
378 4889 498 4943 omnium
513 4880 753 4940 ecclesiasticorum
776 4881 900 4939 menibus
926 4891 965 4937 ti·-
1020 4879 1161 4934 adintlrna
1175 4879 1269 4936 istliaec
1283 4880 1428 4937 etiutirma
1450 4880 1577 4953 presidis
1595 4883 1733 4950 conuersi,
1763 4884 1814 4941 elis

171 4966 258 5019 iuuit
275 4960 428 5017 bindanuui
443 4955 528 5027 episc.
541 4953 710 5011 Ruremund.
721 4955 812 5010 Tract.
824 4955 857 5010 ad
873 4969 967 5011 omues
1020 4958 1153 5023 tempora,
1169 4953 1237 5007 otios
1261 4966 1350 5009 mores
1370 4951 1506 5024 requirere
1518 4952 1642 5011 dictitent
1659 4953 1726 5010 :liis
1751 4955 1814 5012 libet

170 5036 318 5092 ecclesiast.
344 5033 382 5087 lle
396 5027 525 5112 fugienda
547 5027 680 5098 imposuit.
702 5024 750 5081 lib.
766 5040 797 5092 ri,
814 5041 876 5108 pag.
903 5029 963 5082 tte.
1003 5021 1219 5079 saucummium
1247 5033 1346 5080 nostrai
1368 5022 1454 5080 etatis
1477 5025 1621 5081 Priasulem
1648 5040 1815 5098 proponere,

171 5105 313 5163 ilenricum
341 5102 482 5159 Guioluum
505 5097 596 5155 itidem
625 5095 791 5153 liuremund.
808 5112 964 5170 episcopum
1018 5108 1096 5164 auius
1109 5110 1163 5165 quo
1179 5094 1264 5151 rarior
1277 5093 1341 5151 situ
1357 5094 1496 5167 modestia,
1511 5096 1650 5168 maiorque
1664 5095 1813 5174 frugalitas,

170 5179 250 5252 epist.
267 5181 294 5250 P,
310 5182 435 5249 pertenet.
459 5171 494 5226 sd
516 5172 582 5225 cler.
598 5184 653 5224 sure
672 5169 783 5224 dioeees.
801 5169 963 5225 uersarem.
1017 5176 1044 5222 et
1057 5165 1146 5221 omnis
1161 5165 1313 5237 splendoris
1335 5165 1478 5237 abdicatio,
1491 5182 1525 5222 eo
1544 5168 1634 5236 major
1655 5167 1705 5225 luit
1718 5179 1815 5225 sueto·

169 5253 280 5306 cericei.
298 5251 384 5305 Paris.
400 5255 465 5301 tom.
483 5245 516 5308 lt,
528 5251 605 5298 tract.
621 5243 832 5311 lleteuipuraut.
848 5244 963 5312 praelat,
1018 5236 1116 5293 ritasct
1131 5238 1290 5294 reverentis.
1306 5238 1414 5312 Deque
1430 5240 1465 5293 ita
1480 5239 1591 5296 llierou.
1608 5239 1698 5296 Plutus
1712 5240 1761 5297 lib.
1775 5240 1816 5298 Ile

169 5322 235 5379 mitri
250 5337 282 5394 pa
304 5322 374 5376 ,5ιὸ
388 5325 497 5389 etseq„
512 5324 540 5370 et
553 5322 620 5371 torn.
636 5312 658 5377 l,
676 5327 736 5386 pag.
753 5313 816 5377 202,
829 5316 863 5369 de
877 5314 964 5382 signis
1018 5308 1090 5364 ottic.
1111 5309 1216 5378 cardin,
1232 5325 1293 5381 cap.
1308 5314 1353 5366 ti.
1379 5329 1391 5360 ι
1412 5311 1477 5366 ilice
1495 5318 1536 5366 est
1554 5309 1599 5366 aia
1619 5310 1771 5368 eertinima
1788 5321 1817 5369 et

168 5390 254 5451 ruine
292 5392 382 5450 'cles
406 5387 511 5458 Quibus
524 5385 622 5444 merito
647 5381 756 5440 addenti
776 5382 901 5440 Bellum
924 5385 963 5440 lle
1016 5380 1118 5451 optima
1127 5380 1310 5438 uenerationis
1319 5382 1489 5455 acquirendae
1498 5380 1569 5439 iuter
1579 5381 1713 5448 nomines,
1728 5381 1817 5441 sivir-

169 5461 259 5520 otficio
272 5464 385 5537 princip.
402 5461 513 5528 Carisa,
528 5457 575 5514 lib.
591 5470 611 5521 r,
626 5468 686 5527 erp.
698 5457 728 5513 c.
741 5452 833 5512 ruins
850 5454 885 5515 da
897 5470 961 5514 car·
1016 5460 1060 5510 tut
1073 5453 1181 5523 enicet,
1195 5451 1218 5510 si
1232 5452 1383 5529 integritas,
1399 5453 1423 5513 si
1433 5455 1560 5533 gravitas
1577 5451 1673 5532 religio
1686 5467 1720 5513 ee
1749 5455 1758 5472 “

168 5532 237 5608 din,
253 5548 313 5613 cap.
332 5537 376 5592 to.
391 5529 555 5607 actique.
575 5540 608 5601 tr,
632 5541 660 5602 p.
680 5525 788 5599 lixam,
813 5532 891 5593 tract.
918 5541 960 5593 ur.
1013 5522 1140 5597 amineo,
1156 5532 1186 5587 ut
1199 5523 1233 5585 ab
1252 5522 1409 5587 bominibus
1421 5522 1611 5605 οιιφιιίιιιι.
1633 5544 1646 5584 ι
1662 5522 1722 5590 (toa
