3714 5940
94 219 151 284 509

861 211 1039 279 tibtote.

1701 223 1756 290 ato

95 362 181 422 quem
196 342 278 404 telem
301 344 382 404 sciret
396 344 459 418 (nec
473 344 546 402 euim
567 349 674 418 poterat
695 342 810 416 nescire,
835 357 898 399 cnut
915 355 940 437 Α
955 354 1081 419 ριοιιριι
1110 354 1152 404 ιιι
1182 347 1259 408 vobls
1289 345 1471 422 insipientiam
1496 363 1583 409 meam
1610 351 1755 429 corrigam

95 443 182 495 notus
197 443 270 493 essct
288 452 320 492 ex
337 434 431 510 longo)
453 433 527 505 prior
545 441 719 506 promoveret
742 441 768 491 et
791 433 818 488 iu
837 432 899 489 loco

97 527 143 584 cui
159 528 218 600 ipse
232 525 376 597 praefuerat
389 523 523 580 illinime
536 539 589 598 ego
602 525 644 582 vel
660 524 775 581 tenuiter
785 522 904 593 suspicer

98 615 170 672 illud
189 616 224 671 de
239 615 284 673 tali
303 615 373 680 viro,
397 623 424 670 et
448 622 521 670 tanto
543 623 663 670 amatore
687 611 848 669 honestatis.
872 610 906 684 Ep

99 705 214 782 quidem
225 705 269 776 qui
281 703 414 775 promovit
429 703 487 776 ipse
498 714 525 758 et
533 703 650 772 amovit,
663 719 717 759 non
725 699 883 777 negaverim
895 719 902 758 ι

98 813 155 871 apra
179 795 282 852 ratione
304 794 355 851 hoc
378 792 474 848 fcoerit
502 792 603 849 viderit
628 793 697 863 ipse.
722 791 790 846 Nam
813 788 905 843 multis

101 883 275 957 displicuisse
292 881 391 939 facturn
420 881 606 956 cognoscitur,
626 895 725 951 nempe
748 895 800 936 nec
818 877 905 933 ratiu-

101 990 177 1044 nem,
194 989 244 1031 nec
258 971 391 1041 ordinem,
407 987 455 1027 uec
469 971 693 1028 cousuetudinem
707 969 734 1024 in
749 968 808 1042 ejus
825 982 901 1023 atuo-

103 1063 179 1123 tiouc
193 1060 375 1120 cernentibus.
390 1059 506 1115 Tantum
520 1060 744 1130 archiepiscopus
753 1056 901 1124 sicvoluit3

102 1160 133 1209 et
152 1169 188 1209 ue
209 1153 432 1208 contristaremus
451 1165 524 1220 eum,
549 1157 642 1206 nostro
664 1151 773 1206 hortatu
801 1147 850 1203 iste
876 1147 903 1201 iu

104 1256 174 1315 pace
188 1241 280 1306 cessit,
296 1246 323 1297 et
341 1237 415 1294 dedit
433 1237 521 1295 locum
545 1236 602 1292 irae.

141 1333 170 1386 1.
194 1327 284 1387 Uunm
305 1325 368 1385 dico
393 1344 401 1383 ι
431 1342 465 1382 ex
490 1341 545 1397 quo
568 1325 602 1381 ed
625 1338 675 1380 nos
697 1323 807 1380 intravit
829 1320 905 1394 (816)

101 1418 188 1493 (sicut
201 1414 385 1472 testimouium
408 1414 489 1470 habet
506 1416 541 1469 ab
563 1412 711 1485 omuibus),
736 1411 802 1468 nihil
823 1412 849 1466 iu
874 1424 907 1467 eo

102 1506 180 1581 quod
197 1502 361 1578 promotioni
376 1501 440 1560 huic
454 1501 578 1559 obviaret
592 1507 761 1572 compertum
781 1507 832 1554 est.
844 1496 909 1554 Sine

101 1594 216 1669 querela
234 1600 408 1651 conversatus
430 1599 482 1647 est.
507 1592 603 1647 Adhuc
626 1605 681 1646 non
706 1591 781 1646 deest
805 1585 945 1682 hominis

100 1686 254 1742 litteratura
268 1696 433 1756 congruens,
449 1694 502 1737 nou
523 1679 655 1746 doctrina,
669 1694 725 1735 uon
748 1676 902 1742 affabilitas,

101 1772 263 1848 nongentis
285 1773 312 1826 iu
337 1770 411 1827 vultu
436 1777 464 1826 et
484 1783 621 1826 sermone.
638 1769 689 1825 Sed
712 1776 840 1837 suspecta
862 1774 904 1821 est

101 1865 186 1921 vobis
203 1862 321 1918 brevitas
336 1858 466 1930 temporis
487 1859 561 1930 quod
576 1858 715 1914 nobiscum
730 1856 781 1912 fuit
799 1876 805 1910 ι
821 1855 905 1910 fatcor

101 1951 224 2007 etmihi.
240 1946 374 2004 Fortassis
397 1947 467 2004 haue
490 1947 569 2004 faciet
591 1946 726 2004 :fortasis
747 1945 828 2000 male.
845 1945 902 2000 Ve-

104 2055 169 2095 reor
184 2039 274 2095 omnia
283 2052 365 2108 opera
380 2052 450 2107 mea,
462 2045 489 2093 et
503 2034 577 2109 quod
592 2050 690 2108 operor
703 2049 759 2090 non
773 2032 902 2104 intelligo.

959 442 1015 504 aut,
1032 435 1055 492 si
1067 435 1121 494 hoc
1140 435 1253 510 dignius
1265 438 1404 510 iudicatis,
1419 439 1504 495 etism
1526 447 1554 496 et
1567 441 1674 512 punire.
1689 443 1756 502 bico

959 531 1057 590 ιιιιιι,
1074 526 1097 581 ιι
1111 528 1166 596 pie,
1186 527 1209 583 si
1226 527 1371 584 christiane
1386 543 1492 583 mecum
1509 528 1611 604 agitur,
1631 530 1759 603 corripiet

959 630 1002 671 me
1013 615 1104 685 justus
1119 615 1146 671 in
1160 616 1346 674 misericordia
1356 627 1383 674 et
1393 617 1540 688 increpabit
1554 633 1608 685 me,
1617 635 1669 676 uon
1680 620 1707 675 in
1717 619 1757 675 ira

959 704 1031 774 npud
1044 704 1114 760 alios
1135 704 1294 762 diffamabit.
1320 707 1432 764 Habetis
1454 707 1568 763 formam
1588 724 1677 764 meam
1701 709 1756 777 hic,

960 792 1011 848 nisi
1027 800 1053 848 ct
1068 794 1118 851 hoc
1133 793 1312 867 indignamini
1328 797 1508 868 praesentibus
1522 796 1627 855 litteris.
1653 799 1758 870 Nempe

959 890 1098 954 comperta
1112 899 1159 954 per
1173 884 1251 950 alios,
1273 892 1299 940 ιι
1319 899 1373 941 ιιι
1393 900 1444 958 per
1466 902 1515 942 vos
1530 897 1620 944 vestra
1633 889 1758 962 indigna·

959 969 1044 1038 tione,
1069 980 1178 1028 cautum
1201 972 1281 1029 habui
1310 988 1365 1030 nou
1392 976 1544 1045 rependere
1566 976 1651 1034 vicent
1678 995 1685 1033 :
1711 978 1758 1034 sed

956 1075 1020 1115 mox
1033 1061 1109 1118 vobis
1123 1063 1157 1117 de
1179 1062 1257 1119 vobis
1275 1078 1324 1133 per
1340 1065 1484 1133 praeseutia
1507 1065 1607 1136 scripta
1619 1064 1756 1138 conqueri.

956 1149 996 1204 Da
1009 1155 1106 1205 caetero
1120 1150 1279 1206 benedictus
1292 1150 1376 1221 Deus,
1392 1153 1437 1222 qui
1451 1160 1479 1208 et
1489 1153 1541 1209 hoc
1554 1154 1626 1226 quod
1636 1152 1758 1219 dederet,

960 1245 987 1294 et
1001 1239 1036 1294 do
1050 1254 1103 1311 quo
1119 1238 1185 1294 mihi
1199 1238 1266 1295 forte
1280 1239 1487 1298 immoderatius
1501 1242 1671 1313 blandiebar,
1684 1243 1757 1298 sole·

961 1325 1039 1394 tium,
1053 1337 1116 1384 ante
1140 1330 1239 1384 exitum
1256 1328 1341 1385 tulit:
1366 1342 1485 1389 vestram
1500 1331 1605 1388 seilicet
1618 1342 1645 1388 et
1659 1330 1761 1390 domini

962 1415 1015 1472 mei
1030 1415 1144 1490 gratiam
1158 1417 1246 1487 (ate),
1267 1426 1296 1473 ut
1318 1419 1361 1474 vel
1387 1420 1498 1491 proprio
1513 1420 1698 1492 experimento
1721 1420 1761 1476 di·

963 1520 1046 1575 scam,
1062 1521 1115 1561 nou
1132 1520 1233 1576 ponere
1251 1521 1330 1578 spem
1351 1522 1437 1563 meam
1452 1508 1478 1562 in
1497 1509 1616 1567 bomine.

1106 1599 1190 1659 ess
1211 1603 1378 1661 ιιιιιοιι
1407 1605 1520 1662 nccvn
1545 1607 1629 1679 (ιιι).

1266 1727 1303 1767 tlt
1327 1727 1455 1770 EUNDEM.

959 1808 1156 1865 beluacensem
1186 1808 1347 1880 episcopum
1360 1815 1462 1866 contro
1475 1812 1609 1868 sinistros
1634 1829 1760 1871 rumores

996 1879 1762 1953 foetor.balatedine-mserumextremeosfliotomt'ndi·

995 1954 1065 2006 cul:
1082 1954 1110 2005 ιι
1125 1952 1194 2023 qued
1209 1950 1416 2025 archiepiscopo
1423 1952 1600 2026 lugdunensi
1614 1955 1760 2012 occiderit.

997 2043 1023 2095 1.
1039 2038 1146 2094 festino
1170 2040 1220 2096 ista
1247 2039 1331 2105 dieto,
1347 2048 1373 2096 et
1403 2042 1438 2097 ob
1454 2045 1504 2100 hoc
1531 2043 1621 2099 minus
1642 2041 1761 2101 festive:

104 2129 187 2186 Unda
201 2138 291 2184 certus
319 2142 372 2182 uon
399 2142 460 2180 sum
481 2135 585 2183 certum
608 2139 657 2182 vos
685 2125 772 2180 facere
796 2123 905 2178 minime
960 2127 1093 2200 siquidem
1112 2128 1199 2185 viator
1219 2130 1333 2188 transire
1350 2130 1481 2190 festinans
1495 2144 1586 2208 urget.
1609 2133 1665 2191 lies
1680 2135 1757 2203 mira,

104 2233 230 2291 possum.
247 2217 356 2272 Factum
367 2223 471 2281 est;et
485 2215 559 2287 quod
573 2214 672 2271 factum
687 2221 739 2282 est,
753 2228 807 2269 uon
818 2221 907 2285 potest
960 2217 1104 2289 cedmagis
1127 2218 1197 2274 laeta.
1221 2219 1315 2276 Frater
1329 2220 1364 2276 G.
1394 2221 1555 2278 Fulcherius
1584 2239 1646 2278 cum
1667 2222 1763 2279 litteris

105 2323 163 2364 non
177 2304 244 2362 fieri.
257 2304 286 2360 st
296 2305 428 2377 propheta
441 2303 561 2370 fuissem,
575 2319 629 2358 unu
640 2301 764 2373 profecto
779 2301 907 2358 fecissem
959 2307 1062 2362 domini
1083 2306 1136 2362 mei
1152 2305 1254 2377 pariter
1269 2315 1296 2362 et
1309 2307 1419 2374 vestris,
1438 2309 1572 2382 simulque
1585 2310 1761 2378 praesentium

103 2397 181 2452 uude
194 2395 309 2452 amicum
323 2393 499 2463 offenderem,
512 2401 633 2450 sanetum
644 2393 789 2460 turbarem,
800 2393 907 2463 episco-

105 2501 175 2560 pum
190 2483 409 2542 scandalizarem.
426 2481 496 2551 Quid
516 2482 596 2541 vultis
620 2492 651 2538 ut
673 2479 792 2538 faciam?
806 2483 846 2537 sie
864 2479 908 2536 fa-

105 2585 182 2633 ctum
193 2584 234 2632 est
254 2572 300 2629 tali
314 2571 483 2638 necessitate,
501 2572 598 2643 talique
623 2571 727 2626 ordine.

145 2669 172 2722 a.
193 2664 256 2720 llaec
269 2662 407 2720 excusatio
426 2677 497 2718 mea.
514 2661 544 2718 Si
558 2659 657 2717 suffieit
672 2659 786 2716 tollatur
804 2658 839 2714 de
853 2674 909 2715 me-

106 2754 155 2812 dio
170 2752 329 2812 scandalum
356 2750 407 2809 :ai
430 2751 530 2819 minus,
558 2765 610 2822 ego
634 2749 768 2820 iudicium
791 2755 910 2820 portem,

108 2843 186 2919 quod
206 2849 233 2897 et
251 2841 329 2916 quale
344 2839 529 2898 decreveritis.
543 2841 614 2895 Nam
632 2837 655 2895 si
674 2838 748 2909 quod
764 2836 906 2909 edificari,

961 2394 1031 2451 lator
1045 2395 1218 2468 peregrinus,
1234 2410 1289 2450 uuo
1304 2412 1373 2467 pena
1389 2407 1525 2453 momento
1540 2397 1762 2462 adfuerunt,[leo

963 2485 1000 2541 ita
1025 2484 1085 2540 sina
1108 2484 1190 2540 dubio
1214 2484 1384 2555 providente,
1408 2493 1438 2542 ut
1465 2486 1591 2544 haberem
1617 2503 1667 2558 per
1681 2504 1763 2559 quam

962 2572 1124 2630 festinanter
1142 2573 1319 2630 rescriberem
1340 2576 1432 2647 :quod
1448 2577 1541 2649 utique
1565 2578 1684 2650 cupienti
1697 2577 1764 2634 mihi

963 2679 1016 2721 non
1030 2671 1134 2736 poterut
1158 2664 1224 2719 satis
1237 2679 1296 2719 esse
1310 2663 1450 2720 festinum.
1466 2666 1533 2723 Inde
1552 2674 1592 2723 ιιι
1611 2666 1685 2740 quod
1703 2667 1762 2725 haec

964 2751 993 2809 iu
1007 2750 1162 2809 infirmitate
1173 2768 1233 2808 mea
1247 2752 1308 2823 ipse
1327 2752 1437 2823 dictavi,
1453 2755 1526 2825 quod
1543 2769 1596 2810 nou
1609 2763 1682 2811 esset
1696 2766 1760 2812 tuuc

962 2842 1077 2898 altered
1102 2858 1223 2902 menum.
1243 2843 1284 2897 lle
1299 2841 1413 2898 domino
1430 2842 1584 2900 belvacensi
1600 2843 1676 2916 (ata)
1690 2844 1763 2915 qnod

108 2944 167 2991 tam
180 2932 234 2990 cito
252 2931 350 2989 iterum
374 2930 522 2999 destruam,
536 2945 632 3001 grave;
658 2927 711 2983 uisi
737 2927 808 2984 forte
826 2943 908 2984 causa
923 2928 945 3008 c
960 2931 1077 3003 primum
1096 2929 1222 3003 pumicis,
1248 2930 1365 3003 primurn
1389 2931 1425 2988 ita
1441 2932 1603 3002 respondeo.
1624 2929 1672 2987 Sui
1693 2930 1766 3001 juris

107 3021 276 3082 conveniens
304 3020 463 3093 supervenit
493 3036 499 3076 :
529 3018 602 3090 quod
632 3017 751 3074 fortasse
779 3031 910 3089 processu

108 3113 240 3184 temporis
250 3108 478 3181 acciderepotest.
492 3107 521 3164 Si
535 3107 617 3163 vultis
635 3121 684 3162 vos
698 3120 822 3163 amovere
836 3122 909 3172 euru,

112 3209 273 3272 potestatem
295 3197 410 3262 habetis.
435 3197 496 3252 Non
516 3195 628 3265 obsisto,
654 3209 708 3250 nou
731 3209 775 3251 mc
801 3209 910 3267 oppono

111 3290 235 3348 torrenti.
254 3290 350 3360 inique
366 3302 419 3343 non
445 3286 499 3359 egi.
524 3286 552 3341 Si
575 3284 734 3357 insipienter
756 3284 861 3352 videor,
881 3284 911 3340 in

161 3405 225 3473 cll)
248 3405 308 3470 Ego
326 3404 419 3459 relicta
435 3403 555 3460 Rievalle
572 3409 725 3459 accesserat
738 3402 772 3457 ad
786 3402 911 3459 claram·

112 3408 231 3534 vellen
247 3476 326 3544 Quod
354 3476 477 3531 subditur
501 3476 535 3530 de
559 3475 619 3545 ejus
640 3473 798 3540 litteratura,
814 3476 911 3556 prohat

114 3549 190 3605 Serlo
205 3547 248 3603 his
271 3547 378 3604 verbis:
407 3548 522 3603 ellomo
535 3546 563 3600 iu
583 3545 730 3617 scripturis
753 3560 837 3601 sacres
858 3562 912 3602 ιιι

112 3619 286 3676 mediocriter
304 3617 437 3687 eruditus,
451 3630 478 3674 et
504 3617 532 3673 in
546 3617 701 3673 liberalibus
715 3616 818 3673 artibus
832 3616 912 3673 suffi-

113 3694 217 3751 cienter
231 3692 352 3746 ιιοιιιι.
372 3710 382 3737 r

149 3763 226 3835 (815)
241 3762 344 3833 Nempe
357 3760 483 3833 fingenii.
510 3760 549 3815 lta
567 3757 716 3814 innocentii
733 3758 756 3812 ll
778 3757 913 3814 offensam

114 3833 265 3891 incurrerat
278 3833 431 3888 Bernartius
448 3847 511 3886 vera
525 3830 626 3894 dicens,
649 3843 681 3884 ex
704 3828 819 3898 epistola
839 3834 911 3896 als,

114 3906 185 3961 adeo
196 3919 363 3961 summorum
388 3902 651 3973 hominumgretiam
666 3900 783 3956 retinere
801 3899 914 3956 difficile

114 3988 170 4046 eat,
198 3977 372 4101 qualrrtumvis
403 3976 474 4031 bene
506 3972 620 4040 meritis,
649 3971 715 4027 citra
742 3971 915 4044 dispendium

114 4050 238 4104 veritatis

165 4120 229 4189 816)
245 4118 353 4190 Scripta
367 4133 438 4174 anuo
456 4115 555 4172 Christi
572 4118 651 4173 1153.

164 4193 228 4273 ata)
242 4190 386 4256 lleuricus,
399 4188 528 4245 Ludovici
544 4186 633 4244 Crassi
647 4184 729 4254 filius,
744 4194 771 4241 et
782 4183 913 4241 ludovici

115 4263 241 4318 Junions
254 4261 328 4335 regis
347 4261 497 4316 Galliarum
512 4259 604 4327 frater,
619 4255 917 4384 agliscopusllelvacen-

114 4334 164 4400 sis,
185 4334 266 4402 male,
290 4333 329 4387 uti
354 4333 548 4403 hincapparet,
572 4346 626 4402 ιρι
668 4329 823 4385 Pontificem
839 4329 915 4384 adiit.

114 4405 194 4463 Unde
213 4404 359 4476 respondet
378 4403 541 4468 bernardus,
570 4418 599 4458 se
629 4401 662 4457 de
686 4400 748 4471 ejus
770 4401 875 4480 erratis,
892 4399 916 4454 si

114 4493 179 4550 quae
195 4476 258 4542 siut,
275 4475 365 4531 dolere
381 4490 464 4548 posse
481 4494 490 4542 ,·
506 4472 662 4541 emendare,
678 4478 759 4544 prout
773 4471 845 4536 velat,
861 4487 915 4526 ιοι

112 4549 209 4605 valere
230 4565 237 4601 ε
261 4546 407 4617 malletque
424 4546 578 4602 Bemardus
601 4543 691 4615 ipsum
720 4543 807 4613 potius
821 4543 915 4598 Ponti·

114 4619 196 4677 ficem
210 4618 259 4675 has
273 4619 333 4688 ejus
345 4617 497 4690 corrigendi
520 4626 611 4689 partes
626 4615 677 4670 sibi
697 4614 855 4685 sumpsisse,
889 4621 916 4671 et

114 4693 235 4750 fraterne
249 4706 313 4746 eum
328 4705 440 4745 monere
455 4704 536 4759 super
551 4690 602 4753 his,
623 4703 685 4756 ιιι
700 4686 733 4742 ιι
747 4702 781 4743 ιι
803 4685 914 4741 ιιιιιι-

115 4773 167 4821 rat.
185 4763 269 4819 Porro
285 4760 319 4817 de
345 4761 496 4831 repentina,
522 4760 603 4817 seda
629 4758 767 4814 Bernardo
789 4756 913 4828 praevisa,

114 4836 176 4905 ejus
194 4833 228 4888 ad
243 4833 403 4909 religiosum
417 4840 518 4889 statum
546 4831 732 4900 conversione,
752 4829 812 4903 lege
826 4829 915 4883 Vitam

115 4905 302 4971 suammet,
318 4904 367 4959 lib.
382 4920 422 4970 tv,
438 4920 497 4976 cap.
514 4907 540 4970 3,
556 4919 636 4974 quam
660 4916 709 4956 uos
723 4899 808 4957 secuti
834 4900 913 4955 Baro-

115 4978 202 5048 nium,
217 4977 246 5033 iu
269 4975 452 5050 chronologia
479 4976 512 5030 ad
536 4990 637 5031 annunt
665 4974 734 5027 1119
764 4970 913 5038 retulimus,

116 5065 181 5106 cum
196 5062 229 5105 eo
253 5063 324 5105 anno
347 5047 447 5104 factum
476 5047 635 5119 episcopum
653 5043 846 5124 Belvacensem
868 5041 913 5098 vi-

116 5121 213 5178 deatur
231 5120 333 5177 certior
347 5119 476 5192 temporis
496 5129 560 5176 nota
586 5116 816 5197 convincerem
836 5116 914 5170 laco·

116 5194 170 5248 ιιι
184 5193 346 5248 sirmundus
360 5193 393 5248 ad
408 5191 544 5263 Epistulas
562 5189 632 5245 Petri
647 5185 779 5244 cellensis
793 5202 825 5241 ιι
842 5185 913 5256 Sup-

116 5266 258 5337 plemeuto
272 5264 405 5337 Sigeherti
421 5271 504 5328 notat,
522 5261 568 5316 lib.
586 5278 605 5326 r,
621 5259 699 5340 epist
722 5261 765 5316 ιι.
790 5256 843 5313 Sed
857 5257 913 5313 lon·

117 5337 183 5410 gius
211 5353 227 5392 a
245 5352 311 5393 vero
327 5336 426 5392 recedit
440 5335 543 5392 notatio
560 5333 617 5388 initi
633 5340 803 5404 episcopatus
818 5328 915 5385 Belva-

117 5409 209 5465 censis
228 5408 261 5465 ab
276 5407 425 5474 llenriouez
440 5410 467 5462 in
491 5403 647 5486 Monologio
659 5418 693 5458 ex
704 5403 809 5458 Joauue
823 5401 916 5457 chenu

121 5482 203 5537 relata
231 5480 265 5536 ad
294 5496 394 5535 aunum
424 5482 512 5534 1161.
544 5481 665 5546 Denique
692 5475 726 5530 ad
753 5474 916 5530 lismensem

120 5552 274 5608 cathedram
296 5561 405 5607 evectus
424 5561 465 5607 ιιι
492 5564 562 5607 auno
575 5549 655 5604 1163.
683 5548 815 5606 ceterum
836 5560 915 5619 quam

965 3027 1007 3074 est
1024 3037 1030 3073 t
1050 3019 1106 3088 iarn
1121 3034 1175 3076 uon
1201 3025 1242 3074 cst
1256 3018 1283 3073 in
1310 3035 1369 3075 mea
1383 3026 1526 3090 potestate,
1543 3019 1633 3075 sedin
1657 3018 1764 3076 civitate

964 3106 1020 3164 vita
1043 3108 1103 3178 ejus
1117 3117 1145 3162 et
1167 3107 1348 3164 conversatio.
1369 3107 1398 3164 Si
1413 3122 1493 3165 secus
1506 3123 1587 3179 quam
1613 3106 1705 3172 dehet,
1719 3106 1763 3164 vel

964 3198 1042 3254 decet
1055 3196 1190 3253 interdum
1205 3196 1270 3271 agit,
1290 3197 1384 3253 dolere
1402 3211 1528 3268 possum;
1546 3195 1596 3254 ιιι
1619 3195 1765 3253 emendare

964 3295 1046 3359 prout
1072 3286 1136 3342 volo
1163 3301 1218 3341 uon
1255 3286 1341 3342 valeo.
1368 3288 1561 3344 Verumtamen
1592 3284 1665 3357 quod
1687 3284 1766 3342 vobis

965 3401 1064 3458 invitus
1092 3401 1181 3473 primo
1222 3402 1409 3474 episcopatum
1448 3401 1609 3475 susceperit,
1648 3402 1766 3458 ostendit

965 3473 1121 3542 scriptisad
1145 3473 1265 3529 diversos
1292 3475 1417 3545 epistolis
1438 3468 1500 3531 ιιι
1509 3485 1536 3531 ιι
1549 3473 1601 3545 ipsi
1630 3474 1766 3530 bernardo

967 3555 1133 3616 praematura
1152 3545 1287 3606 promotio
1306 3561 1360 3601 non
1374 3554 1416 3602 cst
1434 3545 1491 3600 visa
1517 3561 1612 3601 carere
1626 3545 1765 3614 scrupulo,

967 3625 996 3672 ιι
1011 3616 1124 3685 proinde
1139 3617 1251 3672 Petrum
1265 3617 1386 3672 abbatom
1401 3617 1606 3674 cluniacensem
1622 3619 1766 3674 consulen-

967 3687 1032 3741 durn
1049 3687 1189 3753 putaverit,
1213 3691 1251 3741 uti
1271 3688 1362 3744 videre
1376 3699 1418 3744 est
1432 3688 1503 3761 apud
1518 3689 1655 3756 eumdem,
1674 3687 1735 3742 libri
1748 3705 1766 3743 v

968 3756 1084 3826 epistola
1104 3762 1130 3822 8,
1158 3773 1237 3829 quam
1265 3760 1335 3812 vtde.
1360 3759 1450 3828 Ipsius
1483 3759 1593 3815 Raurici
1621 3758 1764 3829 epistolam

968 3829 1081 3898 Sugerio
1109 3829 1200 3882 abbati
1230 3828 1458 3899 Sancti-Dionysii
1487 3831 1626 3900 scriptam,
1651 3828 1711 3884 vide
1736 3830 1764 3884 in

968 3899 1058 3956 Gallia
1078 3899 1230 3957 cliriattaua
1245 3899 1272 3954 iu
1295 3901 1430 3969 episcopis
1453 3900 1670 3956 belvacensibus.
1687 3900 1765 3954 Atte-

969 3986 1024 4025 ram
1040 3970 1074 4025 ad
1088 3969 1190 4024 dictum
1204 3970 1330 4025 abbatem
1344 3970 1551 4027 cluniacensem
1566 3971 1610 4024 hic
1624 3971 1672 4026 tibi
1686 3971 1764 4026 exhi·

968 4042 1085 4097 bendam
1114 4040 1252 4108 duximus,
1269 4041 1309 4096 vel
1338 4043 1413 4113 quod
1441 4039 1614 4111 suspicamur
1640 4042 1675 4095 ab
1703 4043 1767 4105 ipso

968 4112 1104 4170 Bernardo
1127 4112 1262 4178 dictatam,
1277 4112 1319 4166 vel
1347 4123 1420 4168 certe
1447 4112 1481 4167 ad
1500 4111 1677 4166 imitationem
1702 4112 1765 4168 Rer-

931 4173 1046 4250 Buardi
1072 4184 1258 4250 compositam.
1288 4183 1365 4239 Prius
1393 4183 1466 4241 enim
1494 4198 1548 4238 uon
1574 4183 1765 4256 improbabile,

971 4272 1033 4311 cum
1049 4271 1103 4311 nou
1131 4254 1213 4310 fuerit
1232 4254 1368 4312 bernardo
1383 4255 1512 4321 insolens,
1545 4255 1670 4326 aliorum,
1686 4256 1767 4311 etiam

971 4327 1172 4400 episcoporum,
1189 4328 1299 4382 nomine
1322 4327 1387 4383 dere
1401 4327 1501 4384 litteras
1516 4343 1523 4381 ι
1540 4343 1652 4399 quarum
1676 4329 1769 4398 plures

970 4399 1101 4455 habemus
1124 4399 1192 4454 inter
1219 4399 1315 4456 editas.
1340 4399 1368 4454 Si
1391 4398 1418 4452 id
1448 4397 1549 4463 minus,
1580 4400 1692 4455 atterum
1725 4414 1769 4454 res

970 4470 1029 4539 ipsa
1055 4469 1208 4528 convincet.
1237 4469 1338 4527 Confer
1354 4470 1459 4526 initium
1489 4487 1550 4525 cum
1578 4470 1692 4537 epistola
1716 4472 1768 4525 236

969 4541 1002 4595 ad
1026 4541 1178 4598 cardinales
1193 4542 1227 4596 de
1254 4542 1386 4599 electione
1400 4543 1516 4612 Eugenii
1532 4538 1676 4609 pontificis.
1693 4541 1768 4597 con-

968 4611 1010 4668 fer
1034 4613 1174 4686 sequentia
1204 4628 1265 4669 cum
1290 4613 1404 4685 epistola
1431 4615 1476 4678 16,
1505 4612 1551 4667 ιιι
1565 4610 1661 4666 eadem
1683 4611 1767 4667 verbo

969 4691 1056 4741 lenus.

1004 4795 1081 4851 later
1091 4799 1185 4866 potres
1203 4791 1445 4854 reverendissimo.
1455 4794 1483 4848 ιι
1493 4789 1687 4848 interomr'cos
1703 4790 1768 4847 ete

968 4867 1080 4925 masiano
1095 4866 1208 4923 domino
1218 4866 1312 4920 Pareo
1322 4863 1416 4919 oblati
1432 4862 1666 4920 cluniaconsium
1675 4864 1770 4932 frater

968 4938 1177 5000 Helvenaciae
1197 4937 1325 5007 jubente,
1348 4933 1407 4992 slve
1429 4934 1615 5006 permittente
1637 4933 1702 5000 Deo,
1719 4935 1769 4990 Bel

967 5010 1093 5067 omenes
1106 5007 1367 5080 electas,seipsam,
1378 5007 1439 5063 etsi
1453 5003 1521 5078 qaid
1531 5004 1767 5078 ampliospotcst.

1003 5117 1106 5171 Pareat
1121 5113 1194 5170 volis
1209 5113 1386 5184 omnipotens
1401 5115 1482 5175 bees,
1503 5112 1570 5183 quid
1587 5112 1715 5184 estquod
1729 5111 1768 5181 se

967 5185 1073 5244 cistis?
1088 5187 1238 5257 sepullum
1252 5185 1396 5240 homiaem
1406 5186 1559 5242 revocastis
1574 5183 1611 5238 ad
1629 5181 1767 5248 ιιιιιιιιι.

966 5263 994 5314 ιι
1008 5259 1125 5315 consilio
1140 5258 1304 5323 castraneti
1317 5257 1440 5312 niarium
1460 5254 1604 5311 creditam
1614 5257 1667 5318 cst,
1683 5269 1769 5327 cepo·

969 5332 1043 5386 situs
1053 5333 1159 5393 seruet
1167 5329 1306 5400 repositus
1316 5329 1347 5382 in
1359 5326 1485 5382 terribile
1493 5342 1632 5382 euroram
1641 5326 1768 5398 pelopea:

970 5409 1003 5456 ot
1017 5415 1062 5455 me
1076 5401 1185 5457 iterum
1200 5399 1314 5457 honoris
1341 5399 1464 5455 altitudo
1480 5398 1631 5456 resorbeat.
1649 5398 1767 5466 Nesciet,

970 5468 1769 5548 unimoaueoconturbooifmc,propterquodrc'posafmt'-

970 5544 1074 5612 ιιιιι,
1089 5560 1158 5620 qaas
1176 5544 1287 5618 suscepi
1306 5542 1465 5616 sequendos
1482 5562 1493 5600 .-
1508 5557 1577 5618 regt,
1593 5556 1652 5598 non
1674 5553 1768 5611 reparo
