3728 5940
183 230 233 290 11
636 222 663 280 s.
683 176 850 279 11111111
871 208 1010 275 1111111
1030 213 1347 276 11111-11111111
1774 213 1830 274 aaa

183 354 333 412 Pictnvensi
349 353 358 417 ,
373 346 588 422 Petregoriceasi
598 353 626 401 et
639 343 809 400 Santonensi.
826 340 873 396 Dei
889 342 977 414 gratia
990 355 1014 435 1
1031 340 1092 407 soli,
1108 349 1153 396 ant
1172 356 1241 414 pene
1254 340 1304 398 soli
1319 341 1429 397 obesset
1442 338 1494 396 sibi
1511 358 1519 396 ι
1536 352 1607 396 1111
1625 354 1691 398 vero
1705 340 1785 397 saevit
1798 341 1828 397 in

184 443 318 515 episcopis
332 439 449 508 sanctis,
464 436 728 492 fraterBsnrmanus
742 431 826 487 abbas
840 429 927 486 dictus
943 430 975 485 de
1031 429 1135 484 orbem.
1159 429 1243 485 Vides
1275 427 1340 500 quid
1364 427 1429 484 iacit
1455 441 1530 484 amor
1556 425 1680 527 gloriani
1703 427 1828 529 legatio,

184 524 552 596 Clara-Valle,ccnstantiam
564 524 591 578 in
606 520 736 577 adversis.
1029 517 1133 573 sarcina
1152 515 1252 590 gravis,
1271 515 1393 572 humeris
1416 515 1567 589 presertim
1590 517 1725 573 senrlrbus
1740 534 1748 572 t
1765 533 1829 590 quis

221 623 246 673 1.
261 617 351 673 llirtus
368 615 396 671 in
412 630 479 688 pace
501 612 659 686 acquiritur,
677 610 704 665 11
726 623 852 680 pressura
874 611 975 680 proba·
1029 605 1132 661 nesciat
1144 605 1159 658 1
1169 607 1203 661 Et
1221 614 1309 662 tamen
1325 605 1425 664 homini
1439 605 1582 661 senissimo
1597 606 1705 680 gravior
1720 606 1830 706 videtur

183 715 236 772 tur,
253 703 590 778 approbaturiuvictoria.
607 702 725 771 Tempus
740 697 862 770 estquod
876 706 974 767 vestra,
1029 708 1121 766 poene,
1136 692 1268 766 reliquum
1297 693 1324 748 id
1352 694 1433 752 breve
1464 694 1570 750 dierum
1593 709 1707 751 suorum
1735 711 1830 754 maere

182 795 206 851 si
219 811 275 867 qua
287 804 337 861 est,
354 810 404 850 nec
418 793 503 849 latere
511 793 567 862 jam
580 806 630 846 nec
645 800 751 860 torpere
766 787 879 852 sinatur,
900 802 977 844 reve·
1031 784 1153 839 sinebac
1168 798 1260 853 poeun.
1359 870 1365 881 ι
1584 871 1616 884 ..
1700 872 1707 884 ο
1749 872 1756 882 ι
1809 874 1816 885 ο

182 883 259 941 rendi
274 893 300 940 et
312 882 411 939 merito
425 880 589 952 suspiciendi
599 882 700 951 patras.
715 875 824 932 Hostilia
843 874 975 946 siquidem
1065 874 1091 926 1.
1107 870 1160 926 Sed
1175 872 1245 928 torte
1259 871 1412 927 causabitur
1425 887 1454 927 se
1468 872 1504 928 de
1517 886 1672 970 suspicione
1686 873 1829 972 traducam,

184 973 293 1047 gladius
307 973 353 1044 qui
378 972 504 1028 universo
519 967 618 1025 Christi
632 966 741 1039 corpori
752 973 864 1021 mortem
887 963 977 1020 denuo
1030 967 1058 1014 et
1077 973 1128 1015 nos
1139 958 1294 1015 temeritatis
1308 969 1403 1030 arguet
1418 960 1464 1031 qui
1477 960 1512 1015 de
1525 960 1637 1017 occultis
1651 977 1709 1018 suis
1731 977 1829 1063 11111-

173 1076 257 1118 11111
270 1059 400 1131 temporis
423 1059 555 1115 intentare
566 1057 679 1123 ridetur,
694 1054 791 1112 vestris
807 1052 978 1125 potissimum
1030 1046 1173 1104 bendimus
1186 1048 1259 1119 quod
1277 1062 1330 1103 nou
1350 1048 1535 1120 probavimus.
1557 1049 1667 1119 Fateor,
1691 1052 1829 1125 suspicio,

184 1149 333 1206 cervicibus
356 1146 504 1213 imminet,
520 1153 547 1203 et
571 1146 599 1201 iu
622 1159 671 1200 vos
695 1157 728 1200 eo
746 1141 844 1211 acrius,
860 1155 914 1211 quo
929 1157 976 1198 co·
1031 1152 1079 1193 sus
1093 1151 1152 1191 sum
1169 1136 1197 1191 in
1212 1137 1263 1192 hac
1278 1144 1373 1207 parte:
1396 1146 1424 1192 et
1442 1137 1534 1193 nescio
1557 1154 1591 1194 an
1610 1139 1653 1195 vel
1677 1140 1828 1213 simphcis-

183 1238 274 1292 minus
297 1235 501 1293 debacchatur:
526 1233 564 1289 ita
595 1240 624 1288 ut
636 1229 799 1302 quotidianis
821 1228 976 1296 assuitibus,
1031 1226 1116 1280 simus
1142 1227 1203 1298 quis
1230 1241 1308 1281 secus
1334 1225 1434 1283 sentire
1462 1225 1573 1298 possit,
1593 1226 1696 1301 quippe
1719 1228 1748 1284 in
1774 1237 1829 1286 tarn

185 1331 233 1380 aut
246 1324 369 1380 resistere
384 1321 496 1394 fortiter‘,
512 1328 557 1376 aut
571 1319 702 1391 turpiter,
728 1317 802 1390 quod
824 1316 895 1372 absit
911 1317 916 1370 l
932 1332 977 1372 cc·
1031 1313 1172 1370 manifesta
1186 1312 1350 1384 conjectura.
1371 1315 1409 1370 Ut
1431 1315 1504 1370 enim
1531 1316 1682 1386 simplicem
1710 1319 1829 1376 11111111

185 1415 249 1469 dere
263 1411 473 1484 compellamini.
490 1412 557 1466 Nam
576 1408 658 1481 isqui
674 1415 745 1462 amat
760 1405 902 1476 primatum
927 1421 978 1477 ge·
1031 1401 1149 1458 breviter
1162 1400 1303 1473 actionem,
1318 1403 1432 1473 primus,
1449 1412 1497 1461 aut
1519 1403 1589 1462 iuter
1614 1405 1716 1476 primos
1736 1407 1830 1466 scribit

184 1516 246 1556 rere
261 1503 329 1557 inter
346 1515 406 1569 vos,
425 1499 595 1570 biotrephes,
613 1512 667 1552 non
687 1493 786 1565 recipit
808 1508 856 1550 vos
877 1495 977 1565 (332);
1033 1505 1109 1563 papae
1125 1490 1304 1549 innocentio:
1324 1489 1407 1548 182
1420 1492 1585 1564 legationem
1608 1497 1751 1569 postulat,
1776 1515 1830 1555 nou

185 1604 237 1644 nec
250 1589 323 1643 eninr
337 1588 461 1661 agnoscit
474 1601 548 1651 eum,
569 1599 648 1656 quem
668 1591 723 1639 tota
746 1581 886 1637 vobiscum
919 1597 979 1636 am·
1033 1578 1144 1635 obtinet.
1163 1578 1330 1652 indignatur,
1348 1580 1433 1638 resilit
1446 1584 1479 1637 ab
1492 1582 1549 1649 illo,
1564 1583 1660 1639 transit
1675 1585 1708 1639 ad
1733 1585 1827 1653 alium,

184 1676 311 1747 plectitur
341 1676 464 1732 Ecclesia
480 1738 484 1745 ¹
500 1673 652 1730 venientem
678 1674 704 1727 iu
729 1670 838 1725 nomine
861 1670 978 1725 Domini:
1034 1667 1121 1738 ipsius
1134 1682 1164 1722 se
1179 1682 1239 1722 esse
1252 1668 1368 1740 legatum
1383 1669 1522 1743 gloriatur.
1538 1671 1654 1740 Quodsi
1669 1683 1715 1731 aut
1728 1675 1763 1729 ab
1784 1675 1829 1731 ilio

184 1766 244 1820 Non
259 1767 339 1834 hunc,
356 1764 475 1837 iuquam,
492 1763 539 1818 sad
560 1760 606 1832 qui
630 1758 703 1817 venit
729 1759 757 1812 in
785 1757 893 1815 nomine
920 1774 979 1825 suo,
1034 1763 1096 1812 aute
1110 1771 1165 1811 non
1187 1757 1366 1828 poposcisset,
1392 1766 1438 1815 aut
1466 1760 1639 1831 postmodum
1667 1776 1722 1818 non
1751 1779 1829 1820 acce·

183 1853 263 1907 illum
278 1851 380 1923 recipit.
397 1853 455 1908 Nec
478 1851 586 1906 mirum.
610 1850 645 1903 Et
667 1850 724 1920 ipse
745 1863 842 1918 nempe
857 1846 981 1920 infatiga·
1034 1843 1118 1916 pisset
1148 1843 1182 1898 ab
1209 1845 1272 1911 isto,
1297 1846 1372 1901 credi
1400 1855 1503 1916 poterat
1530 1848 1614 1905 alium
1640 1866 1830 1926 quemcunque

185 1941 247 1996 bilis
265 1940 298 1994 ad
321 1954 422 1995 nornen
445 1939 546 2008 grande
567 1937 679 1991 multum
705 1937 824 2004 anhelat,
849 1935 930 1989 etium
953 1934 979 1989 in

185 2029 236 2085 hac
249 2036 336 2085 aetate.
351 2028 408 2084 Nec
422 2042 486 2083 sanc
501 2025 569 2081 falsa
583 2025 625 2079 vei
639 2025 740 2079 ineerta
754 2023 881 2095 opinione
896 2023 980 2079 ducor

184 2128 279 2174 notare
298 2115 434 2172 homiuem
448 2130 530 2183 super
545 2113 661 2169 vanitate
684 2112 845 2178 istiusmodi,
872 2112 918 2166 sed
947 2111 981 2167 de

185 2222 233 2262 ore
256 2221 305 2261 suo
333 2202 418 2272 ipsius
443 2217 506 2256 eum
532 2200 636 2269 judico.
665 2201 694 2255 ln
728 2199 822 2255 litteris
849 2199 980 2271 siquidem

185 2310 253 2367 quas
288 2309 375 2363 nuper
406 2291 441 2346 ad
469 2289 657 2347 cancellarium
691 2287 797 2358 scripsit
824 2286 979 2356 familiares,

1034 1931 1161 1989 habuisse
1175 1932 1202 1989 in
1222 1934 1441 2004 praevaricatione
1468 1936 1605 2008 intuitum,
1628 1939 1680 1995 etsi
1702 1955 1757 1997 non
1784 1956 1829 1998 re·

1034 2030 1109 2078 ctum
1123 2023 1259 2094 aliquem:
1276 2038 1348 2078 nunc
1359 2035 1450 2080 autern
1460 2027 1662 2084 excusationem
1678 2044 1733 2084 uon
1747 2031 1829 2087 habet

1035 2112 1069 2164 de
1084 2110 1228 2165 ambitione
1247 2126 1305 2166 sua.
1319 2111 1441 2183 Denique
1464 2125 1545 2184 ponat
1557 2116 1635 2172 etiam
1651 2133 1723 2174 nunc
1747 2117 1829 2190 legati

1034 2198 1077 2254 vel
1090 2214 1202 2254 vacuum
1213 2215 1310 2255 nornen
1324 2201 1397 2269 (narn
1411 2216 1480 2273 opus
1494 2204 1603 2276 amisit),
1617 2213 1705 2281 elego
1719 2207 1830 2280 quidem

1036 2288 1085 2342 hac
1099 2286 1250 2357 suspicione
1264 2288 1371 2354 carebo,
1387 2288 1410 2343 si
1423 2300 1531 2361 potero.
1541 2291 1570 2346 Si
1590 2308 1652 2362 non,
1667 2297 1830 2366 suspicabor

168 2380 548 2454 Δ1111111111111111111111
568 2392 650 2434 onere
669 2385 696 2434 et
717 2376 825 2432 nomine
853 2377 981 2433 honorari
1034 2373 1145 2440 invitus,
1163 2383 1190 2431 et
1204 2391 1248 2431 me
1270 2377 1484 2449 intemperantiae
1506 2381 1711 2454 reprehendam.
1727 2385 1830 2441 Verum

167 2498 171 2505 ·
185 2471 262 2543 (333)
284 2478 359 2527 tauto
372 2469 507 2541 indignius
532 2465 682 2539 supplicat,
706 2474 805 2537 quanto
824 2465 981 2521 humilius?
1035 2462 1144 2520 difficile
1156 2464 1361 2535 persuadebitur
1375 2466 1410 2535 ei,
1425 2482 1477 2539 ego
1498 2469 1565 2526 scio.
1585 2469 1717 2528 Nimirum
1732 2474 1828 2542 homo,

119 2549 122 2555 ’
184 2561 288 2617 Utinam
303 2566 394 2615 tamen
415 2555 596 2614 obtinuisset!
623 2556 712 2611 llinus
733 2555 825 2610 forsan
845 2555 981 2611 nocuisset
1035 2552 1081 2608 diu
1095 2551 1592 2625 magnushabitusiutersuos‚videri
1607 2559 1697 2630 scipso
1707 2560 1827 2620 inferior.

185 2649 267 2719 potita
291 2647 359 2704 votis
384 2645 502 2708 ambitio,
524 2659 603 2716 quam
628 2643 765 2698 frustrata.
786 2643 863 2698 Tunc
879 2642 980 2714 quippe
1030 2641 1177 2711 crubescit.
1193 2640 1354 2712 ignoscitur
1375 2641 1409 2714 is,
1436 2660 1516 2717 quern
1536 2645 1675 2718 Scriptura
1696 2649 1827 2722 loquitur,

163 2760 167 2767 ’
206 2766 345 2838 rincipeur,
360 2762 481 2833 conjugii
494 2764 555 2832 jura
570 2769 753 2828 temerantem,
769 2761 841 2816 velut
865 2763 977 2818 alterum
1033 2783 1082 2823 sua
1113 2766 1295 2823 sacerdotibus
1326 2767 1423 2824 dixerit
1450 2786 1479 2826 ae
1500 2780 1600 2841 partem
1626 2774 1697 2829 Petri
1729 2775 1828 2833 ieonis

165 2858 169 2870 ·
184 2785 330 2905 iierodem,
342 2834 472 2906 arguerit,
483 2837 506 2888 si
521 2832 660 2888 erlelmo
679 2831 921 2901 ldalnresburieusi,
945 2834 978 2890 de
995 2802 1125 2896 neonem
1139 2838 1301 2895 voluntatem
1313 2840 1364 2894 nei
1379 2840 1549 2914 ignomnqem
1559 2846 1759 2903 manumiss,
1776 2863 1827 2918 330

182 2909 305 2981 Regibus
319 2906 399 2978 hugi.
419 2904 466 2959 lib.
481 2920 511 2973 v,
527 2902 606 2958 tidem
626 2904 786 2958 adhibemus
801 2921 808 2957 ι
824 2903 877 2958 hoc
904 2904 977 2961 enim
1032 2909 1152 2965 confiteri
1161 2919 1188 2965 et
1202 2912 1332 2981 poenitere
1347 2915 1455 2967 :omnia
1470 2923 1558 2970 eutem
1573 2913 1617 2969 illa
1632 2932 1693 2987 quae
1712 2917 1828 2975 habehat

183 2980 314 3034 aduersus
328 2975 507 3033 Guillelmum
531 2976 657 3030 comitem
682 2973 849 3030 calumniose
875 2974 978 3031 dictum
1031 2979 1087 3036 iere
1103 2981 1129 3035 in
1147 2981 1199 3037 vita
1217 2997 1275 3048 sua,
1294 2982 1337 3037 vel
1357 2985 1479 3040 ecclesias
1495 2986 1577 3051 dedit,
1593 2990 1636 3042 vel
1660 2990 1826 3060 pauperibus

182 3049 320 3107 contendit
332 3048 449 3102 loannes
462 3047 576 3114 Bestius,
593 3044 709 3099 Historia
725 3045 859 3101 Comitum
873 3045 975 3101 Pittav.
1031 3053 1161 3124 erogavit.
1186 3052 1306 3108 Sabbata
1320 3060 1410 3108 autern
1434 3056 1544 3112 Missam
1559 3057 1698 3114 celebrans
1712 3062 1827 3116 maxima

181 3138 241 3192 cap.
259 3123 303 3176 32.
320 3119 465 3190 Postquam
480 3132 542 3171 vero
558 3118 591 3170 ab
607 3116 776 3185 innocentio,
795 3117 842 3187 qui
865 3116 976 3187 legatio·
1030 3122 1174 3178 devotione
1201 3132 1227 3177 et
1253 3121 1386 3181 esfnsrone
1412 3124 1601 3200 lacrymam,
1632 3133 1754 3202 sequent,
1782 3133 1828 3187 die

161 3207 245 3247 ¹nem
261 3191 287 3246 ei
302 3189 451 3260 denegarit,
469 3187 540 3242 lurda
559 3187 780 3258 prevaricatione
801 3186 898 3243 defecit
919 3188 976 3243 Ge·
1030 3191 1170 3247 iloraiuica
1193 3192 1315 3266 migravit
1332 3208 1348 3247 1
1372 3196 1494 3263 saeculo,
1517 3200 1663 3256 millesimo
1679 3201 1827 3258 centesimo

160 3246 289 3326 livardus,
306 3261 437 3316 anacleto
452 3262 505 3314 sub
519 3259 597 3312 istrns
611 3258 730 3313 nominis
746 3261 867 3312 mercede
881 3258 975 3314 adhae-
1030 3262 1167 3334 trigesimo
1182 3271 1258 3317 sexto
1285 3279 1355 3318 anuo
1374 3265 1408 3318 ab
1436 3266 1619 3325 incarnatione
1640 3272 1824 3330 1111111181-

183 3331 435 3402 surusdispersoris
454 3346 507 3385 nou
535 3328 616 3402 legati
639 3327 762 3386 officinm
787 3343 881 3398 agens,

183 3403 334 3476 poteratad
354 3401 517 3459 schismatici
546 3408 635 3469 partes
659 3401 789 3455 trahebat.
807 3399 884 3454 Unde
1132 3475 1135 3481 ¹
1363 3477 1367 3485 Ι
1407 3477 1411 3485 Ι

182 3477 283 3532 nardus
297 3474 401 3530 vicinos
415 3471 567 3545 Aquitaniae
592 3473 734 3542 episcopos
757 3476 846 3525 mouet
865 3476 904 3533 ut,
932 3485 975 3525 se·
1029 3473 1152 3544 hospitiis
1172 3486 1302 3540 vexasset,
1323 3491 1468 3548 unicuique
1480 3477 1683 3549 capellanorum
1698 3487 1742 3539 sui
1764 3486 1825 3560 epi-

181 3547 301 3604 ductoris
315 3561 382 3601 voce
399 3551 559 3613 contempta,
581 3540 727 3625 legitimum
750 3545 900 3610 sequantur
923 3556 974 3611 pa·
1027 3554 1154 3614 scopatus
1173 3543 1201 3597 in
1216 3545 1268 3600 line
1283 3561 1332 3601 suo
1347 3562 1428 3603 unam
1442 3549 1550 3618 minam,
1566 3551 1678 3606 obolum
1693 3556 1785 3629 dedit;
1799 3566 1825 3613 et

161 3652 164 3656 -
183 3628 282 3676 ctorem
297 3616 492 3682 innocentium,
507 3613 599 3684 eisque
606 3614 675 3683 Juris
688 3610 774 3678 ipsius
783 3613 975 3683 praerogativas
1028 3615 1095 3670 illud
1117 3615 1288 3697 magnificum
1316 3617 1402 3683 sidus,
1432 3620 1504 3690 quod
1519 3621 1639 3677 claritate
1663 3624 1706 3679 sui
1734 3637 1823 3698 partes

161 3689 349 3762 proponit«
372 3687 457 3743 Electi
471 3683 594 3741 videlicet
616 3681 815 3750 iutegritatem,
835 3682 974 3738 electionis
1028 3687 1154 3743 occiduas
1169 3687 1357 3756 illustraverat,
1379 3690 1540 3762 prohdolor
1559 3692 1564 3748 l
1584 3702 1659 3749 extra
1679 3695 1822 3753 ecclesiam

183 3761 359 3833 prioritatem,
376 3766 402 3812 et
426 3753 635 3813 consecrationis
648 3751 888 3810 solemnitatem.»
914 3753 975 3810 Non
1029 3773 1111 3830 quarn
1133 3756 1298 3831 aedilicavit,
1325 3761 1377 3815 sub
1403 3760 1450 3815 vili
1473 3762 1538 3818 latet
1556 3765 1655 3835 lapide.
1679 3767 1825 3825 »loannes

183 3832 291 3887 defuere
302 3838 391 3885 tamen
404 3828 449 3898 qui
461 3828 505 3897 jus
525 3823 811 3894 111111111111111111,
827 3825 913 3894 iisque.
926 3840 975 3880 ar·
1028 3829 1145 3895 beslius,
1161 3829 1189 3884 in
1204 3830 1318 3887 Historia
1341 3831 1472 3889 Comitum
1498 3833 1674 3891 Pietavornm.
1700 3843 1735 3893 tt
1753 3850 1826 3897 certe

204 3902 318 3958 umentis
331 3902 445 3957 adversa
459 3906 629 3969 reponerent,
645 3906 676 3950 ut
689 3904 793 3951 constat
814 3911 847 3952 ex
861 3897 976 3968 epistola
1030 3917 1093 3956 cum
1108 3902 1245 3970 praemissa
1267 3903 1384 3959 narratio
1406 3903 1509 3959 incerta
1531 3907 1660 3962 duntaxat
1687 3910 1825 3980 relatione,

183 3920 256 4030 fetri
271 3971 425 4028 Portnensis
441 3968 571 4041 episcopi,
592 3966 770 4022 ordinationis
785 3967 862 4021 istius
880 3976 976 4023 aucto·
1033 3971 1169 4042 fulciatur,
1185 3987 1239 4028 non
1255 3976 1378 4045 estquod
1395 3973 1476 4030 fidem
1490 3975 1609 4033 Ernaldc
1624 3978 1824 4060 abjudicemus,

184 4046 222 4101 ris
234 4055 261 4101 et
275 4044 398 4110 fautoris,
421 4040 454 4096 ad
482 4037 650 4096 Willeluum
677 4039 882 4103 Praeuestinum,
913 4040 981 4093 llat-
1035 4045 1220 4097 maximecunr
1235 4042 1338 4100 Alanus
1354 4044 1606 4114 Autissiodorensis,
1622 4065 1667 4120 qur
1690 4049 1767 4106 libris
1790 4054 1825 4109 de

908 3345 976 3453 11111
1029 3332 1069 3386 dit
1084 3332 1111 3386 in
1130 3331 1288 3405 episcopatu
1302 3335 1378 3388 annis
1400 3336 1508 3407 triginta
1528 3338 1625 3403 tribus,
1651 3343 1824 3400 mensibus...

935 3417 975 3452 er·
1029 3403 1174 3461 diebus...
1205 3417 1232 3457 et
1258 3420 1318 3458 cum
1340 3404 1456 3476 aliquem
1479 3409 1644 3477 capellanum
1668 3414 1755 3481 gestis
1784 3417 1825 3471 rel

184 4119 283 4171 thaeum
311 4114 506 4176 albanensem,
538 4107 692 4163 Conradum
730 4106 929 4176 sabinensem,
954 4116 982 4162 et

182 4184 314 4239 loannem
337 4180 493 4236 Ostiensem
515 4179 673 4231 Innocentio
700 4177 869 4233 adhaerentes
893 4186 983 4232 trans-

183 4253 295 4315 missa,
321 4265 403 4319 qnam
430 4249 512 4303 refert
539 4245 692 4302 Wiilslmus
719 4247 980 4314 blalmesburieusis,

185 4321 308 4376 ilistoriae
330 4317 451 4373 Novellac
480 4316 550 4372 libro
578 4331 597 4370 r.
622 4316 688 4370 Pars
714 4325 802 4370 turncrr
829 4316 976 4375 iunocentii

186 4389 335 4463 prevaluit,
363 4387 531 4459 principibus
559 4385 685 4441 omnibus
712 4391 767 4439 tum
790 4387 977 4443 ecclesiasticis

186 4472 284 4537 praetar
297 4458 449 4516 Gerardum
463 4455 694 4529 Eugolismcnsem
714 4471 872 4529 paucosque
897 4459 973 4525 alim,

183 4545 241 4592 tum
256 4530 430 4590 saecularibus
444 4531 479 4601 (si
492 4527 662 4585 Guillelmum
678 4527 802 4582 comitem
826 4529 976 4585 1111111111-

184 4623 241 4663 sem
253 4611 279 4661 et
294 4602 438 4676 bogerium
452 4599 656 4657 Siciliaeducem
670 4598 800 4668 excipias)
811 4598 869 4681 ipse
884 4600 977 4656 fuven-

183 4678 265 4735 tibus.
282 4674 420 4731 Gerardus
434 4674 534 4728 veroin
545 4669 977 4729 schismaticisdefensroueobfir—

184 4759 281 4817 matus,
299 4747 465 4825 11111136,
481 4750 510 4797 11
531 4748 605 4797 notat
619 4740 774 4807 Ordericus,
803 4757 836 4797 ex
860 4743 908 4798 han
922 4747 976 4799 vita

184 4821 333 4893 migravit,
357 4831 391 4872 eo
418 4816 525 4887 quadem
550 4810 648 4867 infelici
673 4812 766 4893 mortis
780 4826 879 4882 genere
901 4815 975 4885 quod

185 4890 312 4948 describit
328 4887 458 4955 Eruaidus
471 4884 540 4940 Vitae
554 4882 582 4939 S.
598 4882 728 4938 Bernardi
741 4881 810 4939 lrbro
825 4899 854 4949 tr,
870 4901 930 4958 cap.
945 4889 973 4944 l.

184 4963 337 5033 opinantur
365 4970 453 5013 tamen
480 4953 601 5010 nonnulli
627 4955 699 5009 huuc
729 4965 866 5010 auctorem
883 4965 976 5014 contra

184 5032 334 5088 Gerardum
354 5027 596 5102 Engolismensem,
620 5041 654 5080 ex
672 5026 754 5080 nimio
774 5025 912 5098 religionis
927 5044 974 5082 ar-

185 5105 251 5158 dore
267 5103 349 5156 multa
371 5099 491 5161 finxisse,
506 5097 587 5154 veluti
603 5096 678 5166 quod
701 5095 872 5164 impoenitens
885 5107 911 5152 et
925 5115 973 5152 su-

184 5174 242 5229 bito
256 5186 378 5227 mortuus
401 5171 436 5224 sit
459 5166 699 5224 sinecnnlessione
713 5175 740 5222 et
764 5167 876 5232 viatico,
900 5169 973 5239 quod

184 5260 283 5317 corpus
296 5243 355 5311 ejus
368 5241 509 5295 inventum
533 5241 559 5294 in
586 5238 684 5293 lentulo
708 5239 870 5318 exanimeet
891 5254 973 5319 enor-

182 5317 263 5370 miter
282 5311 422 5376 tumidum,
448 5319 476 5366 et
494 5309 545 5364 alia
572 5307 734 5379 huiusmodi,
764 5308 899 5389 inquiunt,
916 5323 973 5364 vrrc

180 5384 307 5455 prudenti
321 5382 432 5456 indigua
447 5399 453 5436 :
471 5383 662 5451 proferuntque
676 5394 709 5435 ex
726 5378 818 5460 Gestis
831 5393 974 5461 episcopo-

178 5470 238 5511 rum
252 5451 498 5529 Eugolismensium
512 5451 699 5507 auctoritatam
712 5449 858 5530 hisnverbrs
873 5465 881 5504 t
894 5451 974 5532 cliro

176 5527 301 5601 proxima
314 5524 410 5586 mortis
423 5536 481 5581 suae
493 5522 658 5592 1111111111,
674 5517 749 5590 quod
762 5516 972 5581 inconfessrone

1015 4151 1018 4154 .
1034 4112 1119 4167 sancti
1139 4112 1265 4168 bernardi
1281 4114 1340 4171 Vita
1351 4119 1511 4189 conscriptis
1533 4134 1676 4175 censuram
1691 4122 1822 4191 adhibuit,

1036 4184 1166 4237 uelatum
1202 4183 1289 4238 uidem
1304 4202 1423 4258 unguem
1438 4190 1488 4244 hac
1510 4187 1537 4243 in
1557 4197 1633 4263 parta
1653 4191 1687 4247 ab
1709 4192 1823 4251 Ernaldo

998 4228 1167 4333 fitdiscedat.
1181 4199 1260 4322 guod
1275 4267 1376 4327 spectat
1386 4262 1418 4313 ad
1433 4261 1602 4327 anacletum,
1618 4264 1714 4334 etipse
1725 4265 1824 4321 misere

1032 4324 1309 4396 111111111111138,
1328 4328 1445 4399 septimo
1462 4330 1506 4385 die
1520 4331 1654 4397 ianuarii,
1670 4341 1738 4391 teste
1758 4336 1824 4391 Fal·

1030 4407 1097 4449 cone
1110 4394 1309 4470 Beneventano,
1327 4418 1337 4448 r
1352 4415 1414 4455 cnm
1428 4401 1551 4471 sedisset,
1574 4423 1585 4452 1
1604 4403 1698 4487 inquit,
1717 4427 1728 4455 1
1746 4407 1824 4462 annis

1029 4466 1824 4606 tltlloltltltiillaillatilitatilllttt·

1029 4603 1137 4676 riensis,
1155 4607 1279 4666 Historiae
1293 4612 1362 4670 Nor.
1383 4614 1452 4670 libro
1468 4630 1496 4668 1:
1524 4637 1537 4664 ι
1551 4615 1705 4671 Auacietoa
1722 4617 1823 4691 inquit,

1031 4696 1043 4727 r
1065 4683 1158 4734 octavo
1172 4684 1330 4754 praesumpti
1343 4686 1407 4753 r(ut
1421 4685 1581 4756 dicebatur),
1596 4707 1607 4736 ι
1624 4686 1665 4742 sui
1679 4687 1825 4764 episcopa·

1029 4756 1071 4803 tus
1084 4764 1153 4804 anno
1169 4752 1305 4818 defuncto,
1320 4754 1446 4811 dominus
1464 4755 1636 4814 Innocentius
1659 4757 1824 4818 inconcussa

1028 4820 1061 4874 ad
1078 4821 1130 4877 hcc
1147 4829 1251 4893 tempus
1262 4839 1338 4894 pace,
1364 4827 1509 4897 apostolica
1523 4827 1623 4884 fruitur
1649 4827 1791 4901 dignitate.
1808 4850 1821 4886 a

1028 4889 1088 4958 Qua
1101 4891 1136 4948 de
1151 4910 1180 4949 rc
1195 4896 1224 4949 S.
1242 4895 1394 4953 Bernartius
1407 4897 1528 4970 epistolis
1549 4901 1611 4966 tit,
1632 4902 1693 4967 1116,
1712 4904 1781 4969 itt,
1797 4912 1825 4961 et

1027 4966 1209 5030 1111111111,
1224 4967 1251 5019 iu
1267 4965 1385 5037 Cantica,
1411 4968 1497 5027 initio.
1511 4969 1589 5038 Vide,
1609 4971 1633 5026 si
1647 4971 1732 5038 lubet,
1743 4979 1824 5030 11111

1026 5034 1060 5087 ad
1076 5035 1215 5103 epistolam
1227 5038 1288 5093 117.
1304 5039 1343 5094 Er
1356 5039 1571 5114 quibuscclligas
1584 5055 1690 5099 errasse
1705 5042 1823 5100 licslium

1028 5118 1089 5158 cum
1104 5105 1180 5171 dixit,
1200 5106 1348 5163 Gerardum
1359 5126 1429 5166 anno
1446 5114 1526 5178 1131,
1547 5114 1665 5170 schisma
1679 5123 1823 5172 versante

1026 5172 1112 5244 ipsum
1126 5192 1226 5230 anuum
1241 5177 1324 5235 fuisse
1338 5181 1510 5239 exstinctum.

1061 5247 1144 5316 (332),
1158 5247 1304 5316 Gerardus,
1323 5252 1370 5323 qui
1385 5252 1539 5325 primatum,
1555 5254 1583 5310 id
1601 5261 1643 5311 est
1661 5253 1743 5330 legati
1763 5273 1825 5311 mu-

1025 5328 1088 5382 nus,
1111 5317 1262 5379 atfectabat.
1282 5322 1386 5379 allusio
1401 5323 1436 5379 ad
1462 5325 1552 5382 locum
1575 5327 1689 5383 loannis
1712 5327 1823 5401 111111-

1028 5391 1100 5442 stola
1114 5402 1158 5455 rrr,
1178 5406 1249 5448 vers.
1270 5394 1297 5450 9.

1062 5461 1137 5527 (333)
1152 5459 1222 5517 Editi
1234 5464 1383 5522 1111111111
1400 5482 1485 5524 onere
1507 5471 1633 5540 1111111,
1659 5471 1688 5526 11
1707 5473 1823 5528 nomina

1026 5525 1179 5590 honoram.-
1197 5535 1244 5591 sed
1257 5539 1383 5608 proveri,
1398 5537 1474 5596 deest
1485 5536 1513 5595 in
1526 5538 1729 5613 manuscriptis.
