3728 5940
111 165 180 228 tarr
692 169 1180 236 numeramurnuncms.
1688 171 1759 259 tata

109 294 201 352 cedem
217 293 382 361 dilectionis,
392 312 475 368 quam
488 297 516 351 in
531 299 591 368 ejus
605 308 690 356 matre
702 299 751 357 tibi
764 314 904 357 commen·
918 311 944 392 g
993 298 1136 370 Etsemper
1149 297 1185 353 sit
1198 294 1358 352 benedictus
1371 295 1444 353 lilius
1456 296 1516 367 ejus
1538 297 1615 355 lesus
1634 296 1757 355 Christus

108 382 221 439 dataab
240 382 302 454 ipsn
316 398 423 453 semper
437 384 562 441 habuisti.
578 386 741 445 Benedictus
754 396 782 443 tu
797 403 812 442 a
827 386 904 443 Chri·
958 387 1092 443 Dominus
1115 393 1218 451 noster,
1247 384 1292 457 qui
1310 384 1377 442 vivit
1399 393 1428 442 et
1457 393 1551 460 regnat
1569 401 1630 442 cunr
1652 387 1709 443 Dee
1728 385 1757 443 in

109 477 163 528 sto.
178 471 341 528 Benedictus
363 486 380 527 a
398 483 482 529 matre
495 473 592 545 ipsius,
608 491 688 546 quam
703 475 819 533 dilexisti
832 493 903 550 puro
958 476 1059 532 unitate
1075 474 1192 546 Spiritus
1210 474 1298 530 sancti
1320 473 1484 546 peremnia
1512 473 1613 532 secula
1636 473 1757 532 seculo·

108 570 136 616 et
149 559 251 617 mundo
273 560 367 618 corde.
381 560 519 617 Benedicti
539 571 601 618 sunt
614 578 710 621 omnes
728 565 773 636 qui
788 563 902 637 diligunt
956 579 1026 619 rum.
1041 562 1140 619 Amen.

107 659 181 705 um.

109 795 1756 834 m

738 1004 1112 1114 TRACTATUS

447 1226 520 1315 ab
547 1225 766 1316 tibuunt
791 1224 1404 1324 montemmaranum.

569 1409 579 1478 (
594 1408 733 1484 Lugenius
746 1409 779 1465 de
793 1408 877 1466 anrs
892 1409 1034 1468 Aneedota
1047 1425 1140 1478 sacra,
1159 1428 1185 1482 p.
1202 1411 1247 1463 to.
1265 1412 1274 1477 )

144 1713 241 1776 tw
253 1715 370 1788 Syllebte
384 1715 729 1773 coelcstibussacramentis
744 1715 840 1787 plenae,
850 1731 898 1772 ore
914 1731 937 1810 p
954 1715 993 1772 tio
1009 1715 1036 1769 in
1051 1715 1169 1771 sacrario
1183 1714 1321 1771 Trinitatis
1335 1723 1377 1771 est
1400 1715 1487 1791 digito
1511 1714 1560 1771 Dei
1586 1714 1752 1785 conscripta,

105 1805 222 1878 polluto,
231 1819 351 1861 umorem
367 1804 443 1873 mibi,
460 1814 487 1860 et
503 1804 692 1861 verecundiam
706 1804 896 1871 intermittunt,
953 1819 1015 1859 cum
1039 1802 1066 1858 in
1102 1802 1265 1859 consistorio
1294 1803 1414 1859 coelestis
1451 1802 1542 1876 palatii
1571 1818 1587 1856 a
1614 1801 1753 1858 notatione

104 1894 168 1967 quia
182 1892 364 1967 sirpotlntus
379 1891 518 1965 lobiisepo
531 1892 670 1961 sumtlsc.
683 1908 722 1957 vr,
735 1895 835 1961 b),cnr
848 1893 898 1946 im·
954 1891 1103 1962 majestatis
1125 1891 1283 1964 sumpsisset
1297 1892 1432 1965 originem
1463 1891 1510 1947 uni
1539 1892 1572 1946 de
1599 1889 1753 1947 fortissimis

104 1983 236 2039 mundum
254 1980 351 2047 habeo,
368 1979 495 2052 pollutam
522 1981 640 2054 linguam
665 1981 790 2054 rubigine
811 1979 899 2052 pollu-
956 1979 1045 2050 palatii
1060 1980 1094 2036 ad
1108 1977 1284 2036 deferendum
1298 1988 1338 2036 est
1356 1979 1488 2054 delegata.
1509 1980 1617 2036 Gabriel
1638 1995 1753 2050 namque

104 2066 186 2124 donis
201 2066 466 2140 tineadenigratam.
481 2067 565 2140 AEgra
584 2078 625 2123 est
638 2068 803 2125 conscientia
818 2084 899 2140 quam
954 2070 1004 2126 Dei
1024 2069 1225 2141 fortitudinem
1251 2070 1382 2124 Hebraeus
1405 2069 1608 2140 interpretatur.
1638 2067 1753 2125 Mittitur

102 2154 174 2214 noea
188 2155 222 2211 sd
237 2155 366 2212 ultionem
386 2157 570 2226 corruptionis
585 2156 717 2214 corrodit.
732 2157 775 2213 Ad
790 2158 900 2230 loquen-
954 2173 1069 2230 namque
1083 2157 1195 2214 Gabriel
1209 2156 1398 2230 archangelus,
1414 2168 1441 2213 et
1465 2156 1604 2233 egreditur
1628 2157 1661 2211 de
1679 2156 1754 2226 aega

102 2244 166 2300 dum
182 2244 264 2318 igitur
285 2243 317 2299 sle
336 2244 387 2301 bac
411 2244 569 2301 salutatione
584 2260 639 2302 non
667 2249 753 2302 solum
768 2245 900 2302 sermonis
956 2246 990 2302 ad
1009 2246 1142 2320 reginem,
1158 2246 1193 2301 de
1207 2246 1373 2317 Imperatore
1387 2247 1419 2301 nd
1434 2245 1622 2318 imperantem,
1633 2246 1667 2299 de
1682 2244 1752 2300 civi·

112 2331 296 2400 ndrmitatem,
314 2333 362 2388 sed
381 2343 409 2389 et
422 2333 556 2391 silentium
577 2334 717 2405 profiteor.
734 2335 899 2406 Supercnci·
954 2333 1005 2391 bus
1019 2334 1079 2390 eceli
1093 2334 1126 2389 ad
1142 2333 1331 2389 condominam
1346 2334 1449 2404 palatii.
1464 2332 1617 2402 Ingreditur
1631 2333 1665 2388 ad
1687 2333 1751 2387 Vir-

101 2421 143 2477 uit
156 2421 230 2497 ignis
244 2421 319 2489 mihi,
336 2428 366 2476 ut
381 2438 434 2477 non
457 2419 561 2496 possim
581 2424 672 2480 videre
686 2424 759 2481 hune
773 2426 859 2482 solem
872 2425 898 2479 in
954 2421 1045 2493 ginem
1062 2422 1132 2496 ragis
1152 2419 1321 2492 perelectam,
1338 2427 1366 2476 et
1380 2436 1413 2478 eo
1424 2421 1491 2477 torte
1505 2421 1629 2487 alacrius,
1648 2428 1676 2474 nt
1688 2436 1752 2478 num

104 2511 189 2579 radio,
204 2509 260 2565 imo
275 2511 390 2576 radium,
400 2511 434 2568 de
444 2528 499 2582 quo
514 2513 554 2567 sol
571 2528 651 2569 serus
666 2513 798 2582 procedit.
813 2511 899 2586 Sylla·
953 2510 1041 2584 augeli
1060 2511 1137 2583 prius
1150 2509 1283 2566 habereut
1297 2510 1411 2585 Regem,
1427 2510 1545 2566 habituri
1563 2519 1655 2566 essent
1668 2516 1696 2564 et
1710 2525 1752 2564 re-

103 2599 151 2654 bts
165 2599 246 2668 bujus
261 2596 432 2654 salutationis
446 2598 600 2654 celestibus
614 2601 791 2656 sacramentis
806 2600 899 2670 plenas
954 2599 1056 2674 ginam,
1077 2607 1104 2654 et
1118 2607 1149 2656 ut
1173 2598 1205 2653 ad
1227 2598 1405 2670 supplendam
1429 2596 1531 2654 ordinis
1555 2596 1670 2670 angelici
1694 2595 1751 2652 rui·

102 2688 136 2744 de
159 2686 206 2743 illo
230 2684 298 2742 libro
320 2687 403 2743 credo
428 2695 558 2756 sumptas,
576 2703 656 2758 quem
681 2687 816 2760 signatum
832 2686 899 2744 vidit
954 2704 1026 2755 nam,
1046 2696 1205 2760 peccatores
1223 2686 1330 2759 ingredi
1348 2687 1420 2746 viam
1436 2685 1563 2758 peradisi,
1579 2691 1673 2744 mater
1696 2688 1752 2742 mt'·

103 2775 185 2833 lsuiss
204 2775 249 2848 qui
270 2774 294 2830 si
316 2775 397 2832 detur
420 2775 524 2842 scienti,
542 2778 582 2831 vel
600 2791 652 2830 nou
675 2774 770 2833 scienti
786 2775 896 2842 litteras,
954 2778 1125 2843 serinordiae,
1143 2777 1235 2848 regius
1252 2777 1424 2847 angelorum,
1442 2784 1519 2847 porta
1530 2774 1608 2831 lieret
1619 2773 1696 2831 Coeli.
1710 2776 1753 2832 ln·

103 2871 197 2920 neuter
212 2863 301 2938 legere
311 2862 484 2935 poterit(lsn.
496 2877 574 2929 xxti,
590 2864 642 2934 ll).
650 2863 752 2937 Regina
767 2864 899 2920 coelorum
956 2882 1068 2942 gressus
1082 2881 1147 2938 ergo
1163 2865 1296 2938 augelus:
1314 2863 1579 2938 traloquitprotta
1589 2865 1754 2937 plcnn.‚lln·

103 2952 161 3009 baec
174 2961 224 3021 etl,
247 2953 281 3007 de
304 2969 359 3025 qua
380 2953 454 3025 loqui
479 2952 597 3020 nitimur,
621 2951 669 3008 sed
693 2960 777 3008 mater
802 2952 902 3007 miseri·
956 2957 1054 3010 minus
1072 2960 1174 3012 tecam.
1190 2951 1463 3019 Libetintueri,libet
1477 2952 1612 3023 amplecti,
1629 2952 1694 3008 libel
1708 2952 1754 3007 ad·

102 3038 204 3097 cordiae
227 3046 312 3095 terret
334 3039 405 3105 hoc:
432 3041 536 3096 solatur
559 3040 634 3107 illud,
656 3043 704 3097 aed
727 3041 790 3112 quia
819 3051 902 3098 mater
917 3012 939 3090 fr
954 3043 1047 3098 mirari
1061 3042 1088 3097 in
1108 3043 1157 3098 bac
1172 3041 1337 3099 salutatione
1352 3041 1444 3099 titulos
1458 3041 1639 3113 imperatricis
1652 3046 1754 3097 nostres

103 3127 169 3183 misc
184 3125 295 3182 icorsliae
314 3142 364 3198 pro
381 3127 567 3200 peccatoribus
589 3139 630 3185 est
645 3129 715 3186 lacte
730 3136 810 3202 ports
824 3129 900 3197 Coeli,
957 3129 1093 3188 redientes
1107 3130 1134 3184 in
1149 3129 1308 3196 diademate,
1330 3140 1357 3185 et
1375 3129 1461 3200 ipsius
1485 3143 1605 3204 gemmea
1632 3137 1753 3184 contem·

101 3215 240 3287 presumit
265 3217 301 3272 mi
317 3214 458 3272 encordiae
482 3217 646 3273 confidentia
665 3218 737 3290 quod
762 3218 902 3273 dissuadet
955 3217 1035 3292 plari.
1051 3218 1157 3289 Inspice
1172 3216 1289 3290 syllabas
1310 3218 1392 3289 hujus
1410 3216 1548 3273 altissimae
1571 3216 1751 3281 salutationis,

103 3303 296 3363 misericordiae
324 3304 449 3364 altitudo.
473 3304 536 3363 Scio
558 3306 692 3379 siquidem
720 3306 793 3380 quod
822 3306 901 3363 tracti
955 3307 1159 3365 etinveniesin
1175 3305 1265 3379 sigillo
1279 3305 1461 3376 imperatricis
1476 3303 1676 3378 nostrae,quasi
1690 3306 1755 3361 cha·

101 3394 211 3449 suntad
231 3409 371 3449 numerum
390 3394 487 3454 dentes
506 3395 568 3451 mei.
585 3396 647 3454 Scin
662 3405 735 3453 certe
754 3396 826 3468 quod
846 3410 901 3452 non
955 3403 1075 3453 raeterns
1101 3394 1249 3468 spiritualis
1273 3394 1367 3467 gratiae
1391 3395 1490 3450 annulo
1516 3392 1684 3449 auctoritatis
1703 3393 1754 3447 im·

101 3489 142 3537 est
166 3479 308 3550 splendida
328 3480 388 3536 laus
410 3482 438 3535 in
465 3497 513 3537 ore
535 3483 693 3552 peccatoris,
710 3491 736 3539 et
759 3498 823 3538 cum
847 3499 901 3538 non
954 3499 1075 3557 pressos.
1090 3482 1206 3538 Videtur
1232 3481 1297 3537 mihi
1312 3482 1406 3538 ridere
1434 3482 1460 3537 in
1490 3482 1543 3538 boc
1564 3480 1653 3552 sigillo
1677 3480 1754 3552 quasi

102 3568 325 3644 praesumpserim
349 3569 491 3638 psalmum,
509 3580 537 3624 ut
561 3569 606 3625 det
620 3580 780 3641 tympanum
804 3586 901 3625 sonum
954 3578 1068 3644 quatuor
1084 3569 1261 3639 potentissimi
1275 3569 1385 3624 luminis
1403 3585 1525 3640 gemmas
1539 3576 1631 3624 mutua
1645 3567 1754 3624 redum-

102 3673 193 3725 suum,
211 3662 347 3730 tunquam
358 3673 395 3713 εει
411 3672 516 3713 sonans
531 3662 583 3715 nst
597 3658 757 3730 cymbatum
774 3660 902 3715 tinniens
957 3658 1079 3712 lrratioue
1093 3655 1245 3709 rutilantes.
1261 3655 1382 3723 Quarum
1389 3654 1478 3726 prima
1492 3661 1533 3710 est
1549 3657 1648 3711 Gratia
1656 3655 1752 3727 plena.

103 3745 130 3814 <l
144 3746 204 3804 cor.
220 3760 283 3808 1111,
302 3745 339 3816 l),
356 3743 404 3800 sad
419 3744 480 3802 linet
503 3759 554 3802 uox
578 3744 716 3801 discordet
735 3747 827 3808 atita,
844 3745 901 3800 scio
955 3745 1071 3800 secunde
1087 3744 1223 3800 Dominus
1238 3747 1341 3807 tecum,
1354 3743 1431 3797 tertia
1445 3742 1589 3800 benedictn
1605 3747 1640 3800 tat.
1651 3745 1683 3799 t'n
1692 3761 1755 3801 rnn-

103 3843 191 3890 tamen
206 3834 280 3907 quod
296 3835 408 3890 terbum
422 3834 456 3890 de
476 3833 572 3906 regina
586 3842 626 3890 est
641 3851 673 3890 ex
688 3833 829 3889 altitudine
844 3851 900 3889 ma·
957 3833 1181 3904 tterilnsquarta
1195 3832 1354 3890 benedictus
1369 3834 1479 3903 tractus
1490 3833 1595 3889 ventris
1607 3833 1662 3888 tui.
1673 3830 1756 3901 Quia·

100 3921 143 3996 gis
166 3923 325 3994 gloriosum.
342 3923 470 3979 Dicemus
492 3938 579 3996 ergo:
604 3924 667 3991 Ave,
689 3923 787 3992 llario,
806 3924 901 3996 pratia
955 3938 1016 3979 rum
1032 3930 1085 3976 tres
1101 3920 1162 3977 tulit
1176 3918 1287 3977 Gabriel
1302 3921 1336 3975 de
1350 3922 1429 3986 coelo,
1446 3930 1541 3992 quarta
1553 3921 1678 3992 loquente
1690 3920 1753 3991 Spi-

99 4013 187 4087 plcntt
201 4014 278 4081 (bne.
295 4026 314 4079 t,
331 4011 388 4082 28).
956 4012 1006 4066 ritu
1022 4020 1115 4066 sancto
1131 4026 1177 4080 prr
1190 4027 1222 4067 os
1239 4008 1378 4065 Elisabeth
1404 4007 1595 4079 prophetantis
1609 4007 1752 4080 expressit.

137 4098 256 4168 Onera,
272 4114 289 4157 ο
306 4100 412 4157 coelesti
431 4108 539 4157 nectare
564 4101 690 4157 delibata.
708 4100 731 4158 0
750 4117 814 4159 rere
829 4117 900 4172 prae·
954 4099 1107 4156 Pers-minet
1120 4107 1209 4154 summ
1225 4098 1268 4153 his
1290 4105 1408 4168 quatuor
1421 4096 1505 4152 veluti
1518 4095 1547 4152 in
1567 4095 1658 4153 lronte
1672 4096 1754 4171 sigilli

101 4189 214 4246 dicanda
238 4188 386 4245 salutatio:
413 4190 510 4261 Surge,
535 4190 641 4263 aquilo,
657 4193 686 4247 ct
709 4192 783 4257 ocni,
805 4195 903 4247 nester
956 4188 1090 4245 sidereum
1118 4203 1217 4242 nomen
1247 4186 1385 4258 Virginis,
1404 4185 1529 4244 videlicet
1553 4186 1637 4243 stello
1665 4188 1754 4242 mnrts

101 4277 196 4342 (Cant.
211 4293 249 4344 tv,
267 4277 312 4348 tt)
328 4276 410 4348 perlla
434 4277 512 4333 nobis
526 4278 642 4347 syllabas
663 4276 747 4347 hujus
768 4276 902 4332 salutatio·
917 4288 940 4368 n
956 4275 1019 4349 quia
1036 4274 1215 4346 sequentibus
1238 4273 1264 4326 iu
1280 4271 1388 4328 mortali
1402 4271 1462 4329 lune
1482 4272 1568 4327 intimi
1584 4273 1692 4330 luminis
1707 4290 1754 4329 ra·

101 4367 144 4422 nis
165 4364 194 4420 in
217 4363 368 4431 dulcedine,
390 4373 420 4420 ut
440 4365 524 4422 lluant
546 4376 667 4420 aromata
689 4364 771 4420 illius.
795 4366 823 4419 ln
848 4367 897 4421 bec
956 4364 1016 4422 dios
1030 4359 1412 4420 retunditTurbnleutissimo
1425 4361 1755 4433 hujusmundiprnlundo

100 4452 264 4511 “tutatione
282 4452 411 4523 quelibet
427 4453 528 4524 syllaba
549 4452 633 4509 ndore
650 4441 771 4524 ¹paradisi
785 4454 896 4520 redolet,
953 4452 1122 4525 superposita
1141 4458 1182 4506 est
1199 4450 1258 4506 haee
1272 4447 1351 4506 stelle
1364 4450 1458 4520 maris,
1475 4459 1504 4505 nt
1528 4467 1543 4506 a
1566 4451 1686 4522 scopulis
1701 4468 1756 4506 mu·

100 4541 163 4617 quit
185 4541 270 4598 Verbi
292 4541 352 4599 hoell
378 4556 440 4598 Vere
462 4548 526 4596 ⁸¹¹¹st
550 4542 612 4598 ⁰⁰25
640 4541 719 4599 melle
740 4542 853 4609 mellita,
881 4549 908 4598 01
961 4550 1027 4617 niet,
1043 4567 1058 4605 a
1072 4548 1197 4605 lluctibus
1210 4545 1350 4620 eripiat,e
1376 4548 1470 4620 piratis
1484 4545 1620 4611 defendat,
1635 4547 1669 4603 ad
1689 4561 1757 4618 por·

98 4631 211 4704 quiade
227 4631 325 4687 throno
340 4628 494 4702 procedunt
519 4631 547 4685 in
569 4631 621 4688 bae
639 4631 708 4689 ralle
728 4633 907 4704 lacrymarum
961 4645 1016 4695 tum
1028 4638 1167 4710 perducet.
1179 4637 1251 4708 Quot
1266 4643 1368 4710 autem,
1383 4644 1408 4694 el
1423 4644 1524 4708 quanta
1538 4635 1593 4693 siut
1608 4637 1691 4705 liuius
1707 4636 1758 4690 im.

101 4720 252 4794 peregrina,
275 4719 319 4777 aix
343 4716 463 4773 habitant
479 4718 575 4777 domos
598 4720 683 4776 luteus
698 4721 762 4776 Evae
786 4720 850 4777 liliis
869 4720 909 4775 in·
960 4727 1125 4800 pacatissimi
1145 4727 1228 4783 maris
1247 4723 1366 4795 pericula
1380 4741 1475 4782 omnes
1495 4723 1541 4780 tllii
1556 4725 1619 4781 Erae
1642 4724 1758 4797 ingemi-

101 4807 256 4879 telligende.
269 4807 385 4866 Nardns
402 4823 569 4880 numeroso,
580 4814 609 4866 ει
628 4814 726 4866 clocas
740 4825 805 4867 cum
817 4809 908 4867 nardo
962 4826 1048 4886 scunt,
1065 4818 1110 4888 qni
1132 4817 1172 4871 vel
1197 4819 1230 4871 ad
1249 4815 1361 4886 praemia
1379 4815 1537 4887 suspirant,
1564 4815 1606 4872 rel
1634 4814 1758 4870 exsilium

99 4897 210 4967 fitilla,
221 4902 249 4955 εἰ
263 4898 482 4962 cinnamum,
493 4896 622 4970 myrrha,
634 4902 662 4954 el
674 4899 746 4962 αἷσι,
758 4913 825 4954 trum
839 4900 906 4954 nni·
961 4905 1115 4979 deplorant.
1130 4904 1199 4961 Tute
1217 4903 1288 4959 enim
1304 4904 1360 4960 sita
1382 4919 1504 4976 praesens
1519 4901 1632 4959 tentatio
1651 4909 1703 4972 est,
1726 4903 1761 4959 dc

100 4985 187 5044 vm&
202 4986 287 5058 lieni*
309 4985 409 5041 libani
425 4985 521 5053 (Cant-
544 4999 582 5052 ll,
610 4985 665 5056 14)·
692 4985 721 5040 1¹1
746 4985 908 5042 “lutatifflle
962 5012 1015 5066 qua
1029 4995 1111 5050 nirnis
1137 4993 1252 5051 vincitur
1267 4992 1393 5066 quisquis
1417 4993 1489 5049 rinci
1503 5007 1557 5048 non
1583 5000 1705 5049 seretur.
1730 4990 1761 5047 In

102 5083 194 5130 mutua
208 5071 352 5129 dulcedine
366 5070 499 5143 respirant
515 5072 588 5127 nitor
598 5074 909 5148 uerborumgramm'ati-
961 5083 1014 5140 1100
1032 5083 1104 5139 enim
1119 5083 1186 5138 mari
1202 5098 1313 5156 magno,
1329 5093 1355 5139 er
1370 5080 1490 5155 spatioso
1510 5081 1634 5137 manibus
1653 5086 1691 5136 ωε
1710 5096 1761 5136 re.

102 5158 482 5229 (lus,titttbatordidlectitllls‚
499 5160 910 5229 exornatol'l’lldtolicds‚ethi8
963 5171 1037 5244 ptilia
1053 5179 1115 5227 sunt
1134 5178 1199 5243 quot
1212 5171 1287 5238 vilia,
1313 5179 1353 5227 tot
1368 5169 1510 5245 naufragia
1532 5178 1599 5241 quot
1622 5183 1761 5227 excessus,

104 5251 195 5309 verbis
218 5251 416 5320 ⁰b⁸²l¹ll⁰⁸⁰l¹⁰²
438 5249 510 5336 quod
527 5250 657 5307 mlllbffil
676 5251 803 5308 mutatio
817 5267 910 5324 Ρῐῡθθ·
963 5258 1089 5318 Ofidelis
1104 5259 1203 5330 anima,
1222 5261 1335 5320 inomni
1351 5259 1493 5333 naulragic
1514 5268 1562 5316 luo
1590 5261 1649 5316 lere
1672 5259 1766 5317 oonlos

104 5342 171 5398 ‘10⁰⁸
190 5357 205 5394 ἃ
225 5339 323 5395 lhl0l¹⁰
342 5337 484 5408 l¹¹¹¹¹ll1²d⁰⁸
508 5339 588 5396 habet
610 5351 796 5409 mmmmm,
820 5349 849 5396 nl
872 5340 911 5413 ll·
963 5349 1109 5404 adradium
1125 5350 1206 5420 liujus
1222 5348 1433 5423 splendidissimi
1452 5348 1557 5417 sideris,
1582 5346 1689 5422 Inspice
1704 5348 1767 5405 stel-

104 5430 207 5490 nltnum
231 5425 351 5502 pectoris
370 5427 516 5501 perspiciet
539 5436 567 5486 et
588 5429 711 5487 illustret.
735 5430 797 5486 llaec
811 5430 910 5487 saluta·
963 5437 1037 5503 lam,
1060 5435 1157 5493 invoca
1175 5435 1298 5494 llariam.
1314 5435 1377 5510 Pige
1394 5435 1492 5494 mentis
1503 5435 1593 5511 aciem
1608 5437 1635 5492 in
1651 5437 1703 5492 hoc
1720 5450 1767 5492 sc·
