3728 5940
166 195 234 256 tltt

635 189 663 250 S.
683 192 849 254 bethahar
869 195 1005 256 ABBthS
1023 199 1333 265 thilAE·thhENSlS

1746 210 1820 270 1128

163 321 246 379 condi
261 320 326 386 toni,
344 318 481 385 termines,
493 324 523 373 ut
536 318 662 385 diximus,
674 320 702 374 in
714 322 737 377 D
749 320 793 377 uel
806 321 841 377 Α.
862 304 963 379 Omnes
976 339 1000 418 Α
1016 327 1089 383 enim
1104 329 1261 398 hujusmodi
1276 341 1372 389 cantus
1385 330 1512 403 duplices
1525 341 1588 387 sunt
1602 343 1630 389 et
1643 332 1819 406 irregulares

163 408 290 469 secunda
321 406 458 472 maneria,
478 405 506 462 id
521 414 564 463 est
578 408 649 464 tertii
664 416 691 464 et
718 409 806 482 quarti
819 411 887 476 toni,
897 411 925 465 in
940 411 962 467 Ε
1015 418 1147 488 duplices,
1161 420 1224 492 quia
1238 423 1334 491 partim
1348 430 1410 478 sunt
1427 422 1556 491 authenti,
1583 423 1685 494 partim
1713 423 1818 495 plaga-

163 498 207 556 uel
219 498 248 554 in
274 496 295 552 B
315 495 478 569 quadratum
493 513 500 553 :
518 496 592 570 quod
615 497 678 555 licet
692 508 747 554 tam
771 500 960 556 authentorum

163 603 244 660 quam
270 584 418 658 plagalium
445 585 604 643 naturaliter
629 587 813 658 susceptivum
828 589 876 655 sit3
899 589 960 644 nul-

162 677 219 731 lum
243 681 333 731 tamen
369 674 530 731 authentum
555 675 581 729 in
612 677 802 744 antiphonario
831 678 958 748 reperies,

163 780 245 837 quem
260 763 288 819 in
304 764 364 836 ipso
379 764 526 821 terminare
540 764 641 821 valeas.
657 765 685 821 Si
697 765 770 823 enirn
784 774 825 822 est
836 767 959 839 Respon-

162 853 372 920 sorium,scrsus
382 852 454 910 illius
464 854 583 910 authenti
597 870 652 909 non
662 853 781 924 potestei
792 864 959 927 competere,

162 943 210 1016 qui
238 943 290 1000 sub
325 949 402 999 sexta
421 943 511 999 littera
538 943 566 998 in
590 959 645 1015 qua
666 943 762 1015 incipit
787 944 959 1001 semitonium

162 1031 244 1088 habet
259 1049 266 1084 ι
283 1031 306 1088 si
321 1037 443 1101 ueroest
457 1030 603 1102 antiphona
620 1052 631 1081 ι
650 1029 832 1098 Saeculorum,
860 1055 871 1081 s
890 1033 961 1102 ejus-

161 1120 225 1177 dem
243 1120 364 1178 authenti
378 1136 433 1176 non
452 1127 542 1191 potest
561 1119 686 1193 recipere
705 1127 816 1192 propter
837 1121 959 1178 eamdem

162 1223 285 1267 causam.

197 1319 225 1372 6.
245 1314 353 1372 Nullum
368 1315 503 1387 siquidem
521 1325 641 1388 cantum,
658 1315 705 1389 qui
728 1331 777 1387 per
790 1316 916 1386 diapente
933 1326 960 1372 et

162 1407 337 1463 semitonium
352 1405 483 1462 ascendat
497 1405 531 1461 ad
547 1413 662 1471 sextam,
676 1406 823 1461 temninare
841 1414 918 1476 potos
933 1405 959 1460 in

162 1493 324 1565 Bquedrato
334 1495 457 1566 thol-2),
470 1494 544 1565 quod
558 1509 642 1564 supra
657 1508 688 1548 se
701 1493 827 1565 diapente
840 1508 896 1549 non
907 1494 960 1548 ha·

163 1583 219 1639 bet.
241 1582 356 1653 Propter
370 1583 421 1638 hoc
437 1597 492 1637 nou
508 1582 576 1637 satis
597 1582 740 1639 commode
759 1581 918 1637 invenerunt
932 1582 958 1636 in

1014 505 1055 561 les
1069 508 1154 580 (205).
1173 508 1252 578 Quod
1266 527 1333 567 vero
1347 517 1444 568 contra
1468 511 1589 585 regulam
1608 511 1649 567 sic
1661 514 1819 567 ascendant

1014 604 1041 651 et
1056 595 1231 667 descendant,
1241 607 1371 657 testantur
1385 599 1467 656 etiarn
1486 600 1538 672 ipsi
1553 599 1681 656 doctores
1696 602 1817 669 erroris;

1014 685 1062 741 sed
1077 702 1126 757 per
1140 688 1275 744 licentiam
1289 688 1382 745 dicunt
1403 689 1455 745 hoc
1478 687 1548 761 fieri,
1564 690 1676 759 regulas
1697 688 1819 747 conlun-

1013 775 1107 831 dentes
1136 787 1167 832 ut
1189 778 1253 834 vitia
1268 778 1408 849 retineant,
1426 794 1482 833 non
1508 777 1573 834 vitia
1599 789 1765 835 resecantes
1790 787 1819 833 ut

1014 864 1123 937 regulas
1138 866 1302 922 custodiant.
1318 866 1385 934 Quas
1401 874 1443 922 est
1457 866 1492 921 ita
1507 866 1627 934 licentia,
1644 883 1707 937 quae
1721 867 1817 938 regio·

1014 969 1077 1008 nem
1129 955 1321 1025 perambulans
1350 954 1589 1024 dissimilitudinis,
1625 955 1816 1012 ‹mniusionem

1014 1041 1153 1099 adducens
1166 1043 1372 1111 incertitudinis,
1390 1045 1612 1117 presumptionis
1626 1055 1715 1102 mater
1734 1054 1763 1102 et
1779 1063 1817 1101 re

1014 1132 1121 1205 logium
1149 1134 1261 1203 erroris,
1291 1135 1435 1193 veritatem
1450 1133 1580 1206 deprimit
1612 1144 1640 1190 et
1671 1135 1815 1205 perturbat

1012 1223 1101 1283 699
1125 1224 1282 1296 judicium?
1313 1241 1374 1297 quae
1402 1231 1453 1293 est,
1487 1224 1606 1297 inquam,
1636 1224 1696 1280 baec
1722 1224 1817 1282 illicita

1014 1315 1199 1387 licentiaque
1211 1315 1380 1388 conjungens
1395 1312 1531 1387 opposita,
1547 1324 1689 1386 metasque
1703 1322 1815 1370 natura·

1015 1405 1057 1460 les
1071 1403 1286 1478 transgrediens,
1314 1402 1381 1459 sicta
1409 1402 1653 1460 inconcinnitatem
1665 1405 1813 1473 junctura,

1015 1495 1052 1550 ite
1084 1502 1112 1550 et
1131 1493 1258 1562 injuriam
1286 1492 1391 1564 irrogat
1414 1493 1547 1550 natural
1576 1493 1648 1547 Luce
1676 1493 1813 1562 siqnidem

1016 1583 1116 1640 clarius
1130 1589 1172 1638 est
1202 1589 1311 1639 cautum
1334 1582 1408 1636 illum
1423 1582 1493 1636 male
1507 1588 1533 1636 ct
1551 1580 1704 1636 inordinate
1737 1596 1813 1637 eom·

163 1672 315 1728 tertiotono
326 1679 592 1738 versum,neoma‚et
607 1691 621 1723 u
639 1671 833 1726 saeculoruma
853 1669 962 1726 Utrum
977 1674 999 1751 fl
1015 1673 1144 1745 positum,
1160 1670 1205 1745 qui
1219 1670 1262 1728 uel
1286 1669 1323 1725 ita
1350 1668 1520 1742 deprimitur,
1560 1677 1706 1740 quatenus,
1733 1678 1814 1742 prout

161 1774 217 1830 que
232 1768 320 1815 tamen
336 1758 448 1814 forsitan
463 1757 717 1824 consideraverunt,
728 1757 961 1814 etsterilttatemlt
1018 1761 1095 1817 decet
1109 1760 1196 1816 audiri
1210 1767 1347 1832 nequeam
1375 1757 1466 1817 velita
1494 1759 1623 1827 elevatur,
1655 1768 1685 1816 ut
1711 1759 1812 1814 cantari

161 1848 287 1918 quadrati
302 1856 330 1903 et
357 1845 545 1902 habilitatem:
562 1846 739 1914 sterilitatem,
763 1853 961 1916 componentes
1019 1865 1075 1905 non
1093 1849 1191 1906 valeat.
1219 1847 1265 1903 Sic
1279 1846 1351 1903 enim
1371 1846 1450 1902 dehet
1466 1845 1536 1915 fieri,
1551 1857 1581 1900 ut
1595 1847 1623 1901 io
1639 1845 1812 1903 interioribus

163 1951 284 2002 versum,
307 1953 320 1990 ι
335 1951 467 2004 neuma»
478 1943 505 1991 et
522 1955 534 1986 r
550 1935 723 2001 saeculorum,
738 1955 749 1984 r
762 1935 887 1990 cantibus
900 1934 961 1990 inE

161 2023 359 2079 erminantibus
369 2030 473 2078 tantum
483 2023 662 2093 competentia
674 2041 682 2090 ς
692 2023 869 2091 habilitatem,
886 2032 961 2079 sexta

162 2127 213 2184 pro
224 2111 316 2185 quinta
327 2120 434 2168 utentes
446 2127 452 2169 :
462 2112 523 2168 utsi
534 2111 781 2183 quandosterilitati
790 2112 862 2167 illius
873 2113 961 2169 llnalis

163 2200 962 2272 fecunditassumederetparataessetlitteraquaeaurhen-

161 2290 242 2347 ticam
255 2293 315 2360 ejus
334 2289 511 2346 elevationem
534 2289 677 2361 reciperet.
707 2290 786 2360 Apud
805 2305 856 2346 nos
871 2301 960 2346 tamen

164 2380 320 2434 authentum
340 2378 367 2433 in
383 2377 402 2432 ll
416 2378 546 2449 quadrato
561 2377 697 2432 terminari
712 2378 845 2449 reperies,
857 2378 961 2434 scilicet

164 2486 176 2516 ι
194 2466 329 2523 Euntibus
344 2464 393 2538 [cl.
415 2465 480 2521 odd.
496 2474 524 2520 et
539 2473 564 2521 te
579 2466 665 2520 Deum
691 2465 810 2538 Petrum]
829 2487 840 2516 s
863 2466 959 2540 :quod

163 2555 227 2610 alibi
242 2554 378 2611 terminari
393 2568 448 2611 non
462 2562 567 2623 potest.
585 2554 642 2610 Hoc
660 2568 833 2610 communem
847 2570 959 2611 uersum

163 2657 212 2698 ncc
227 2643 320 2708 hebet,
335 2656 387 2697 nec
402 2642 502 2697 habere
517 2650 621 2713 potest,
637 2641 684 2699 sed
700 2642 781 2698 habet
794 2659 873 2699 snum
893 2659 958 2712 prc-

163 2731 267 2803 prium.
282 2730 368 2788 Porro
387 2743 482 2786 omnes
496 2737 594 2786 cantus
608 2730 693 2785 tertiae
716 2731 855 2800 maneria,
878 2730 960 2786 idest

165 2817 253 2892 quinti
271 2828 298 2874 et
312 2818 378 2875 sexti
389 2819 455 2884 toni,
471 2817 599 2876 termines
613 2818 642 2873 in
655 2818 685 2891 F,
701 2819 742 2876 uel
759 2817 787 2873 in
800 2818 832 2885 C,
845 2818 876 2884 F,
899 2833 958 2874 me·

165 2906 218 2977 jori
237 2907 311 2980 parti
329 2908 533 2973 authentorum
561 2908 666 2963 Cvero
690 2906 817 2963 omnibus
832 2907 889 2964 iere
904 2906 961 2979 pla-

163 2996 273 3071 galibus
307 2998 457 3054 attribuens
483 3015 490 3053 :
515 3012 612 3054 omnes
639 3012 705 3053 vero
733 3005 828 3054 cantus
855 2954 997 3069 quartae

163 3085 304 3152 manemoe,
325 3084 353 3141 id
366 3094 408 3141 est
432 3086 539 3157 septimi
566 3093 593 3142 et
617 3094 705 3142 cctam
729 3087 798 3152 toni,
813 3087 840 3142 in
855 3087 880 3142 G
894 3093 957 3143 tan·

161 3182 221 3230 tum
247 3175 396 3231 terminare
422 3174 518 3231 dobes.
538 3176 641 3232 Harum
667 3184 771 3244 septem
794 3175 956 3242 litterarum,

159 3278 214 3320 non
242 3278 323 3319 unam
361 3263 460 3335 magis,
490 3272 517 3321 et
544 3263 626 3320 aliam
658 3263 759 3328 minus,
788 3263 836 3320 sed
864 3279 959 3319 omnes

161 3350 304 3422 aqualiter
328 3349 489 3421 principales
512 3366 545 3406 ac
572 3350 698 3422 proprias
713 3350 808 3406 finales
831 3366 892 3407 esse
905 3366 957 3407 no·

161 3439 249 3496 veris:
267 3438 400 3495 hahentes
422 3438 553 3494 nimirum
567 3446 621 3493 tam
651 3439 839 3495 authentorum
867 3439 958 3495 elesa·

164 3527 275 3594 tionem,
292 3540 374 3599 quam
382 3526 580 3597 depositionem
595 3526 753 3599 plagalium.
767 3525 906 3598 Incipiunt
915 3543 962 3584 au-

163 3624 219 3673 tem
238 3631 255 3672 a
267 3615 292 3672 D
305 3615 394 3687 gravi,
410 3621 437 3671 et
451 3615 479 3670 in
494 3615 515 3670 G
530 3621 608 3672 acuto
622 3614 749 3672 desinunt
763 3631 771 3670 :
789 3631 871 3688 supra
885 3617 958 3673 euim

161 3705 206 3764 tel
220 3703 292 3761 inira
316 3702 422 3760 nullam
450 3703 583 3775 invenies,
610 3704 656 3762 cni
687 3719 742 3761 oon
768 3705 839 3760 desit
866 3706 958 3762 eleua-

162 3793 245 3851 tioois
259 3793 305 3850 vsl
318 3791 499 3864 depositionis
513 3792 657 3865 perfectio.
673 3793 708 3850 Ut
722 3799 812 3849 autem
826 3809 959 3867 unaque-

159 3897 213 3955 que
242 3897 336 3939 carum
363 3881 565 3955 progressionis
592 3881 753 3953 percelleret
778 3883 957 3954 plenitudine,

159 3970 283 4028 iecerunt
296 3970 392 4028 hlusici
415 3971 623 4043 dispositionem
640 3970 791 4028 litterarum
805 3987 822 4026 a
834 3971 853 4023 Γ
867 3987 959 4046 graeco

159 4075 248 4132 usquc
263 4061 291 4117 in
304 4077 336 4117 ee
351 4061 428 4132 (203)
443 4068 635 4132 superacutum
664 4076 670 4117 :
687 4075 742 4115 non
759 4060 824 4131 qnia
848 4062 958 4116 maluis-

160 4158 223 4206 tent
236 4150 381 4206 abundare
396 4165 478 4222 quam
491 4149 622 4215 dehere
643 4149 690 4204 scd
704 4148 769 4220 quia
784 4164 835 4206 nec
844 4165 957 4222 supera·

1015 1937 1168 1992 auditorem
1192 1937 1299 2001 habeat,
1324 1944 1351 1991 et
1383 1934 1410 1988 in
1435 1935 1619 2008 superioribus
1637 1935 1810 2007 prolatorem.

1017 2029 1102 2096 llujns
1117 2024 1312 2082 mediocritatis
1339 2030 1461 2080 tenorem
1475 2023 1586 2095 quidam
1603 2022 1631 2079 in
1652 2032 1728 2090 octo,
1753 2023 1812 2096 qui·

1016 2117 1077 2170 dam
1095 2117 1121 2170 io
1137 2131 1234 2172 nouem
1247 2113 1360 2169 uocibus
1386 2128 1448 2169 esse
1460 2113 1614 2179 voluerunt,
1627 2127 1683 2168 noo
1708 2113 1813 2169 clamo-

1019 2221 1121 2270 sarum,
1137 2204 1185 2258 sed
1200 2218 1298 2260 uocum
1311 2202 1486 2258 mediocrium
1499 2201 1708 2273 possibilitatem
1723 2202 1813 2258 consi-

1016 2295 1153 2349 derantes.
1170 2293 1362 2348 Verumtamen
1378 2291 1524 2346 secundum
1543 2289 1613 2354 illos,
1627 2306 1749 2362 quorum
1763 2307 1829 2346 ex-.

1017 2381 1262 2454 quisitiorvidetur
1276 2397 1338 2436 esse
1366 2381 1512 2447 sentemie,
1536 2395 1620 2450 usque
1645 2379 1680 2432 ad
1702 2379 1813 2436 decem·

1016 2488 1096 2528 uoces
1113 2479 1202 2542 potest
1214 2481 1309 2527 cantus
1334 2468 1472 2541 progredi,
1495 2477 1603 2540 propter
1615 2470 1813 2522 auctoritatem

1015 2561 1137 2615 Psalterii
1154 2560 1225 2632 quod
1238 2559 1440 2616 decachordum
1455 2562 1515 2620 est;
1532 2565 1558 2612 et
1580 2561 1610 2611 nt
1623 2556 1738 2625 aqualis
1753 2556 1814 2609 sint

1015 2649 1154 2723 dignitatis
1186 2649 1301 2721 singula
1328 2663 1409 2703 uoces
1432 2645 1571 2716 diapason,
1590 2658 1650 2715 qum
1663 2653 1728 2699 octo
1746 2650 1815 2698 sunt

1014 2750 1152 2811 quatenus
1165 2738 1279 2805 ultimae,
1295 2737 1365 2793 sicut
1379 2744 1407 2791 et
1420 2734 1528 2799 mediae,
1542 2732 1674 2809 geminam
1693 2731 1815 2787 habeant

1015 2828 1210 2893 habitudinem,
1235 2825 1339 2882 scilicet
1366 2825 1468 2882 elevari
1491 2830 1519 2879 et
1546 2820 1656 2894 deponi,
1671 2819 1812 2877 collocatis

1022 2917 1184 2973 altrinsecus
1199 2915 1304 2971 duabus
1314 2914 1436 2983 uocibus,
1445 2913 1529 2968 altera
1541 2909 1813 2980 superins‚alterain·

1018 3003 1101 3060 lerina
1114 3021 1121 3068 ;
1133 3003 1195 3075 quia
1210 3010 1312 3058 tantum
1324 3002 1375 3057 hoc
1383 3015 1433 3071 per
1442 3008 1504 3055 octo
1513 3011 1594 3054 voces
1603 2995 1707 3051 hahent
1719 3005 1811 3051 cantus

1013 3093 1181 3158 discurrere,
1191 3101 1216 3147 et
1228 3109 1281 3146 non
1296 3106 1345 3163 per
1359 3088 1466 3161 plures:
1480 3084 1677 3158 propterquod
1691 3083 1810 3157 regulari

1014 3189 1141 3239 cantuum
1156 3180 1343 3252 progressioni
1358 3181 1488 3249 diapason
1495 3174 1683 3232 sullicithicct
1696 3173 1768 3229 enim
1784 3173 1809 3226 in

1016 3271 1205 3344 progressione
1224 3277 1354 3327 cantuum
1368 3268 1473 3324 duabus
1487 3264 1599 3321 vocibus
1613 3262 1762 3326 hincinde,
1779 3270 1809 3316 nt

1014 3361 1186 3427 dictumest,
1209 3360 1313 3429 positis,
1337 3359 1431 3414 decem
1459 3370 1539 3412 voces
1553 3352 1733 3416 inveniantur,
1748 3366 1806 3406 non

1014 3456 1103 3503 tamen
1118 3464 1165 3518 per
1178 3450 1272 3504 decem
1287 3460 1376 3512 voees,
1387 3444 1436 3501 sed
1450 3449 1554 3498 tantum
1563 3457 1615 3513 per
1626 3448 1689 3497 octo
1702 3438 1809 3504 medias

1016 3545 1112 3594 cantus
1138 3536 1300 3603 discurrere,
1317 3544 1344 3590 et
1369 3548 1454 3605 usque
1480 3531 1622 3587 advoces
1649 3529 1812 3584 altrinsecus

1026 3625 1128 3699 positas
1143 3624 1285 3696 pervenire
1314 3622 1404 3693 habet,
1419 3621 1465 3676 scd
1480 3636 1530 3692 per
1543 3635 1592 3675 eas
1606 3619 1647 3673 irc
1666 3617 1712 3675 sel
1725 3618 1814 3672 redire

1025 3730 1080 3770 non
1096 3714 1185 3770 habet.
1196 3714 1230 3768 Et
1241 3713 1315 3784 qnod
1341 3712 1430 3781 majus
1453 3720 1504 3777 est,
1529 3706 1683 3764 seeundum
1693 3706 1814 3779 disposi·

1025 3803 1128 3859 tionem
1153 3811 1279 3858 tonorom
1304 3808 1332 3855 et
1344 3799 1549 3855 semitoniorum
1570 3813 1578 3852 :
1604 3812 1688 3868 quaro
1711 3795 1816 3851 bahent

1015 3892 1121 3960 musici,
1136 3890 1183 3962 qni
1198 3891 1293 3964 primm
1306 3897 1334 3944 et
1346 3895 1450 3959 quartae
1463 3895 1491 3944 et
1511 3885 1634 3956 septimae
1650 3885 1753 3940 litterae
1775 3884 1814 3939 al-

1014 3981 1146 4039 trinsecus
1157 3990 1251 4037 tonum
1274 3979 1422 4038 attribuunt
1436 3978 1598 4034 sccundeeet
1616 3975 1724 4046 quintae
1745 3974 1816 4029 inie-

1020 4070 1080 4126 rius
1100 4078 1193 4126 tonum
1220 4079 1247 4124 et
1266 4084 1347 4140 supra
1372 4065 1554 4128 semitonium,
1579 4063 1668 4119 tertiae
1694 4079 1766 4121 tero
1792 4069 1818 4118 ct

1015 4168 1128 4216 sextaee
1143 4175 1289 4226 conuerso,
1306 4158 1430 4215 uidelicet
1445 4171 1527 4226 sopra
1542 4161 1639 4208 tonum
1653 4161 1682 4208 et
1701 4151 1817 4210 inferias

161 4237 295 4307 bundare,
315 4253 366 4294 nec
384 4237 503 4294 deficere
516 4236 675 4306 uoluerunt,
693 4238 825 4294 iacientes
841 4239 960 4311 disposi·
975 4238 998 4318 n
1014 4248 1198 4316 semitonium,
1241 4264 1296 4303 non
1333 4245 1567 4317 praeeminentes
1593 4243 1768 4314 quandoque
1788 4243 1818 4298 lh

160 4327 261 4383 tionem
282 4342 344 4399 que
358 4342 446 4398 neque
460 4326 521 4385 sine
534 4327 755 4384 incommoditate
770 4328 955 4395 contractior,
1016 4341 1161 4395 rotundum
1193 4354 1241 4409 pro
1268 4337 1412 4410 asperitate
1436 4334 1526 4391 tritoni
1545 4331 1725 4389 :secundum
1741 4332 1818 4394 hanc,

158 4431 209 4473 nee
221 4415 281 4472 aas
295 4415 481 4487 inminutae
495 4425 590 4487 posset
605 4432 667 4474 esse
695 4416 838 4488 protam.
856 4418 957 4490 usqum
1012 4428 1133 4501 inquam,
1146 4427 1352 4500 dispositionem
1371 4425 1462 4482 nultus
1485 4428 1579 4479 antus
1593 4419 1657 4475 sert
1682 4422 1818 4494 mesra

159 4504 232 4563 enim
247 4504 349 4577 aliquid
364 4504 573 4577 superadderes,
588 4521 652 4564 cum
661 4504 826 4577 supradicta
839 4507 959 4580 plenitu·
1013 4516 1106 4573 decem
1123 4517 1234 4574 vocibus
1246 4515 1290 4575 vel
1316 4516 1384 4572 citra
1397 4513 1445 4586 qui
1459 4511 1546 4569 notari
1564 4525 1619 4566 non
1639 4510 1736 4583 possit
1749 4530 1761 4577 ,·
1774 4509 1819 4565 scd

160 4592 218 4651 dini
233 4596 291 4652 haec
300 4594 444 4666 dispositio
458 4593 575 4651 sufficiat
591 4614 598 4655 ε
616 4595 660 4652 eui
675 4611 691 4651 e
705 4595 847 4667 regionesi
857 4594 960 4668 aliquid

159 4683 345 4752 subtraheres,
362 4683 481 4756 aliquam
497 4684 621 4756 prolecto
635 4683 756 4740 finalium
767 4683 958 4756 ejusdample-

160 4771 295 4829 situdinis
309 4772 410 4829 decore
425 4773 579 4842 spoliares?

196 4881 225 4936 ’1.
241 4879 375 4935 Praeterea
389 4887 452 4936 som
475 4879 552 4937 multi
565 4887 675 4949 cantus,
691 4880 720 4936 in
734 4880 835 4952 quibus
848 4878 954 4953 duplari

158 4968 302 5026 elevationi
312 4967 516 5024 hemioliamtel
526 4968 748 5041 (iohlepitritum
758 4968 956 5040 depositionem

159 5072 243 5130 quam
257 5058 358 5113 habere
385 5059 522 5128 so'ebant,
544 5056 712 5114 subtractam
732 5057 865 5116 invenies.
880 5058 958 5114 Sicut

161 5167 174 5200 ι
191 5146 343 5211 Cornelius,
358 5145 456 5202 Sancte
479 5145 572 5212 Paule,
589 5164 602 5199 a
628 5145 716 5201 etalii
735 5146 837 5218 plures.
853 5147 957 5203 Omnes

196 5259 301 5331 (aot-a)
315 5258 422 5343 Negant
434 5260 602 5344 recentiores
617 5276 700 5388 posse
715 5261 823 5344 tertium
836 5273 863 5319 ct
878 5277 957 5344 qnar-

162 5339 221 5387 tum
235 5336 329 5387 wnum
344 5334 483 5388 tenmnari
497 5349 524 5388 ro
540 5333 559 5389 B
577 5348 623 5390 mo
636 5333 670 5400 le,
684 5348 748 5405 ana
762 5333 871 5390 obstant
883 5341 957 5389 trito

162 5413 215 5459 ›tns
227 5408 254 5456 et
267 5402 469 5475 semidiapcnte.

204 5470 280 5544 (20³)
298 5472 329 5529 lo
341 5473 527 5548 manuscripto
552 5484 596 5533 est
613 5478 672 5535 hac
685 5476 774 5535 littera
796 5477 831 5545 11,
846 5491 906 5550 qure
919 5475 957 5530 si-

1014 4607 1137 4664 undecim
1162 4622 1257 4664 uocum
1282 4615 1376 4663 cantus
1399 4600 1459 4659 fieri
1474 4607 1572 4672 potest,
1586 4599 1636 4669 qui
1654 4600 1754 4656 notari
1767 4613 1819 4655 noo

1014 4702 1113 4767 potest.
1129 4695 1184 4751 Fac
1198 4694 1268 4751 enim
1293 4703 1401 4750 cantum
1423 4690 1471 4765 qui
1498 4692 1533 4745 sit
1559 4688 1715 4745 authentus
1736 4688 1820 4746 tertia

1015 4785 1155 4850 maneriae,
1171 4794 1198 4840 et
1210 4784 1245 4838 da
1261 4779 1432 4854 dispositioni
1447 4780 1510 4849 eius
1525 4779 1552 4833 in
1564 4791 1621 4832 uno
1636 4775 1704 4833 loco
1716 4787 1820 4842 tonum,

1013 4874 1041 4928 in
1062 4875 1115 4929 alio
1131 4872 1304 4929 semitonium
1321 4892 1328 4939 ;
1343 4880 1370 4925 et
1396 4871 1471 4927 eleva
1485 4874 1594 4924 cantum
1621 4863 1705 4922 illum
1728 4867 1821 4924 decen

1013 4962 1169 5028 vocibus,ut
1180 4963 1233 5017 siut
1243 4960 1380 5026 undecim,
1391 4958 1482 5014 addita
1492 4955 1534 5012 tlh
1546 4962 1655 5026 quaeest
1667 4955 1698 5009 in
1711 4955 1821 5027 (leprosi-

1013 5052 1088 5106 tione
1106 5069 1112 5116 ;
1128 5050 1199 5107 scito
1210 5048 1333 5121 proiecto
1347 5057 1455 5104 cantum
1467 5045 1542 5100 illum
1556 5058 1611 5098 non
1629 5057 1719 5114 posse
1734 5056 1820 5101 nonu

1012 5141 1074 5212 quia
1085 5141 1136 5196 sub
1156 5141 1258 5198 Caucto
1273 5140 1472 5195 terrarioarinon
1482 5143 1587 5208 potest:
1605 5147 1673 5189 cum
1685 5135 1715 5190 in
1732 5137 1819 5206 depe

1018 5258 1128 5332 goihcat
1143 5260 1176 5327 E,
1193 5258 1220 5315 id
1235 5257 1309 5313 esth*
1325 5259 1351 5314 la
1368 5255 1395 5312 in
1414 5248 1768 5311 monochardoGuidonis.

1050 5330 1262 5413 (thd)llemiolia
1277 5337 1318 5386 est
1331 5326 1471 5400 proportio
1484 5323 1675 5395 sesquialtera,
1690 5324 1819 5396 epitritus

1013 5414 1307 5546 88δὶἰῖῗῖἔῖἯίιιιὶιιειιιοάἰ
1322 5472 1378 5530 toni
1391 5472 1517 5529 dicautur
1528 5466 1613 5526 misti.
