3728 5940
136 175 186 235 ‘251
608 174 638 232 S.
657 173 828 237 tinniunt
847 173 983 237 inaniis
1003 173 1318 237 dilaniantibus
1732 173 1787 236 252

137 302 242 361 lavabis
256 317 353 357 manus
365 307 426 358 tuas
435 300 463 356 in
473 299 604 373 sanguine
614 299 935 373 peccatoris,etcurabis
947 313 974 403 Ι
989 308 1117 374 tanquam
1130 297 1313 373 dignissimam
1329 297 1608 370 recompensationem
1627 297 1708 356 sitast
1720 316 1788 357 san·

139 390 192 450 cito
206 391 346 448 absolvere
362 397 388 445 ιε
406 406 422 445 ε
436 390 536 460 laqueo
550 389 721 460 perditionis,
736 407 779 447 me
801 407 817 446 a
839 393 935 449 timore
990 389 1081 467 guinis
1094 388 1148 447 sui.
1163 388 1192 444 Si
1206 401 1272 459 ergo
1287 386 1406 459 gaudent
1419 386 1509 461 angeli
1523 403 1605 460 super
1619 403 1672 445 uno
1688 405 1788 461 pecca·

138 481 272 537 horribili.
288 481 349 553 Ego
373 478 447 536 enim
470 478 542 534 band
566 495 645 536 secus
659 479 728 548 iero,
745 480 839 548 iateor,
855 498 935 538 aver·
989 490 1048 537 tore
1062 477 1247 551 paenitentiam
1265 487 1363 549 agente
1377 476 1456 546 (Lac.
1471 492 1521 542 xv,
1538 478 1594 548 iii),
1606 477 1672 550 qnid
1688 476 1715 533 in
1730 488 1788 535 mm

139 570 242 628 donem
258 579 339 635 tuam,
355 583 436 639 quarn
451 567 673 625 eviscerationem
689 584 794 625 meam:
809 570 937 642 qnoniam
990 568 1090 638 multis,
1106 575 1133 625 et
1154 566 1209 622 illis
1222 565 1420 639 peccatoribus,
1435 565 1483 637 qui
1505 575 1607 637 quanto
1627 567 1789 625 illustriores

139 658 314 715 charissimus
329 656 417 714 lactus
433 673 462 712 εε
477 656 553 723 mihi,
568 665 597 712 et
615 665 727 730 paterno
742 666 769 715 ιε
788 660 937 731 amplector
989 657 1151 714 videbantur
1174 656 1201 709 in
1225 655 1334 721 saeculo,
1358 653 1478 720 scientia,
1502 670 1615 726 genere,
1636 656 1788 724 juventute,

138 746 247 802 allecta.
263 746 301 801 Ea
326 755 438 818 propter
460 746 495 800 ad
518 760 626 801 omnem
649 747 863 804 recordationem
887 748 936 815 tui,

139 837 255 892 animam
277 851 367 892 meam
391 835 589 891 transverberat
613 836 722 908 gladius
748 837 798 894 iste
822 837 937 906 umoris,

138 931 213 981 tauto
226 923 361 991 acerbius,
372 930 473 992 quanto
488 930 515 979 ιε
530 923 622 979 εείεεε
636 925 775 981 timentem
784 925 935 982 considero.

139 1013 201 1071 Scio
216 1029 324 1083 nempe,
337 1012 382 1067 ubi
397 1014 431 1069 de
451 1013 548 1069 talibus
563 1012 695 1086 legerim:
713 1014 785 1071 Com
798 1013 935 1080 dixerint,

136 1119 197 1175 pon
211 1106 239 1157 ei
252 1104 403 1170 securitas,
420 1107 489 1158 tunc
512 1102 679 1160 subitaneos
701 1105 740 1159 eis
762 1106 939 1176 superveniet

139 1193 290 1256 interitus,
307 1196 444 1264 tanquam
460 1194 491 1247 in
507 1197 588 1249 utero
609 1191 733 1258 labenti,
749 1198 777 1248 et
788 1209 846 1249 non
861 1195 938 1264 esso-

108 1296 114 1307 ·
140 1279 220 1352 pient
234 1279 261 1350 (l
277 1279 366 1336 Tltess.
381 1281 466 1358 agi).
482 1279 566 1335 linita
579 1291 669 1337 autem
691 1281 833 1353 prasentia
847 1281 939 1336 immi-¹

140 1381 205 1422 nere
217 1366 265 1421 tibi
278 1367 399 1438 pavenda
410 1367 524 1424 tendenti
534 1369 702 1439 resipiscere,
718 1379 843 1442 tanquam
858 1371 940 1426 multa

141 1462 281 1526 expertus,
299 1471 361 1526 quae
384 1472 401 1511 o
424 1456 446 1512 si
468 1457 645 1530 cognovisses
663 1466 691 1513 et
705 1465 733 1513 tu
747 1459 753 1512 i
769 1458 854 1515 Crede
875 1473 940 1531 ergo

140 1552 263 1616 experto,
290 1547 370 1602 crede
397 1546 497 1601 amanti
521 1563 528 1601 ι
553 1547 598 1603 εει
622 1563 654 1602 cn
679 1549 763 1604 altero
790 1564 845 1603 nou
873 1547 939 1613 lalli,

142 1649 174 1690 ex
189 1633 274 1691 altero
290 1649 343 1689 non
362 1633 455 1690 iallere
471 1635 561 1691 inesse
575 1636 727 1708 cognoscis.

412 1742 582 1799 aristoni
602 1744 674 1799 ClX.

108 1884 115 1891 ,,
140 1842 177 1885 ιε
188 1845 343 1888 renueras!
352 1846 480 1888 tnvnnnu
491 1847 652 1889 εεεεεεεεε
662 1847 699 1888 nn
714 1846 843 1888 εεεεοεε
855 1832 940 1903 (999),

423 1917 459 1958 ετ
475 1918 571 1959 εοειοε
585 1918 660 1959 ntus.

141 1988 250 2047 Nobiles
250 1989 379 2116 Iuvenes
394 1990 425 2047 ob
440 1992 577 2061 religiose
591 1993 657 2047 vite
677 1995 850 2065 propositam
868 2010 943 2065 μειε-

268 2063 325 2119 ieci
340 2064 368 2116 ei
382 2060 418 2116 od
430 2064 676 2133 perseverantiam
691 2062 834 2120 bortatur.

176 2166 285 2224 Dilectis
300 2167 363 2223 liliis
378 2168 531 2224 Gsnsnrno
544 2174 572 2223 et
584 2168 666 2224 sociis
687 2170 757 2239 ejus,
773 2170 943 2226 Bannsnnus

141 2255 226 2311 abbas
239 2255 329 2312 dictus
344 2257 546 2324 Clarae-Vallis,
563 2257 689 2330 spiritum
704 2257 809 2316 consilii
828 2268 853 2314 et
867 2260 944 2316 lorti-

141 2343 254 2399 tudinis.

176 2436 203 2488 ι.
219 2432 314 2489 Sermo
328 2432 375 2504 qui
390 2432 521 2499 insonuit,
538 2433 655 2490 aediiicat
677 2436 788 2502 multos,
806 2435 861 2492 imo
880 2435 942 2491 uni·

139 2536 246 2579 versam
260 2520 377 2578 letificat
400 2521 537 2578 civitatem
562 2523 618 2589 liei,
635 2523 672 2578 ita
685 2532 716 2580 ut
729 2525 851 2579 laetentur
864 2525 936 2593 coeli,

140 2617 168 2665 ει
182 2611 297 2666 exsultet
313 2618 394 2675 terra,
408 2610 536 2666 etomnis
551 2610 642 2681 lingua
658 2611 793 2682 glorificet
808 2613 895 2669 Deum
909 2615 943 2668 de

139 2705 229 2755 vestra
242 2699 433 2757 conversione.
450 2701 532 2755 Terra
546 2709 620 2756 mota
633 2706 685 2766 est,
700 2700 763 2774 quia
777 2701 839 2757 eoeli
855 2702 943 2759 distil-

139 2787 264 2843 laverunt
279 2787 373 2845 alseio
386 2788 438 2843 Dei
452 2788 537 2858 Sinai,
549 2789 675 2860 pluentes
684 2789 743 2846 istis
754 2791 849 2848 diebus
860 2793 942 2848 solito

990 755 1064 803 tanto
1078 744 1200 817 pluribus
1210 751 1286 800 erant
1299 743 1459 816 perditionis
1468 741 1640 813 exemplum?
1650 745 1789 817 legeram,

992 834 1707 906 licoenoltorrtobiles,moonteliossopienics,noo
1717 834 1792 891 mul·

992 929 1034 982 ios
1056 926 1183 998 polentes
1197 923 1283 994 elegii
1301 924 1375 978 Deos
1390 921 1416 992 (l
1431 920 1490 978 Gor.
1507 936 1527 988 1,
1541 925 1586 986 96,
1603 924 1662 992 97);
1679 930 1706 978 ει
1719 938 1791 978 εεεε

992 1024 1090 1085 praeter
1103 1012 1223 1085 regulam
1234 1011 1302 1067 mira
1311 1010 1363 1066 Dei
1379 1010 1498 1082 potentia
1517 1010 1614 1067 talium
1626 1011 1792 1068 convertitur

991 1103 1146 1159 multitudo.
1172 1100 1284 1158 l'iiescit
1307 1099 1393 1174 gloria
1419 1115 1546 1171 praeseus,
1565 1099 1717 1170 juventutis
1740 1100 1792 1156 ilos

993 1193 1177 1258 conculcatur,
1203 1205 1258 1247 non
1281 1198 1420 1263 reputatur
1447 1189 1633 1262 generosites3
1657 1189 1792 1262 sapientia

992 1281 1087 1338 muudi
1103 1279 1217 1338 stultitia
1228 1278 1383 1349 iudicatur3
1398 1292 1452 1333 nori
1471 1277 1656 1348 acquiescitur
1677 1277 1751 1333 carni
1764 1286 1793 1334 et

994 1369 1139 1444 sanguini,
1152 1379 1290 1440 parentum
1306 1376 1333 1424 et
1344 1367 1487 1424 charorum
1500 1366 1671 1423 renuntiatur
1684 1365 1792 1422 allecti·

994 1460 1061 1526 bus‚·
1077 1458 1194 1523 favores,
1209 1466 1238 1513 et
1251 1457 1379 1526 bonores,
1395 1462 1422 1510 et
1435 1454 1579 1527 dignitates
1592 1463 1749 1527 reputantur
1763 1464 1794 1510 ut

993 1556 1126 1612 stercora,
1139 1555 1167 1601 ut
1176 1545 1299 1602 Christus
1313 1542 1438 1599 lucrifiat.
1449 1543 1599 1599 laudarem
1613 1543 1702 1616 roasi
1716 1543 1793 1602 vobis

957 1640 979 1719 g
994 1638 1052 1693 baec
1063 1635 1196 1692 accidisse
1206 1650 1240 1690 er
1249 1632 1326 1691 vobis
1336 1646 1545 1705 cognoscerem:
1558 1641 1682 1688 caetmum
1692 1632 1794 1708 digitus

996 1727 1044 1782 Dei
1058 1733 1099 1780 εει
1120 1724 1181 1790 ista,
1197 1720 1307 1778 munitio
1331 1723 1410 1795 piane
1425 1721 1541 1776 dexterae
1565 1719 1680 1778 linceisi.
1696 1723 1793 1777 Datum

995 1814 1127 1886 optimum
1151 1819 1202 1878 est,
1218 1820 1245 1868 et
1269 1812 1370 1867 donum
1394 1808 1544 1882 perlectum
1568 1807 1650 1866 tis
1671 1826 1721 1866 nec
1740 1810 1792 1865 du-

996 1902 1072 1958 bium
1086 1901 1152 1973 quin
1166 1899 1334 1956 descendens
1354 1915 1370 1954 a
1392 1899 1470 1956 Patre
1485 1899 1626 1955 luminum.
1644 1898 1747 1956 idcirco
1765 1898 1794 1952 in

996 1992 1084 2063 ipsum
1108 2005 1189 2048 omne
1212 1988 1379 2060 preconium
1400 1990 1462 2058 jure
1486 1987 1638 2058 referimus,
1658 1987 1705 2060 qui
1730 1986 1795 2044 iacit

997 2077 1131 2135 mirabilia
1146 2077 1230 2146 solus,
1241 2078 1287 2148 qui
1304 2076 1365 2132 ierit
1377 2090 1410 2131 ne
1424 2075 1452 2130 in
1466 2075 1543 2132 vobis
1553 2076 1640 2132 otiosa
1650 2077 1706 2145 jam
1721 2085 1795 2131 esset

997 2185 1040 2235 ea,
1055 2185 1115 2241 quae
1128 2168 1201 2241 apud
1217 2182 1247 2222 se
1261 2176 1311 2232 est,
1327 2156 1438 2238 copiosa
1452 2165 1611 2236 redemptio.

1033 2262 1060 2314 9.
1076 2255 1147 2324 Quid
1163 2255 1246 2329 igitur
1261 2271 1329 2326 opus
1344 2265 1387 2312 εει
1406 2255 1486 2321 ιἐειο,
1501 2253 1677 2324 dilectissimi,
1693 2252 1745 2310 nisi
1765 2262 1795 2309 ut

996 2356 1137 2420 satagatur
1164 2346 1300 2418 quomodo
1328 2343 1461 2401 laudabile
1491 2344 1656 2417 propositum
1680 2341 1795 2414 dignum

996 2446 1180 2510 consequatur
1192 2433 1340 2492 alienant
1354 2431 1466 2489 Studete
1485 2432 1598 2505 proinde
1616 2447 1796 2503 perseveran-

998 2527 1052 2599 tiae,
1067 2542 1129 2600 qnae
1152 2525 1210 2583 sola
1232 2525 1362 2584 virtutum
1385 2533 1538 2582 coronatur.
1560 2524 1622 2578 Non
1644 2522 1795 2578 inveniatur

997 2616 1069 2686 apud
1083 2630 1145 2682 vos,
1160 2615 1208 2671 Est
1230 2623 1257 2670 et
1279 2614 1351 2684 Non,
1367 2621 1396 2669 ει
1410 2613 1469 2669 sitis
1484 2611 1530 2667 filii
1552 2612 1638 2668 Patris
1651 2610 1735 2669 vestri
1748 2609 1793 2683 qui

995 2712 1037 2762 ost
1051 2705 1078 2760 in
1093 2703 1181 2770 coelis,
1198 2705 1268 2775 apud
1284 2718 1365 2774 quarn
1381 2701 1509 2758 nimirum
1525 2717 1578 2757 non
1598 2711 1640 2757 est
1655 2709 1794 2757 transmu-

995 2792 1074 2859 tatio,
1098 2809 1147 2849 nec
1170 2791 1365 2851 vicissitudinis
1392 2789 1570 2848 obumbratio.
1593 2790 1650 2846 Vos
1674 2805 1793 2862 quoque,

140 2875 323 2933 abundantius
345 2876 466 2949 pluviam
481 2878 671 2946 voluntariam,
686 2895 765 2952 qnam
790 2881 942 2956 segregavit
996 2884 1101 2947 iratres,
1116 2882 1145 2936 in
1160 2881 1282 2938 eamdem
1301 2880 1448 2953 imaginem
1465 2877 1691 2935 transformamini
1708 2879 1795 2936 acla-

141 2966 215 3022 Deus
228 2966 376 3024 haereditati
399 2982 464 3022 εεεε.
479 2968 540 3023 Νοε
563 2969 703 3040 apparebit
727 2970 794 3025 nitra
809 2985 893 3027 vacua
914 2970 941 3024 in
958 2953 1075 3038 critate
1092 2972 1122 3028 in
1136 2970 1295 3036 claritatem,
1313 2978 1437 3041 tanquam
1452 2985 1469 3026 ε
1484 2968 1591 3024 Domini
1615 2967 1728 3039 Spiritu,
1745 2985 1794 3024 eu-

140 3055 219 3112 vobis
246 3071 312 3112 crux
335 3055 445 3122 Christi,
460 3057 688 3127 quemadmodum
712 3058 739 3113 in
761 3058 854 3114 multis
877 3058 941 3115 filiis
997 3070 1086 3118 rantes
1113 3060 1187 3118 omni
1209 3057 1350 3133 vigilantia
1376 3063 1401 3112 ει
1425 3055 1477 3128 ipsi
1500 3073 1553 3114 non
1578 3055 1691 3112 inveniri
1710 3056 1792 3126 leves,

144 3142 311 3209 diffidentiae,
327 3143 374 3217 qui
399 3145 536 3200 tardantes
558 3145 676 3202 converti
690 3146 724 3201 ad
742 3147 890 3204 Dominum
909 3150 942 3205 de
996 3151 1143 3220 instabiles,
1152 3150 1319 3205 fluctuantes.
1329 3146 1467 3218 Scriptum
1478 3156 1520 3203 est
1529 3147 1616 3202 enim:
1633 3147 1678 3205 l'ir
1688 3146 1795 3218 duplex

141 3232 185 3288 die
207 3231 238 3286 in
257 3233 339 3299 diem,
357 3234 504 3302 improvise
526 3244 613 3289 morte
636 3236 773 3302 subtracti,
790 3237 818 3292 in
844 3251 942 3307 puncto
995 3240 1331 3309 animaineoastdnscsi
1345 3235 1577 3292 inomnibnsvt'is
1589 3234 1766 3304 sublimandi
1776 3251 1796 3301 t,

141 3319 312 3376 descendunt
336 3321 370 3376 ad
394 3320 506 3378 inlesos.
530 3321 647 3380 Omnino
670 3323 794 3381 refloruit
819 3335 847 3381 et
870 3344 943 3385 nunc
996 3329 1039 3401 8),
1051 3336 1078 3383 et
1092 3341 1217 3383 rursum:
1235 3325 1277 3382 l'oe
1291 3320 1467 3396 ingrediendi
1480 3329 1586 3379 terrant
1601 3322 1713 3378 duobos
1726 3325 1797 3380 viis!

141 3408 219 3482 quasi
247 3408 281 3465 de
305 3424 376 3465 novo
403 3408 506 3483 lignum
534 3410 561 3465 in
590 3427 642 3484 qno
670 3413 797 3484 pependit
810 3415 943 3472 Dominus
994 3415 1093 3486 (aceti.
1108 3430 1139 3478 u,
1154 3415 1212 3484 ιι.)
1228 3412 1261 3468 itt
1272 3426 1334 3485 ego,
1348 3409 1515 3475 charissimi,
1529 3418 1659 3481 qnantum
1675 3424 1796 3483 congra-

143 3497 249 3571 gloriae,
265 3500 312 3572 qui
326 3505 450 3556 mortuus
463 3504 514 3569 est,
531 3516 584 3558 non
598 3509 704 3560 tantum
723 3520 772 3576 pro
787 3515 878 3577 gente,
894 3508 941 3563 sed
996 3506 1067 3561 tuter
1088 3503 1177 3573 vobis,
1201 3508 1305 3558 tanturn
1320 3498 1440 3574 gratulor
1453 3508 1481 3557 et
1494 3497 1571 3564 mibi,
1587 3497 1635 3569 qui
1650 3504 1678 3554 ut
1690 3500 1794 3570 accepi,

142 3594 173 3644 ut
186 3586 328 3654 iiiiosliei,
340 3588 473 3660 quierant
484 3590 798 3665 dispersi,congregaret
809 3594 836 3648 in
847 3611 940 3651 unum.
995 3592 1096 3669 dignus
1109 3592 1220 3649 habitus
1238 3607 1298 3649 sum
1318 3589 1440 3647 minister
1454 3589 1518 3663 eligi
1536 3588 1640 3645 consilii
1659 3588 1749 3658 hujus.
1762 3589 1796 3645 Et

144 3676 217 3750 lpse,
226 3677 287 3748 ipse
297 3677 401 3752 colligit
411 3694 469 3743 voa,
482 3679 529 3750 qni
543 3679 632 3751 diligit
642 3696 692 3736 vos
701 3689 827 3754 tanquam
837 3682 943 3741 viscera

143 3782 203 3835 sna,
224 3773 353 3839 tanquam
376 3766 492 3824 fructum
513 3769 737 3840 pretiosissimum
760 3771 850 3828 crucis
873 3788 941 3842 suaa,

479 3860 491 3889 1

179 3905 257 3979 (999)
268 3908 301 3989 ln
318 3909 456 3989 vetustiori
471 3910 599 3983 editione,
610 3911 643 3968 de
656 3914 793 3981 Porrecto,
804 3931 865 3987 qnae
879 3919 944 3974 urbs

144 3985 187 4034 est
202 3991 383 4036 munitissima
399 3982 432 4036 ad
447 3981 604 4038 Somenam.
616 3983 681 4039 lude
696 4000 760 4057 ergo
774 4003 874 4043 nornen
890 3997 943 4043 tra·

144 4049 183 4106 xit
197 4050 344 4107 Gaulridns
359 4062 386 4109 et
400 4053 439 4109 ori
461 4053 542 4108 inem.
558 4056 598 4109 Er
615 4055 648 4108 iis
661 4065 729 4122 erat,
747 4073 816 4131 quos
829 4058 858 4115 S.
873 4060 941 4115 Ber-

145 4123 247 4203 nardns
264 4122 290 4176 in
305 4124 397 4197 Belgio
419 4072 460 4180 arf
468 4125 623 4200 religionem
647 4129 818 4186 convertisse
840 4145 944 4185 memo-

145 4202 220 4247 ratur
234 4207 261 4246 tn
276 4192 344 4250 libro
366 4207 461 4267 quarto
484 4198 517 4251 de
533 4197 617 4266 ipsius
640 4197 711 4267 Vita,
728 4213 788 4270 cap.
804 4202 831 4254 3.
847 4201 943 4257 Sosius

145 4263 329 4320 conversionis
362 4266 412 4321 luit
443 4267 590 4323 Gauiridus
625 4271 703 4334 aiter,
739 4280 831 4340 postea
869 4267 982 4350 Priorn

146 4332 392 4394 Clara-Veliensis.
404 4338 445 4393 De
462 4338 503 4392 bis
516 4337 704 4419 intelligendus
718 4347 760 4394 est
776 4340 944 4396 llernrannus

145 4409 294 4463 monachus
318 4409 508 4475 Tornaeensis,
524 4409 551 4463 in
572 4407 710 4479 spicilegii
726 4417 801 4466 tomo
819 4415 861 4477 ia,
879 4427 942 4485 pag.

145 4478 209 4542 ι79,
224 4478 272 4532 εει
290 4479 323 4534 de
342 4478 372 4535 S.
392 4480 538 4545 bernardo,
555 4494 635 4549 quern
663 4497 677 4530 n
697 4485 751 4535 tarn
773 4496 807 4537 ex
829 4486 946 4540 eeclesia

147 4547 361 4605 Saucia-ilariae
384 4548 571 4619 Toruacensis,
587 4564 667 4631 quarn
691 4566 723 4606 ex
745 4551 804 4622 ipsa
822 4553 943 4620 dioecesi,

146 4618 236 4676 elerici
260 4621 385 4680 videlicet
406 4619 483 4674 multi
507 4618 604 4674 tamon
627 4619 754 4676 domnum
780 4624 944 4681 Bernardum

144 4690 270 4750 abbatam
294 4690 555 4746 Clarae-Vallensem
579 4690 765 4748 conversionis
787 4697 874 4766 gratia
898 4712 945 4751 se·

144 4763 200 4819 cuti
215 4772 290 4823 snut.
310 4785 320 4812 n
335 4761 393 4817 Hoc
407 4759 505 4840 iactum
519 4759 603 4817 relert
618 4761 786 4820 llermannus
802 4780 863 4840 pag.
880 4769 943 4837 tis,

144 4845 206 4906 post
231 4847 330 4890 annum
349 4831 508 4910 vigesimum
520 4839 644 4903 quartum
667 4834 835 4901 pontificatus
851 4838 945 4895 Simo·

144 4905 187 4961 nis
201 4906 399 4970 Noricmensrs,
414 4903 460 4973 qni
479 4906 574 4960 sedere
593 4905 676 4978 roepit
694 4922 765 4965 anno
791 4912 869 4965 itti.
885 4912 946 4967 Non

144 4991 212 5101 ergo
231 4977 290 5031 brec
313 4971 438 5055 epistola,
455 4985 484 5029 ut
505 4975 661 5058 blapriquez
676 4987 778 5043 censet.
795 4979 829 5036 ad
843 4997 944 5037 annum

146 5050 176 5102 ιι
200 5050 212 5100 ι
233 5043 332 5100 reierrt
352 5047 450 5115 potest.
467 5045 627 5105 Gaulrrdum
643 5050 838 5107 Perronensem
855 5053 945 5109 laudat

145 5118 242 5196 Petrus
256 5115 290 5171 de
314 5116 388 5186 lioya
412 5117 535 5174 Novitius
555 5118 794 5178 Clara-Veliensis
809 5139 899 5194 snpra,
918 5125 944 5178 in

145 5186 260 5256 epistola
274 5188 336 5252 ι79,
352 5203 380 5242 ε.
396 5191 424 5246 9.
439 5219 474 5231 -
489 5192 549 5248 ιιεε
562 5208 650 5263 usque
664 5192 846 5261 liabiiionius,
857 5199 900 5250 cui
916 5195 943 5248 in

145 5273 178 5339 eu
193 5271 246 5313 non
261 5259 393 5315 consentit
408 5261 541 5331 llorstius,
556 5264 629 5334 quod
644 5264 716 5320 hunc
731 5264 855 5320 eunrdem
870 5266 942 5321 Gan·

147 5327 244 5385 indum
260 5331 323 5390 velit
339 5328 421 5389 luisse
436 5333 556 5390 Priorem
570 5335 767 5403 Clarae-Vallis,
784 5336 819 5392 de
837 5352 890 5407 quo
906 5338 946 5394 sic

145 5399 249 5459 babet:
272 5403 350 5461 llune
373 5411 479 5462 εεεειεε
503 5405 655 5463 Bernartius
677 5422 739 5462 cum
763 5407 824 5463 aliis
848 5407 945 5479 viginti

145 5486 246 5531 noveru
260 5473 397 5534 noviiibus
412 5491 443 5534 ac
461 5476 581 5535 litteratis
601 5476 749 5547 juvenibus
766 5477 795 5536 in
813 5478 945 5539 Fiandria

997 3683 1137 3742 eonsdium
1156 3682 1202 3752 do,
1218 3692 1244 3738 ct
1258 3680 1389 3738 auxilinm
1403 3682 1536 3752 spondeo.
1552 3679 1581 3736 Si
1595 3677 1690 3736 videor
1703 3693 1795 3736 neces·

997 3771 1085 3829 sarius
1099 3780 1145 3829 aut
1159 3780 1232 3829 certe
1247 3771 1271 3829 si
1284 3771 1383 3845 diguus
1397 3771 1513 3843 iudicor,
1529 3784 1583 3825 non
1606 3783 1701 3826 recuso
1714 3767 1794 3825 labo-

998 3914 1033 3971 nd
1057 3913 1218 3990 religionem
1243 3914 1393 3984 convertit3
1418 3919 1555 3970 numatam
1579 3925 1643 3968 vero
1666 3917 1713 3965 aut
1734 3922 1795 3979 pro·

997 3988 1189 4043 crastinantem
1204 3985 1277 4040 bisce
1292 3986 1387 4041 litteris
1401 3982 1533 4038 excitarit.
1551 3983 1577 4036 ιε
1595 3989 1689 4053 postea
1709 3977 1796 4035 iactus

997 4059 1073 4113 l’rior
1099 4059 1127 4113 iu
1155 4054 1335 4115 Clara-Valle.
1355 4054 1464 4125 quintus
1493 4053 1520 4107 in
1550 4053 1664 4119 ordine3
1686 4052 1795 4106 demum

997 4130 1098 4185 eiectus
1116 4127 1145 4181 in
1159 4127 1316 4196 episcopum
1330 4125 1528 4182 Tornaoensem
1545 4123 1600 4192 (alii
1617 4125 1709 4195 legunt
1723 4123 1796 4178 Nan-

996 4198 1159 4268 neteusenr),
1174 4196 1325 4253 consentire
1341 4194 1437 4251 noluit.
1456 4193 1535 4262 Quod
1556 4194 1592 4247 ita
1612 4195 1706 4249 i'etrus
1731 4194 1795 4249 Ble-

998 4269 1085 4326 sensis
1104 4276 1214 4323 narrat:
1235 4287 1246 4315 ε
1268 4266 1407 4339 Legimus,
1427 4266 1500 4338 quod
1525 4263 1672 4320 Gaulriius
1694 4265 1795 4320 Perro-

997 4340 1098 4396 nensis.
1128 4337 1313 4395 cisra-vanis
1340 4337 1428 4401 Prior,
1454 4338 1555 4391 ein-ctus
1582 4335 1609 4388 in
1638 4337 1796 4407 episcopum

997 4413 1207 4477 lamecensem,
1233 4408 1356 4464 electioni
1383 4407 1539 4464 nullatenus
1566 4422 1598 4462 ac
1617 4407 1713 4463 uievit.
1743 4406 1795 4474 Qui

997 4493 1091 4555 posteo
1113 4480 1257 4536 defunctus
1275 4487 1302 4535 et
1324 4495 1458 4552 apparens
1477 4481 1584 4534 cuidam
1599 4426 1689 4543 (iratri,
1704 4477 1796 4549 inqui·

999 4554 1068 4611 renti
1085 4552 1199 4624 qualiter
1223 4553 1248 4606 ei
1272 4558 1352 4616 esset,
1372 4549 1512 4620 respondit
1534 4567 1542 4604 2
1568 4550 1704 4606 liovelavit
1729 4548 1796 4603 milri

997 4623 1116 4681 Trinitas
1136 4628 1236 4689 sancta,
1251 4622 1323 4693 quud
1346 4621 1370 4677 ai
1392 4620 1572 4693 suscepissem
1596 4619 1794 4690 episcopatum,

998 4696 1108 4752 fuissem
1122 4694 1157 4749 de
1171 4711 1284 4750 nurnero
1293 4694 1479 4764 reproborum.
1492 4692 1543 4749 Ubi
1558 4690 1583 4747 ei
1598 4690 1656 4759 ejus
1666 4688 1796 4758 exemplo

998 4767 1118 4839 percellit
1131 4765 1236 4821 animos
1248 4765 1363 4820 aliorum
1386 4763 1565 4839 quorumdem
1586 4759 1743 4842 praesulum,
1759 4760 1797 4815 ita

998 4841 1092 4895 dicens
1107 4835 1196 4906 :Quin
1210 4851 1275 4907 ergo
1290 4835 1392 4892 facient
1406 4834 1537 4904 infelices,
1548 4849 1594 4905 qun
1608 4833 1796 4901 temporalium

998 4909 1212 4967 sollicitudinum
1233 4908 1357 4965 fluctibus
1380 4922 1410 4962 se
1434 4915 1530 4977 sponte
1544 4915 1571 4960 et
1584 4907 1724 4978 gratanter
1743 4904 1797 4957 im·

999 4981 1144 5054 mergunt?
1167 4980 1212 5050 qui
1239 4978 1378 5052 splendide
1402 4976 1546 5049 epulando,
1565 4973 1734 5043 dormiendo,
1752 4974 1795 5056 bi·

1000 5054 1099 5118 bando,
1114 5051 1235 5107 sedendo
1251 5051 1284 5105 ad
1303 5048 1442 5115 telonium,
1457 5045 1577 5105 fiscalem
1601 5045 1732 5102 caleulum
1752 5046 1795 5099 dr·

999 5123 1160 5196 spensandc,
1176 5122 1322 5194 quaerendo
1343 5136 1403 5191 quae
1422 5135 1471 5174 εεε
1484 5129 1556 5186 εεει,
1571 5125 1618 5173 εει
1632 5121 1723 5189 potius
1735 5131 1796 5197 quae

998 5204 1060 5252 sunt
1079 5193 1202 5261 Caesaris,
1218 5202 1245 5247 et
1259 5207 1312 5247 non
1327 5192 1388 5258 liei,
1407 5191 1486 5248 vitam
1502 5205 1578 5246 suam
1593 5189 1620 5244 in
1635 5188 1797 5247 vanitatibus

1001 5265 1171 5340 transigunt?
1187 5285 1199 5316 s
1220 5265 1258 5318 lta
1277 5265 1372 5319 Petrus
1385 5261 1532 5327 blesensis,
1547 5262 1630 5335 epist.
1648 5264 1708 5316 ιο9.
1723 5258 1796 5340 idem

1000 5338 1081 5395 relort
1095 5337 1237 5401 Caesarius,
1252 5335 1299 5392 lib.
1315 5338 1343 5406 9,
1359 5350 1418 5406 cap.
1433 5338 1479 5389 99.
1495 5332 1562 5388 Vide
1590 5334 1623 5387 de
1648 5347 1681 5387 eo
1696 5332 1797 5386 Henn-

1001 5427 1070 5484 quez
1085 5410 1113 5466 in
1127 5406 1261 5484 ileuoiog.
1276 5408 1311 5464 ad
1325 5405 1395 5465 diem
1412 5408 1446 5464 ib
1459 5403 1597 5461 iebmarii.
