3728 5940
100 201 136 271 ld
744 194 1123 270 minutissimus.
1722 210 1759 272 ll

101 336 150 418 qai
162 332 300 418 reputat
313 332 622 417 zelantemque
650 332 756 416 optimi
770 333 850 415 reqis
876 331 1083 415 delationem,
1105 334 1187 413 terat
1203 335 1299 417 opem
1316 341 1353 398 at
1379 350 1399 399 a
1427 337 1491 400 stab
1512 334 1635 420 pulsum
1658 337 1759 402 duer-

102 445 225 514 trnrtque
238 451 257 496 a
271 432 387 497 mteris
413 448 524 514 repent,
555 448 649 514 reqno
679 431 820 496 restituat
834 449 901 509 suo,
917 429 1168 513 quemadmodum
1195 450 1250 495 suo
1279 438 1412 516 tempore
1436 436 1553 514 sactum
1580 432 1758 502 Bemmrdus

99 530 201 595 ambit
222 529 260 594 de
281 529 485 613 piissimoillo
513 529 665 594 Hibernia
691 547 773 611 reqe,
789 530 872 610 quia
890 546 1035 611 qermano
1058 529 1245 607 exturbatus,
1276 531 1357 593 dedit
1379 530 1475 595 locum
1490 535 1555 608 irae,
1579 539 1613 597 ut
1632 552 1757 598 suorum

99 629 246 709 mnquini
264 635 404 711 parceret
427 628 479 708 (9).
500 629 750 692 Funestissimam
770 627 848 689 banc
874 645 988 690 scenam
1014 629 1127 690 nostris
1143 628 1237 690 oculis
1264 637 1441 691 rermoatum
1467 633 1686 712 conspicimus,·
1712 633 1758 695 si-

100 725 202 789 milem
216 727 285 807 ejus
298 728 449 789 enimus
465 727 600 789 maaimo
619 725 806 806 pontifices
831 725 965 786 manium
989 741 1068 804 repe,
1092 725 1245 806 suspensis
1264 727 1388 788 interim
1412 729 1533 803 animis,
1551 738 1758 809 exspectamus

100 829 334 905 eteaoplamua.
350 822 402 888 Sic
415 823 478 903 iet,
493 831 527 888 ut
545 841 633 905 quem
656 823 804 888 ottobono
828 819 977 902 quondam
998 821 1152 885 cardinali
1171 829 1202 886 et
1225 822 1334 904 leqato,
1360 826 1412 905 qui
1429 825 1620 906 postmodum
1643 826 1758 890 Adria-

98 939 155 985 nus
188 921 216 984 b'
245 923 314 1000 fuit,
344 921 468 985 tumoris
495 939 587 985 causa
608 922 695 984 cessit
722 919 871 983 Heusicus
906 918 959 994 ill,
990 918 1127 980 eumdem
1155 920 1299 983 tironum
1327 920 1455 984 alterius
1483 920 1631 997 ottoboni,
1656 923 1687 984 id
1713 928 1758 985 cst

99 1018 273 1083 Alexandri
306 1016 383 1094 titi,
417 1020 499 1080 curis
533 1024 563 1080 et
602 1016 743 1080 subsidiis
778 1015 963 1096 postliminio
998 1020 1152 1096 acceptum
1179 1017 1294 1095 referat
1322 1017 1449 1081 lacobus
1483 1019 1521 1080 ll.
1551 1017 1611 1082 Sed
1638 1018 1757 1101 lomqirts

97 1116 215 1198 adripit
228 1133 282 1179 nos
295 1118 427 1197 impetus
444 1121 581 1179 uotorum
602 1122 780 1179 nostrorum
804 1130 861 1195 pro
875 1111 974 1194 qloria
991 1114 1037 1174 tui
1063 1112 1269 1193 pontificatus,
1298 1113 1469 1178 beatissime
1483 1116 1589 1193 Pater,
1618 1117 1668 1181 eui
1696 1133 1760 1180 non

99 1213 161 1278 alio
175 1215 217 1277 ad
230 1230 281 1278 res
307 1223 436 1294 maquas
462 1213 683 1294 aqqredieudas
710 1212 872 1288 monitore,
899 1227 961 1274 non
975 1208 1204 1275 olioincentore
1231 1231 1305 1295 opus
1318 1219 1362 1276 est
1376 1231 1469 1296 quam
1483 1211 1676 1296 Abeandro,
1700 1213 1758 1279 ube

98 1315 129 1378 in
156 1328 256 1376 causa
281 1311 360 1376 mus
386 1317 441 1388 est,
469 1317 498 1375 et
529 1298 674 1374 Ec‘clesia.
707 1310 836 1373 Tantum
863 1308 1062 1372 sanctissimis
1089 1306 1224 1373 consiliis
1253 1312 1313 1374 tuis
1335 1312 1488 1394 propitius
1516 1313 1555 1376 sit
1580 1311 1645 1391 ille,
1675 1314 1759 1395 nujus

99 1412 191 1477 biam
204 1411 298 1491 peris
316 1415 442 1491 tuasque
454 1408 491 1472 de
504 1409 627 1484 nostris,
649 1410 676 1471 si
692 1406 789 1484 liceat,
806 1424 902 1471 annos
916 1423 1028 1488 nupera
1052 1406 1126 1470 velit
1140 1407 1179 1470 ad
1193 1410 1297 1471 omnio
1314 1408 1369 1473 illa
1395 1410 1528 1491 petenda
1545 1417 1573 1476 et
1597 1409 1759 1493 elidenda

101 1526 164 1592 qaae
177 1508 215 1572 in
228 1507 287 1572 Dei
301 1507 445 1589 qloriam,
473 1508 505 1569 in
529 1504 670 1571 Ecclesiae
686 1504 849 1569 utilitatem
868 1523 887 1568 a
912 1511 966 1569 tua
978 1505 1140 1568 sanctitate
1166 1507 1335 1586 epitomae,
1351 1514 1381 1571 et
1404 1514 1581 1589 sperantur.
1597 1510 1657 1573 Nos
1684 1526 1756 1573 uero

97 1623 225 1690 prorsam
247 1603 352 1686 {elices
379 1621 416 1668 ac
444 1605 618 1684 torttmatos
646 1601 862 1685 reputabimus,
892 1603 918 1666 si
945 1601 1000 1664 boc
1022 1608 1162 1665 uotorum
1186 1611 1361 1668 nostrarum
1382 1608 1503 1688 purius,
1535 1605 1589 1670 boc
1613 1608 1759 1688 perennis

99 1701 299 1768 memoratu
312 1704 346 1766 in
359 1719 391 1766 se
411 1707 652 1780 munumentum,
680 1701 828 1782 beniqnis
844 1702 891 1764 uti
919 1699 999 1763 alios
1012 1698 1097 1776 solet,
1117 1700 1211 1764 oculis
1237 1702 1367 1784 occipiat
1391 1706 1539 1767 sanctitas
1556 1710 1618 1782 tuo,
1646 1721 1759 1787 mosque

98 1819 204 1866 earnes
213 1807 347 1884 puterrm
358 1816 417 1865 sua
429 1799 636 1866 beneuoleutia
650 1805 678 1863 et
692 1797 859 1881 apostolica
872 1797 1077 1862 immotum
1091 1796 1247 1877 diqnetur.

916 1949 1054 2008 Oiierebat
1071 1949 1187 2022 supplex
1202 1951 1309 2008 nomiue
1322 1968 1380 2010 aaut
1394 1955 1615 2028 congregationis

1019 2040 1053 2104 F.
1069 2038 1452 2111 JOANNESMABILLON
1475 2043 1516 2108 Μ.
1533 2046 1568 2108 B.

136 2144 177 2214 (a)
192 2139 266 2199 Vitae
277 2141 305 2198 S.
322 2139 461 2198 Malachiae
475 2141 563 2212 capite
579 2143 606 2196 l.

106 2339 1760 2376 :w

472 2600 885 2733 PRAEFATIO
942 2601 1403 2735 GENERALIS.

137 3100 168 3169 Ι.Ι
186 3099 368 3173 Posteaquam
392 3097 545 3156 studiorum
568 3110 689 3154 meorum
713 3093 848 3169 primitias
868 3095 895 3152 in
919 3097 951 3153 S.
979 3094 1108 3153 bernardi
1123 3110 1206 3168 opera
1228 3095 1422 3169 impenderam,
1439 3112 1495 3154 nnn
1516 3099 1552 3153 ita
1575 3095 1669 3169 primae
1694 3092 1765 3156 illius

104 3187 237 3246 editionis
250 3203 342 3245 curam
369 3186 487 3260 abjicere
508 3184 596 3242 visum
618 3191 670 3254 eet,
685 3192 715 3241 ut
728 3185 762 3241 de
776 3201 807 3241 ea
830 3182 991 3258 expolienda
1013 3195 1040 3243 et
1062 3183 1226 3251 exornanda,
1243 3185 1298 3242 imo
1320 3185 1411 3256 etiam,
1436 3185 1458 3241 si
1482 3184 1662 3242 necessarium
1684 3199 1763 3258 esset,

103 3277 217 3350 penitus
230 3277 403 3333 reformanda
423 3291 589 3350 nequaquam
608 3275 768 3349 cogitarem.
789 3274 859 3330 Cum
875 3275 948 3330 enim
964 3282 990 3330 et
1009 3291 1067 3331 eam
1081 3276 1185 3346 juvenis
1206 3291 1237 3332 ac
1257 3292 1326 3347 pene
1346 3275 1420 3332 nadis
1434 3275 1486 3331 tiro
1502 3289 1650 3349 aggressus
1664 3292 1763 3344 essem,

104 3381 158 3422 non
175 3365 218 3422 sie
231 3380 290 3420 rem
313 3379 392 3421 ame
411 3361 570 3437 perlectam,
594 3361 768 3434 numerisque
791 3363 917 3420 omnibus
937 3363 1088 3420 absolutam
1104 3363 1187 3419 luisse
1209 3362 1369 3432 existimavi,
1385 3365 1449 3436 quin
1473 3364 1555 3421 multa
1578 3362 1605 3421 in
1629 3365 1766 3423 bernardo

105 3462 130 3509 et
146 3452 331 3521 restituendo,
347 3458 374 3509 et
394 3452 555 3508 illustrando
570 3451 688 3506 limatius
702 3461 729 3505 et
742 3452 892 3508 accuratius
914 3451 1046 3508 elaborari
1069 3459 1187 3524 possent,
1204 3454 1251 3508 ubi
1267 3453 1416 3509 litterarum
1441 3455 1529 3526 major
1541 3469 1617 3520 usus,
1633 3461 1661 3509 et
1682 3470 1765 3527 expe·

106 3541 203 3597 rientia
231 3539 385 3598 diuturnior
411 3539 579 3598 accessisset.
613 3538 795 3613 Quapropter,
826 3540 876 3595 etsi
905 3554 1033 3612 processu
1062 3539 1192 3611 temporis
1216 3540 1244 3596 in
1272 3542 1358 3597 aliena
1386 3556 1497 3613 prorsus
1520 3560 1535 3599 a
1560 3547 1634 3602 tanto
1655 3543 1766 3601 doctore

105 3631 197 3687 studia
211 3630 322 3706 longius
341 3630 474 3687 abductus
493 3645 591 3698 essem,
615 3627 651 3684 ita
673 3629 848 3685 nihilominus
871 3627 1032 3686 sanctissimi
1054 3629 1104 3685 viri
1126 3630 1280 3687 recordatio
1302 3640 1329 3687 et
1352 3646 1428 3688 amor
1448 3631 1552 3703 pectori
1575 3648 1634 3690 meo
1657 3648 1766 3706 semper

106 3718 226 3791 inbaeait,
241 3726 271 3774 ut
285 3719 308 3774 si
325 3734 381 3793 qua
398 3719 427 3776 in
449 3717 614 3788 evolvendis,
640 3716 831 3790 remandisque
848 3716 909 3773 aliis
931 3718 1098 3784 unctoribus,
1122 3734 1183 3791 quae
1207 3719 1242 3775 ad
1264 3719 1349 3791 ipsine
1362 3735 1445 3793 opera
1459 3719 1500 3778 vel
1521 3721 1701 3792 emendanda,
1724 3723 1766 3778 vel

106 3804 269 3863 illustranda
284 3809 408 3864 rnnierre
422 3813 542 3878 possent,
560 3804 624 3862 mibi
646 3811 831 3877 occurrerent3
847 3804 906 3861 ltaec
929 3805 1021 3862 amnia
1036 3807 1184 3879 diligenter
1207 3810 1348 3876 adnotare,
1368 3819 1395 3864 et
1409 3809 1436 3863 in
1460 3813 1644 3883 opportunum
1660 3820 1767 3883 tempus

107 3893 140 3950 ad
155 3896 304 3952 secundam
324 3894 470 3952 editionem
494 3910 624 3967 seponere
649 3909 703 3950 non
725 3894 887 3948 omitterem.
911 3895 1000 3964 Atque
1013 3893 1053 3949 ita
1066 3893 1176 3949 demum
1191 3896 1296 3967 accidit,
1311 3907 1340 3952 ut
1354 3911 1415 3952 cum
1441 3906 1547 3971 tempus
1569 3915 1639 3970 pene
1662 3900 1765 3955 nullum

105 3982 171 4039 buie
197 3982 368 4040 meditationi
392 3998 504 4041 vacuum
529 3982 594 4038 mibi
609 3984 644 4039 ob
665 3982 731 4038 alias
753 3980 954 4038 lucubrationes
977 3988 1054 4037 antea
1074 3982 1280 4049 concederetur3
1303 3981 1360 4050 jam
1384 3992 1535 4052 tepescente
1558 3996 1585 4040 et
1607 3985 1766 4058 refrigerato

106 4087 156 4144 per
173 4071 223 4126 bas
236 4070 371 4128 bellarum
391 4079 561 4142 tempestates
575 4070 688 4127 aliarum
711 4070 862 4126 litterarum
877 4071 961 4135 cultu,
977 4084 1048 4125 nnus
1069 4068 1136 4122 mibi
1150 4067 1206 4123 lere
1221 4068 1250 4121 in
1269 4067 1394 4123 munibus
1417 4069 1527 4125 relictus
1540 4071 1575 4125 sit
1602 4070 1764 4142 Bernartius,

106 4160 152 4233 qni
181 4166 211 4214 ut
231 4159 392 4231 juventutis,
416 4161 455 4217 sic
478 4159 674 4233 inqmvescntis
694 4159 781 4214 aetatis
805 4159 889 4214 otium
918 4165 1071 4230 occuparet.
1096 4157 1227 4213 Libenter
1254 4157 1344 4229 itaque
1372 4158 1423 4214 boc
1446 4157 1511 4229 otio,
1540 4175 1573 4215 ex
1596 4159 1765 4232 superiorum

107 4257 263 4306 nostrorum
284 4247 462 4321 indulgentia,
478 4264 546 4305 usus
560 4265 619 4304 sum
635 4246 668 4303 ad
682 4263 780 4304 novam
797 4247 883 4303 lucem
905 4246 1022 4302 dandam
1037 4246 1139 4303 auctori
1163 4245 1265 4316 optime
1289 4243 1323 4299 de
1344 4245 1470 4301 omnibus
1486 4247 1594 4314 merito;
1612 4264 1662 4303 nec
1683 4247 1766 4306 dissi-

106 4339 212 4393 mulare
228 4353 351 4409 possum
365 4353 410 4393 me
422 4352 477 4394 nou
494 4352 588 4410 parum
604 4336 705 4393 laboris
719 4352 750 4392 ac
763 4334 922 4408 diligentias,
936 4351 989 4391 una
1004 4351 1066 4391 cum
1079 4334 1194 4407 collegis
1207 4349 1238 4388 ac
1254 4331 1335 4388 sociis
1350 4335 1428 4403 meis,
1445 4336 1470 4390 ‘m
1487 4334 1513 4390 id
1526 4324 1616 4409 bperis
1630 4339 1764 4410 posuisse,

105 4435 136 4484 nt
151 4442 209 4482 non
225 4436 280 4482 tam
295 4425 422 4494 secunda,
437 4442 518 4497 qnam
533 4441 603 4481 nova
617 4441 736 4495 prorsus,
753 4433 788 4494 et,
805 4423 894 4496 quoad
905 4424 932 4478 in
951 4423 1031 4478 nobis
1049 4432 1114 4488 erat,
1131 4421 1267 4480 elaborata
1281 4421 1362 4478 editio
1376 4423 1531 4482 haberetur.

139 4514 178 4573 11.
198 4514 286 4572 Erunt
298 4514 425 4582 domasse,
440 4514 488 4588 qui
502 4519 541 4572 tat
554 4513 703 4570 munnam
727 4513 901 4584 repetitiones
914 4510 1091 4583 improbaturi
1106 4520 1179 4578 suut,
1194 4526 1296 4582 easque
1316 4510 1344 4564 in
1368 4511 1545 4570 litteratarum
1564 4513 1767 4572 incommodam

104 4603 176 4660 serti
203 4603 398 4659 causabantur.
422 4603 478 4659 Nec
496 4601 616 4658 diffiteor
631 4616 697 4656 sane
719 4601 801 4672 longe
825 4599 974 4670 optabilius
998 4601 1063 4670 iore,
1090 4599 1113 4654 si
1139 4599 1224 4671 prima
1238 4598 1327 4655 statim
1340 4598 1457 4657 editione
1472 4611 1594 4659 auctores
1609 4602 1711 4676 quique
1726 4606 1765 4670 in,

106 4707 172 4751 eum
187 4700 299 4760 emtum,
314 4689 361 4764 qui
374 4691 408 4746 ad
424 4689 615 4762 perlectionem
630 4706 712 4761 quam
731 4689 853 4761 proxime
868 4689 989 4755 accedat,
1014 4687 1124 4745 omniuo
1143 4688 1248 4743 restitui
1263 4697 1383 4761 possent.
1401 4687 1500 4745 Verum
1513 4693 1559 4762 qui
1584 4693 1611 4746 in
1633 4686 1767 4761 eiusmodi

106 4780 207 4837 stadiis
228 4782 329 4837 uersati
347 4791 419 4850 sunt,
435 4796 477 4836 nm
491 4779 530 4835 illi
557 4781 659 4852 optime
675 4789 774 4835 norunt
789 4794 869 4851 quam
894 4792 1038 4848 operosum
1065 4777 1111 4848 sit,
1126 4792 1161 4832 ne
1176 4777 1263 4834 dicam
1284 4776 1459 4850 impossibile,
1475 4779 1503 4833 id
1527 4780 1636 4851 assequi
1650 4782 1678 4835 in
1693 4786 1768 4836 tanta

105 4878 232 4925 aeterum
254 4869 384 4926 librorum
408 4868 488 4940 copia
501 4867 564 4925 hinc
585 4866 647 4924 inde
667 4868 806 4941 dissipata,
823 4866 849 4922 in
873 4875 946 4922 tanta
968 4866 1048 4922 etiam
1068 4865 1223 4940 eorumdem
1248 4864 1443 4936 discrepantia:
1469 4875 1498 4921 ut
1524 4866 1608 4923 multo
1629 4883 1661 4924 ac
1684 4868 1768 4942 lonqn

105 4956 211 5025 labore,
231 4966 311 5031 atque
325 4959 407 5014 etiam
420 4957 562 5030 aliqnando
576 4957 680 5028 OEdipo
694 4964 720 5013 et
741 4956 888 5027 interprete
907 4970 976 5027 opus
990 4955 1035 5020 sit,
1053 4961 1111 5012 tum
1125 4953 1158 5009 ad
1173 4951 1324 5010 taciendam
1338 4968 1392 5010 nnn
1409 4960 1462 5009 tam
1477 4953 1674 5028 voluminuum,
1687 4950 1767 5032 quam

102 5046 235 5104 loliorum
249 5048 300 5103 bac
311 5046 428 5120 illacque
442 5047 626 5118 dispersorum
641 5044 837 5110 collectionem,
857 5060 887 5100 ao
902 5043 1064 5100 variantium
1085 5043 1230 5098 lectionum
1247 5043 1397 5114 delectum;
1414 5052 1470 5098 tum
1486 5043 1520 5098 ad
1535 5045 1672 5102 sanandos
1691 5048 1766 5104 locos

103 5134 179 5191 male
192 5131 306 5190 allectos
319 5143 346 5191 et
359 5136 394 5191 ad
407 5136 523 5193 obscura
538 5133 717 5206 penetranda,
733 5142 789 5190 tum
810 5134 925 5205 denique
941 5133 974 5188 ad
995 5132 1181 5189 instruendam
1200 5133 1379 5205 genuinorum
1395 5146 1508 5202 operum
1520 5147 1674 5194 censuram.
1695 5135 1763 5209 Quae

104 5224 210 5294 omnia,
235 5224 340 5296 aliaque
353 5224 381 5279 id
399 5239 487 5298 genus
505 5222 649 5298 permulta,
674 5228 703 5279 ut
728 5222 814 5294 prima
832 5221 921 5278 statim
945 5220 1130 5296 recognitione
1150 5221 1183 5276 ad
1207 5220 1337 5275 amussim
1360 5228 1564 5296 comparentur,
1590 5224 1766 5283 necessarius

102 5321 144 5370 est
158 5311 267 5369 felicior
286 5313 394 5387 qenins,
410 5329 491 5384 quam
504 5319 535 5371 nt
549 5329 614 5371 eum
628 5311 694 5368 mibi
709 5312 826 5369 tribuere
846 5311 934 5376 liceat,
950 5326 1002 5368 nec
1022 5310 1079 5368 acin
1100 5327 1133 5366 an
1151 5307 1294 5383 quisquam
1307 5306 1360 5362 sibi
1381 5323 1510 5382 arrogare
1526 5308 1620 5380 possit.
1636 5312 1701 5370 Utut
1717 5326 1768 5389 est,

101 5400 202 5461 malim
227 5400 332 5474 primae,
357 5403 447 5479 siqua
469 5408 521 5474 est,
544 5403 705 5460 temeritatis
727 5400 833 5475 culpam
858 5399 1011 5474 deprecari,
1025 5416 1108 5473 quam
1132 5397 1249 5456 tortasse
1272 5411 1373 5468 augere
1397 5400 1563 5472 excusando,
1588 5409 1635 5458 aut
1647 5402 1768 5475 priorem

100 5490 257 5552 aditionem
281 5490 434 5568 relinquere
455 5490 650 5566 imperiectan.
677 5488 763 5548 iliam
783 5486 874 5564 itaque
899 5488 1111 5567 castigatiorem,
1127 5486 1344 5561 politioremque
1367 5487 1499 5546 mamare
1520 5487 1609 5548 visam
1622 5501 1664 5549 est
1678 5508 1771 5567 operae
