<?xml version="1.0" encoding="UTF-8"?>
<!DOCTYPE html PUBLIC "-//W3C//DTD XHTML 1.0 Transitional//EN"
    "http://www.w3.org/TR/xhtml1/DTD/xhtml1-transitional.dtd">
<html xmlns="http://www.w3.org/1999/xhtml" xml:lang="en" lang="en">
 <head>
  <title>
</title>
<meta http-equiv="Content-Type" content="text/html;charset=utf-8" />
  <meta name='ocr-system' content='tesseract 3.04.00' />
  <meta name='ocr-capabilities' content='ocr_page ocr_carea ocr_par ocr_line ocrx_word'/>
</head>
<body>
  <div class='ocr_page' id='page_1' title='image "./patrologiaecurs62unkngoog/patrologiaecurs62unkngoog_0446.png"; bbox 0 0 3728 5940; ppageno 0'>
   <div class='ocr_carea' id='block_1_1' title="bbox 70 227 1724 305">
    <p class='ocr_par' dir='ltr' id='par_1_1' title="bbox 70 227 1724 305">
     <span class='ocr_line' id='line_1_1' title="bbox 70 227 1724 305; baseline 0.01 -17"><span class='ocrx_word' id='word_1_1' title='bbox 70 227 125 288; x_wconf 84' lang='grc'><strong>853</strong></span> <span class='ocrx_word' id='word_1_2' title='bbox 560 227 669 290; x_wconf 74' lang='lat' dir='ltr'><strong>SDRDD</strong></span> <span class='ocrx_word' id='word_1_3' title='bbox 685 231 729 292; x_wconf 81' lang='lat' dir='ltr'><strong>ot</strong></span> <span class='ocrx_word' id='word_1_4' title='bbox 747 229 977 295; x_wconf 76' lang='lat' dir='ltr'><strong>movebamus</strong></span> <span class='ocrx_word' id='word_1_5' title='bbox 997 233 1044 294; x_wconf 74' lang='lat' dir='ltr'><strong>AD</strong></span> <span class='ocrx_word' id='word_1_6' title='bbox 1062 232 1231 296; x_wconf 76' lang='lat' dir='ltr'><strong>untalons.</strong></span> <span class='ocrx_word' id='word_1_7' title='bbox 1671 243 1724 305; x_wconf 76' lang='lat' dir='ltr'><strong>ast</strong></span> 
     </span>
    </p>
   </div>
   <div class='ocr_carea' id='block_1_2' title="bbox 68 354 1724 794">
    <p class='ocr_par' dir='ltr' id='par_1_2' title="bbox 68 354 1724 794">
     <span class='ocr_line' id='line_1_2' title="bbox 70 354 1720 452; baseline 0.011 -43"><span class='ocrx_word' id='word_1_8' title='bbox 70 354 134 411; x_wconf 88' lang='lat' dir='ltr'><strong>liliis</strong></span> <span class='ocrx_word' id='word_1_9' title='bbox 147 355 205 422; x_wconf 83' lang='lat' dir='ltr'><strong>irae,</strong></span> <span class='ocrx_word' id='word_1_10' title='bbox 222 357 268 430; x_wconf 90' lang='lat' dir='ltr'><strong>qui</strong></span> <span class='ocrx_word' id='word_1_11' title='bbox 291 356 468 430; x_wconf 81' lang='lat' dir='ltr'><strong>pacificorum</strong></span> <span class='ocrx_word' id='word_1_12' title='bbox 490 357 543 413; x_wconf 90' lang='lat' dir='ltr'><strong>sibi</strong></span> <span class='ocrx_word' id='word_1_13' title='bbox 565 373 697 428; x_wconf 89' lang='lat' dir='ltr'><strong>usurpare</strong></span> <span class='ocrx_word' id='word_1_14' title='bbox 721 358 823 434; x_wconf 87' lang='lat' dir='ltr'><strong>gradus</strong></span> <span class='ocrx_word' id='word_1_15' title='bbox 837 367 865 415; x_wconf 90' lang='lat' dir='ltr'><strong>et</strong></span> <span class='ocrx_word' id='word_1_16' title='bbox 880 372 904 452; x_wconf 57' lang='grc' dir='ltr'><strong>Α</strong></span> <span class='ocrx_word' id='word_1_17' title='bbox 925 358 1080 418; x_wconf 76' lang='lat' dir='ltr'><strong>dominatur</strong></span> <span class='ocrx_word' id='word_1_18' title='bbox 1095 364 1232 434; x_wconf 89' lang='lat' dir='ltr'><strong>superbia,</strong></span> <span class='ocrx_word' id='word_1_19' title='bbox 1256 365 1303 421; x_wconf 90' lang='lat' dir='ltr'><strong>sod</strong></span> <span class='ocrx_word' id='word_1_20' title='bbox 1319 373 1346 422; x_wconf 90' lang='lat' dir='ltr'><strong>et</strong></span> <span class='ocrx_word' id='word_1_21' title='bbox 1360 364 1496 438; x_wconf 90' lang='lat' dir='ltr'><strong>iniquitas,</strong></span> <span class='ocrx_word' id='word_1_22' title='bbox 1513 368 1619 425; x_wconf 86' lang='lat' dir='ltr'><strong>luxuria</strong></span> <span class='ocrx_word' id='word_1_23' title='bbox 1639 370 1720 427; x_wconf 93' lang='lat' dir='ltr'><strong>etiam</strong></span> 
     </span>
     <span class='ocr_line' id='line_1_3' title="bbox 69 445 1724 529; baseline 0.011 -30"><span class='ocrx_word' id='word_1_24' title='bbox 69 445 179 501; x_wconf 88' lang='lat' dir='ltr'><strong>nomina</strong></span> <span class='ocrx_word' id='word_1_25' title='bbox 199 460 253 502; x_wconf 93' lang='lat' dir='ltr'><strong>non</strong></span> <span class='ocrx_word' id='word_1_26' title='bbox 268 456 403 504; x_wconf 88' lang='lat' dir='ltr'><strong>verentur.</strong></span> <span class='ocrx_word' id='word_1_27' title='bbox 421 447 468 502; x_wconf 85' lang='lat' dir='ltr'><strong>Vae</strong></span> <span class='ocrx_word' id='word_1_28' title='bbox 483 445 543 502; x_wconf 76' lang='lat' dir='ltr'><strong>liliis</strong></span> <span class='ocrx_word' id='word_1_29' title='bbox 557 447 614 516; x_wconf 91' lang='lat' dir='ltr'><strong>irae,</strong></span> <span class='ocrx_word' id='word_1_30' title='bbox 637 447 685 520; x_wconf 92' lang='lat' dir='ltr'><strong>qui</strong></span> <span class='ocrx_word' id='word_1_31' title='bbox 700 446 792 504; x_wconf 87' lang='lat' dir='ltr'><strong>fideles</strong></span> <span class='ocrx_word' id='word_1_32' title='bbox 805 463 865 503; x_wconf 91' lang='lat' dir='ltr'><strong>sese</strong></span> <span class='ocrx_word' id='word_1_33' title='bbox 918 450 1096 522; x_wconf 68' lang='lat' dir='ltr'><strong>,principatur</strong></span> <span class='ocrx_word' id='word_1_34' title='bbox 1119 470 1126 506; x_wconf 76' lang='grc' dir='ltr'><strong><em>ε</em></strong></span> <span class='ocrx_word' id='word_1_35' title='bbox 1146 453 1173 507; x_wconf 92' lang='lat' dir='ltr'><strong>iu</strong></span> <span class='ocrx_word' id='word_1_36' title='bbox 1198 453 1296 524; x_wconf 91' lang='lat' dir='ltr'><strong>quibus</strong></span> <span class='ocrx_word' id='word_1_37' title='bbox 1319 462 1345 510; x_wconf 92' lang='lat' dir='ltr'><strong>et</strong></span> <span class='ocrx_word' id='word_1_38' title='bbox 1368 453 1487 527; x_wconf 91' lang='lat' dir='ltr'><strong>pessima</strong></span> <span class='ocrx_word' id='word_1_39' title='bbox 1510 454 1576 512; x_wconf 86' lang='lat' dir='ltr'><strong>torte</strong></span> <span class='ocrx_word' id='word_1_40' title='bbox 1594 470 1724 529; x_wconf 87' lang='lat' dir='ltr'><strong>appareat</strong></span> 
     </span>
     <span class='ocr_line' id='line_1_4' title="bbox 70 534 1715 616; baseline 0.009 -29"><span class='ocrx_word' id='word_1_41' title='bbox 70 535 230 591; x_wconf 79' lang='lat' dir='ltr'>mediatores</span> <span class='ocrx_word' id='word_1_42' title='bbox 246 534 330 607; x_wconf 91' lang='lat' dir='ltr'><strong>pacis,</strong></span> <span class='ocrx_word' id='word_1_43' title='bbox 347 544 376 591; x_wconf 92' lang='lat' dir='ltr'><strong>ut</strong></span> <span class='ocrx_word' id='word_1_44' title='bbox 390 546 501 607; x_wconf 90' lang='lat' dir='ltr'><strong>peccata</strong></span> <span class='ocrx_word' id='word_1_45' title='bbox 514 535 772 610; x_wconf 88' lang='lat' dir='ltr'><strong>popolicomedant,</strong></span> <span class='ocrx_word' id='word_1_46' title='bbox 789 553 865 592; x_wconf 90' lang='lat' dir='ltr'><strong>men·</strong></span> <span class='ocrx_word' id='word_1_47' title='bbox 927 547 987 595; x_wconf 86' lang='lat' dir='ltr'><strong>ntra</strong></span> <span class='ocrx_word' id='word_1_48' title='bbox 1010 540 1127 610; x_wconf 88' lang='lat' dir='ltr'><strong>parietes</strong></span> <span class='ocrx_word' id='word_1_49' title='bbox 1149 541 1324 612; x_wconf 78' lang='lat' dir='ltr'>abominatio,</span> <span class='ocrx_word' id='word_1_50' title='bbox 1342 544 1364 601; x_wconf 88' lang='lat' dir='ltr'><strong>si</strong></span> <span class='ocrx_word' id='word_1_51' title='bbox 1381 543 1457 613; x_wconf 78' lang='lat' dir='ltr'><strong>iuxta</strong></span> <span class='ocrx_word' id='word_1_52' title='bbox 1476 543 1625 602; x_wconf 70' lang='lat' dir='ltr'>Ezechielis</span> <span class='ocrx_word' id='word_1_53' title='bbox 1651 565 1715 616; x_wconf 83' lang='lat' dir='ltr'><strong>pro-</strong></span> 
     </span>
     <span class='ocr_line' id='line_1_5' title="bbox 69 624 1716 705; baseline 0.011 -29"><span class='ocrx_word' id='word_1_54' title='bbox 69 624 183 682; x_wconf 88' lang='lat' dir='ltr'><strong>tiuntur.</strong></span> <span class='ocrx_word' id='word_1_55' title='bbox 201 625 247 680; x_wconf 80' lang='lat' dir='ltr'><strong>Vae</strong></span> <span class='ocrx_word' id='word_1_56' title='bbox 259 626 305 696; x_wconf 94' lang='lat' dir='ltr'><strong>qui</strong></span> <span class='ocrx_word' id='word_1_57' title='bbox 323 625 489 684; x_wconf 86' lang='lat' dir='ltr'><strong>ambulantes</strong></span> <span class='ocrx_word' id='word_1_58' title='bbox 510 625 539 681; x_wconf 89' lang='lat' dir='ltr'><strong>iu</strong></span> <span class='ocrx_word' id='word_1_59' title='bbox 560 641 652 695; x_wconf 87' lang='lat' dir='ltr'><strong>carno,</strong></span> <span class='ocrx_word' id='word_1_60' title='bbox 667 625 727 682; x_wconf 91' lang='lat' dir='ltr'><strong>Deo</strong></span> <span class='ocrx_word' id='word_1_61' title='bbox 755 625 865 697; x_wconf 88' lang='lat' dir='ltr'><strong>placere</strong></span> <span class='ocrx_word' id='word_1_62' title='bbox 919 627 1033 699; x_wconf 90' lang='lat' dir='ltr'><strong>phetiam</strong></span> <span class='ocrx_word' id='word_1_63' title='bbox 1053 631 1181 700; x_wconf 90' lang='lat' dir='ltr'><strong>parietem</strong></span> <span class='ocrx_word' id='word_1_64' title='bbox 1200 628 1336 688; x_wconf 80' lang='lat' dir='ltr'><strong>fodiamus</strong></span> <span class='ocrx_word' id='word_1_65' title='bbox 1358 633 1472 702; x_wconf 73' lang='lat' dir='ltr'><strong>(deecit.</strong></span> <span class='ocrx_word' id='word_1_66' title='bbox 1489 648 1551 701; x_wconf 80' lang='lat' dir='ltr'><strong>vlu,</strong></span> <span class='ocrx_word' id='word_1_67' title='bbox 1573 634 1612 705; x_wconf 79' lang='lat'><strong>8),</strong></span> <span class='ocrx_word' id='word_1_68' title='bbox 1640 643 1670 691; x_wconf 91' lang='lat' dir='ltr'><strong>ut</strong></span> <span class='ocrx_word' id='word_1_69' title='bbox 1688 637 1716 694; x_wconf 91' lang='lat' dir='ltr'><strong>iu</strong></span> 
     </span>
     <span class='ocr_line' id='line_1_6' title="bbox 68 712 1717 794; baseline 0.011 -30"><span class='ocrx_word' id='word_1_70' title='bbox 68 726 123 766; x_wconf 92' lang='lat' dir='ltr'><strong>uon</strong></span> <span class='ocrx_word' id='word_1_71' title='bbox 139 723 262 781; x_wconf 89' lang='lat' dir='ltr'><strong>possunt,</strong></span> <span class='ocrx_word' id='word_1_72' title='bbox 277 721 304 768; x_wconf 90' lang='lat' dir='ltr'><strong>et</strong></span> <span class='ocrx_word' id='word_1_73' title='bbox 319 712 428 784; x_wconf 87' lang='lat' dir='ltr'><strong>placare</strong></span> <span class='ocrx_word' id='word_1_74' title='bbox 441 713 512 771; x_wconf 88' lang='lat' dir='ltr'><strong>velle</strong></span> <span class='ocrx_word' id='word_1_75' title='bbox 527 722 704 784; x_wconf 76' lang='lat' dir='ltr'><strong>presumunt.</strong></span> <span class='ocrx_word' id='word_1_76' title='bbox 919 718 1000 774; x_wconf 94' lang='lat' dir='ltr'><strong>domo</strong></span> <span class='ocrx_word' id='word_1_77' title='bbox 1012 719 1061 773; x_wconf 90' lang='lat' dir='ltr'><strong>Dei</strong></span> <span class='ocrx_word' id='word_1_78' title='bbox 1077 718 1217 777; x_wconf 85' lang='lat' dir='ltr'><strong>videamus</strong></span> <span class='ocrx_word' id='word_1_79' title='bbox 1231 721 1407 779; x_wconf 91' lang='lat' dir='ltr'><strong>horrendum.</strong></span> <span class='ocrx_word' id='word_1_80' title='bbox 1427 721 1568 794; x_wconf 86' lang='lat' dir='ltr'><strong>Siquidem</strong></span> <span class='ocrx_word' id='word_1_81' title='bbox 1578 732 1640 793; x_wconf 92' lang='lat' dir='ltr'><strong>post</strong></span> <span class='ocrx_word' id='word_1_82' title='bbox 1660 724 1717 781; x_wconf 84' lang='lat' dir='ltr'><strong>ior·</strong></span> 
     </span>
    </p>
   </div>
   <div class='ocr_carea' id='block_1_3' title="bbox 67 801 868 1585">
    <p class='ocr_par' dir='ltr' id='par_1_3' title="bbox 67 801 868 1585">
     <span class='ocr_line' id='line_1_7' title="bbox 104 801 865 876; baseline 0.007 -22"><span class='ocrx_word' id='word_1_83' title='bbox 104 802 148 856; x_wconf 87' lang='grc'><strong>33.</strong></span> <span class='ocrx_word' id='word_1_84' title='bbox 165 801 224 858; x_wconf 87' lang='grc' dir='ltr'>Νοιι</span> <span class='ocrx_word' id='word_1_85' title='bbox 240 802 379 874; x_wconf 82' lang='lat' dir='ltr'>miramur,</span> <span class='ocrx_word' id='word_1_86' title='bbox 394 801 502 870; x_wconf 88' lang='lat' dir='ltr'><strong>iratres,</strong></span> <span class='ocrx_word' id='word_1_87' title='bbox 525 802 680 876; x_wconf 79' lang='lat' dir='ltr'><strong>quicunque</strong></span> <span class='ocrx_word' id='word_1_88' title='bbox 705 811 865 874; x_wconf 79' lang='lat' dir='ltr'><strong>praesentem</strong></span> 
     </span>
     <span class='ocr_line' id='line_1_8' title="bbox 68 891 866 966; baseline 0.009 -21"><span class='ocrx_word' id='word_1_89' title='bbox 68 900 166 949; x_wconf 89' lang='lat' dir='ltr'><strong>statum</strong></span> <span class='ocrx_word' id='word_1_90' title='bbox 181 891 308 948; x_wconf 77' lang='lat' dir='ltr'><strong>Ecclesiae</strong></span> <span class='ocrx_word' id='word_1_91' title='bbox 323 893 498 961; x_wconf 86' lang='lat' dir='ltr'><strong>miseramur;</strong></span> <span class='ocrx_word' id='word_1_92' title='bbox 509 908 562 950; x_wconf 93' lang='lat' dir='ltr'><strong>non</strong></span> <span class='ocrx_word' id='word_1_93' title='bbox 573 892 710 966; x_wconf 87' lang='lat' dir='ltr'><strong>miramur,</strong></span> <span class='ocrx_word' id='word_1_94' title='bbox 727 894 866 952; x_wconf 84' lang='lat' dir='ltr'><strong>deradice</strong></span> 
     </span>
     <span class='ocr_line' id='line_1_9' title="bbox 68 980 866 1054; baseline 0.009 -20"><span class='ocrx_word' id='word_1_95' title='bbox 68 980 172 1036; x_wconf 89' lang='lat' dir='ltr'><strong>colubri</strong></span> <span class='ocrx_word' id='word_1_96' title='bbox 188 980 311 1054; x_wconf 89' lang='lat' dir='ltr'><strong>regulum</strong></span> <span class='ocrx_word' id='word_1_97' title='bbox 327 982 469 1039; x_wconf 79' lang='lat' dir='ltr'><strong>orientem.</strong></span> <span class='ocrx_word' id='word_1_98' title='bbox 485 981 546 1038; x_wconf 88' lang='lat' dir='ltr'><strong>Non</strong></span> <span class='ocrx_word' id='word_1_99' title='bbox 565 982 705 1050; x_wconf 88' lang='lat' dir='ltr'><strong>miramur,</strong></span> <span class='ocrx_word' id='word_1_100' title='bbox 729 982 752 1039; x_wconf 87' lang='lat' dir='ltr'><strong>si</strong></span> <span class='ocrx_word' id='word_1_101' title='bbox 770 983 866 1042; x_wconf 81' lang='lat' dir='ltr'><strong>uinde-</strong></span> 
     </span>
     <span class='ocr_line' id='line_1_10' title="bbox 70 1069 866 1144; baseline 0.008 -22"><span class='ocrx_word' id='word_1_102' title='bbox 70 1070 133 1126; x_wconf 90' lang='lat' dir='ltr'><strong>miat</strong></span> <span class='ocrx_word' id='word_1_103' title='bbox 148 1069 253 1126; x_wconf 82' lang='lat' dir='ltr'><strong>vineam</strong></span> <span class='ocrx_word' id='word_1_104' title='bbox 266 1069 390 1137; x_wconf 83' lang='lat' dir='ltr'><strong>Domini,</strong></span> <span class='ocrx_word' id='word_1_105' title='bbox 400 1069 447 1142; x_wconf 92' lang='lat' dir='ltr'><strong>qui</strong></span> <span class='ocrx_word' id='word_1_106' title='bbox 459 1069 609 1127; x_wconf 89' lang='lat' dir='ltr'><strong>institutam</strong></span> <span class='ocrx_word' id='word_1_107' title='bbox 629 1072 773 1129; x_wconf 92' lang='lat' dir='ltr'><strong>aDomino</strong></span> <span class='ocrx_word' id='word_1_108' title='bbox 793 1087 866 1144; x_wconf 79' lang='lat' dir='ltr'><strong>prae-</strong></span> 
     </span>
     <span class='ocr_line' id='line_1_11' title="bbox 70 1158 866 1234; baseline 0.008 -22"><span class='ocrx_word' id='word_1_109' title='bbox 70 1159 231 1229; x_wconf 78' lang='lat' dir='ltr'><strong>tergreditur</strong></span> <span class='ocrx_word' id='word_1_110' title='bbox 244 1159 324 1215; x_wconf 87' lang='lat' dir='ltr'><strong>viam.</strong></span> <span class='ocrx_word' id='word_1_111' title='bbox 342 1160 516 1232; x_wconf 89' lang='lat' dir='ltr'><strong>impudenter</strong></span> <span class='ocrx_word' id='word_1_112' title='bbox 530 1159 601 1216; x_wconf 91' lang='lat' dir='ltr'><strong>enim</strong></span> <span class='ocrx_word' id='word_1_113' title='bbox 627 1158 730 1231; x_wconf 84' lang='lat' dir='ltr'><strong>pacifici</strong></span> <span class='ocrx_word' id='word_1_114' title='bbox 753 1161 866 1234; x_wconf 86' lang='lat' dir='ltr'><strong>gradum</strong></span> 
     </span>
     <span class='ocr_line' id='line_1_12' title="bbox 68 1247 868 1323; baseline 0.011 -26"><span class='ocrx_word' id='word_1_115' title='bbox 68 1259 94 1300; x_wconf 70' lang='lat' dir='ltr'><strong>ot</strong></span> <span class='ocrx_word' id='word_1_116' title='bbox 109 1247 156 1302; x_wconf 91' lang='lat' dir='ltr'><strong>lilii</strong></span> <span class='ocrx_word' id='word_1_117' title='bbox 174 1249 222 1305; x_wconf 88' lang='lat' dir='ltr'><strong>Dei</strong></span> <span class='ocrx_word' id='word_1_118' title='bbox 241 1249 316 1305; x_wconf 84' lang='lat' dir='ltr'><strong>uices</strong></span> <span class='ocrx_word' id='word_1_119' title='bbox 331 1248 545 1319; x_wconf 88' lang='lat' dir='ltr'><strong>oocupathomo,</strong></span> <span class='ocrx_word' id='word_1_120' title='bbox 561 1247 608 1321; x_wconf 93' lang='lat' dir='ltr'><strong>qui</strong></span> <span class='ocrx_word' id='word_1_121' title='bbox 619 1264 670 1305; x_wconf 88' lang='lat' dir='ltr'><strong>neo</strong></span> <span class='ocrx_word' id='word_1_122' title='bbox 680 1247 794 1323; x_wconf 90' lang='lat' dir='ltr'><strong>primam</strong></span> <span class='ocrx_word' id='word_1_123' title='bbox 808 1250 868 1323; x_wconf 92' lang='lat' dir='ltr'><strong>qui·</strong></span> 
     </span>
     <span class='ocr_line' id='line_1_13' title="bbox 68 1338 864 1400; baseline 0.01 -8"><span class='ocrx_word' id='word_1_124' title='bbox 68 1339 131 1394; x_wconf 89' lang='lat' dir='ltr'><strong>dem</strong></span> <span class='ocrx_word' id='word_1_125' title='bbox 147 1339 236 1397; x_wconf 90' lang='lat' dir='ltr'><strong>adhuc</strong></span> <span class='ocrx_word' id='word_1_126' title='bbox 250 1354 343 1396; x_wconf 85' lang='lat' dir='ltr'><strong>vocem</strong></span> <span class='ocrx_word' id='word_1_127' title='bbox 355 1338 464 1395; x_wconf 86' lang='lat' dir='ltr'><strong>Domini</strong></span> <span class='ocrx_word' id='word_1_128' title='bbox 477 1339 509 1394; x_wconf 88' lang='lat' dir='ltr'><strong>ad</strong></span> <span class='ocrx_word' id='word_1_129' title='bbox 520 1355 567 1395; x_wconf 91' lang='lat' dir='ltr'><strong>cor</strong></span> <span class='ocrx_word' id='word_1_130' title='bbox 579 1338 729 1397; x_wconf 82' lang='lat' dir='ltr'><strong>revocantis</strong></span> <span class='ocrx_word' id='word_1_131' title='bbox 743 1339 864 1400; x_wconf 85' lang='lat' dir='ltr'><strong>audivit:</strong></span> 
     </span>
     <span class='ocr_line' id='line_1_14' title="bbox 68 1427 867 1503; baseline 0.006 -23"><span class='ocrx_word' id='word_1_132' title='bbox 68 1436 115 1481; x_wconf 84' lang='lat' dir='ltr'><strong>ant</strong></span> <span class='ocrx_word' id='word_1_133' title='bbox 129 1429 152 1482; x_wconf 91' lang='lat' dir='ltr'><strong>si</strong></span> <span class='ocrx_word' id='word_1_134' title='bbox 164 1427 398 1500; x_wconf 76' lang='lat' dir='ltr'><strong>quandolorsitau</strong></span> <span class='ocrx_word' id='word_1_135' title='bbox 412 1427 522 1499; x_wconf 71' lang='lat' dir='ltr'><strong>caeperit</strong></span> <span class='ocrx_word' id='word_1_136' title='bbox 537 1427 640 1496; x_wconf 89' lang='lat' dir='ltr'><strong>audire,</strong></span> <span class='ocrx_word' id='word_1_137' title='bbox 657 1427 782 1485; x_wconf 87' lang='lat' dir='ltr'><strong>resiliens</strong></span> <span class='ocrx_word' id='word_1_138' title='bbox 796 1427 867 1503; x_wconf 81' lang='lat' dir='ltr'><strong>sugit</strong></span> 
     </span>
     <span class='ocr_line' id='line_1_15' title="bbox 67 1514 863 1585; baseline 0.005 -17"><span class='ocrx_word' id='word_1_139' title='bbox 67 1517 100 1569; x_wconf 91' lang='lat' dir='ltr'><strong>ad</strong></span> <span class='ocrx_word' id='word_1_140' title='bbox 116 1515 190 1585; x_wconf 84' lang='lat' dir='ltr'><strong>lolia,</strong></span> <span class='ocrx_word' id='word_1_141' title='bbox 211 1524 240 1572; x_wconf 89' lang='lat' dir='ltr'><strong>ut</strong></span> <span class='ocrx_word' id='word_1_142' title='bbox 254 1516 463 1572; x_wconf 75' lang='lat' dir='ltr'><strong>absconderetur</strong></span> <span class='ocrx_word' id='word_1_143' title='bbox 481 1514 511 1570; x_wconf 91' lang='lat' dir='ltr'><strong>in</strong></span> <span class='ocrx_word' id='word_1_144' title='bbox 524 1515 572 1572; x_wconf 82' lang='lat' dir='ltr'><strong>eis.</strong></span> <span class='ocrx_word' id='word_1_145' title='bbox 588 1515 735 1584; x_wconf 85' lang='lat' dir='ltr'><strong>Propterea</strong></span> <span class='ocrx_word' id='word_1_146' title='bbox 746 1517 863 1574; x_wconf 85' lang='lat' dir='ltr'><strong>necdum</strong></span> 
     </span>
    </p>
   </div>
   <div class='ocr_carea' id='block_1_4' title="bbox 918 805 1719 1592">
    <p class='ocr_par' dir='ltr' id='par_1_4' title="bbox 918 805 1719 1499">
     <span class='ocr_line' id='line_1_16' title="bbox 919 805 1718 880; baseline 0.009 -20"><span class='ocrx_word' id='word_1_147' title='bbox 919 805 1079 874; x_wconf 89' lang='lat' dir='ltr'><strong>nicationes,</strong></span> <span class='ocrx_word' id='word_1_148' title='bbox 1095 815 1157 878; x_wconf 89' lang='lat' dir='ltr'><strong>post</strong></span> <span class='ocrx_word' id='word_1_149' title='bbox 1180 807 1320 879; x_wconf 87' lang='lat' dir='ltr'><strong>adulteria,</strong></span> <span class='ocrx_word' id='word_1_150' title='bbox 1346 820 1409 877; x_wconf 92' lang='lat' dir='ltr'><strong>post</strong></span> <span class='ocrx_word' id='word_1_151' title='bbox 1432 809 1561 876; x_wconf 86' lang='lat' dir='ltr'><strong>incestus,</strong></span> <span class='ocrx_word' id='word_1_152' title='bbox 1579 827 1628 868; x_wconf 89' lang='lat' dir='ltr'><strong>neo</strong></span> <span class='ocrx_word' id='word_1_153' title='bbox 1651 811 1718 880; x_wconf 76' lang='lat' dir='ltr'><strong>ipsae</strong></span> 
     </span>
     <span class='ocr_line' id='line_1_17' title="bbox 918 894 1719 971; baseline 0.01 -24"><span class='ocrx_word' id='word_1_154' title='bbox 918 894 1026 964; x_wconf 89' lang='lat' dir='ltr'><strong>quidem</strong></span> <span class='ocrx_word' id='word_1_155' title='bbox 1042 896 1113 962; x_wconf 90' lang='lat' dir='ltr'><strong>apud</strong></span> <span class='ocrx_word' id='word_1_156' title='bbox 1123 896 1227 968; x_wconf 87' lang='lat' dir='ltr'><strong>aliquos</strong></span> <span class='ocrx_word' id='word_1_157' title='bbox 1237 897 1393 969; x_wconf 74' lang='lat' dir='ltr'><strong>ignominie</strong></span> <span class='ocrx_word' id='word_1_158' title='bbox 1408 898 1550 970; x_wconf 83' lang='lat' dir='ltr'><strong>passiones</strong></span> <span class='ocrx_word' id='word_1_159' title='bbox 1564 909 1592 955; x_wconf 89' lang='lat' dir='ltr'><strong>et</strong></span> <span class='ocrx_word' id='word_1_160' title='bbox 1606 900 1719 971; x_wconf 90' lang='lat' dir='ltr'><strong>turpitu-</strong></span> 
     </span>
     <span class='ocr_line' id='line_1_18' title="bbox 919 983 1717 1063; baseline 0.009 -25"><span class='ocrx_word' id='word_1_161' title='bbox 919 983 992 1038; x_wconf 86' lang='lat' dir='ltr'><strong>dinis</strong></span> <span class='ocrx_word' id='word_1_162' title='bbox 1008 998 1091 1055; x_wconf 89' lang='lat' dir='ltr'><strong>opera</strong></span> <span class='ocrx_word' id='word_1_163' title='bbox 1105 985 1210 1041; x_wconf 87' lang='lat' dir='ltr'><strong>desunt.</strong></span> <span class='ocrx_word' id='word_1_164' title='bbox 1227 985 1331 1044; x_wconf 90' lang='lat' dir='ltr'><strong>Utinam</strong></span> <span class='ocrx_word' id='word_1_165' title='bbox 1355 1001 1410 1043; x_wconf 91' lang='lat' dir='ltr'><strong>non</strong></span> <span class='ocrx_word' id='word_1_166' title='bbox 1430 987 1527 1044; x_wconf 87' lang='lat' dir='ltr'><strong>liercut</strong></span> <span class='ocrx_word' id='word_1_167' title='bbox 1549 1004 1610 1061; x_wconf 78' lang='lat' dir='ltr'><strong>quae</strong></span> <span class='ocrx_word' id='word_1_168' title='bbox 1630 1004 1717 1063; x_wconf 89' lang='lat' dir='ltr'><strong>usque</strong></span> 
     </span>
     <span class='ocr_line' id='line_1_19' title="bbox 920 1072 1716 1149; baseline 0.008 -23"><span class='ocrx_word' id='word_1_169' title='bbox 920 1072 987 1128; x_wconf 91' lang='lat' dir='ltr'><strong>adeo</strong></span> <span class='ocrx_word' id='word_1_170' title='bbox 1001 1087 1056 1129; x_wconf 92' lang='lat' dir='ltr'><strong>non</strong></span> <span class='ocrx_word' id='word_1_171' title='bbox 1070 1073 1245 1140; x_wconf 73' lang='lat' dir='ltr'><strong>conveniunt,</strong></span> <span class='ocrx_word' id='word_1_172' title='bbox 1262 1082 1290 1129; x_wconf 93' lang='lat' dir='ltr'><strong>nt</strong></span> <span class='ocrx_word' id='word_1_173' title='bbox 1303 1073 1352 1146; x_wconf 80' lang='lat' dir='ltr'><strong>[cl.</strong></span> <span class='ocrx_word' id='word_1_174' title='bbox 1368 1075 1480 1149; x_wconf 88' lang='lat' dir='ltr'><strong>utinam]</strong></span> <span class='ocrx_word' id='word_1_175' title='bbox 1495 1091 1546 1133; x_wconf 91' lang='lat' dir='ltr'><strong>nec</strong></span> <span class='ocrx_word' id='word_1_176' title='bbox 1557 1077 1716 1148; x_wconf 77' lang='lat' dir='ltr'><strong>Apostolum</strong></span> 
     </span>
     <span class='ocr_line' id='line_1_20' title="bbox 921 1161 1717 1236; baseline 0.008 -20"><span class='ocrx_word' id='word_1_177' title='bbox 921 1161 1039 1217; x_wconf 89' lang='lat' dir='ltr'><strong>scrihere</strong></span> <span class='ocrx_word' id='word_1_178' title='bbox 1053 1161 1110 1219; x_wconf 86' lang='lat' dir='ltr'><strong>haec</strong></span> <span class='ocrx_word' id='word_1_179' title='bbox 1123 1162 1214 1233; x_wconf 81' lang='lat' dir='ltr'><strong>(hom.</strong></span> <span class='ocrx_word' id='word_1_180' title='bbox 1229 1178 1250 1230; x_wconf 90' lang='grc' dir='ltr'>ι,</span> <span class='ocrx_word' id='word_1_181' title='bbox 1266 1167 1295 1219; x_wconf 86' lang='lat' dir='ltr'><strong>et</strong></span> <span class='ocrx_word' id='word_1_182' title='bbox 1310 1164 1410 1236; x_wconf 77' lang='lat' dir='ltr'><strong>Ephea.</strong></span> <span class='ocrx_word' id='word_1_183' title='bbox 1437 1166 1476 1235; x_wconf 88' lang='lat' dir='ltr'><strong>v),</strong></span> <span class='ocrx_word' id='word_1_184' title='bbox 1492 1180 1543 1221; x_wconf 89' lang='lat' dir='ltr'><strong>nac</strong></span> <span class='ocrx_word' id='word_1_185' title='bbox 1558 1179 1609 1222; x_wconf 90' lang='lat' dir='ltr'><strong>nos</strong></span> <span class='ocrx_word' id='word_1_186' title='bbox 1626 1165 1717 1222; x_wconf 89' lang='lat' dir='ltr'><strong>dicero</strong></span> 
     </span>
     <span class='ocr_line' id='line_1_21' title="bbox 921 1248 1716 1326; baseline 0.009 -22"><span class='ocrx_word' id='word_1_187' title='bbox 921 1255 1057 1321; x_wconf 83' lang='lat' dir='ltr'><strong>oporteret</strong></span> <span class='ocrx_word' id='word_1_188' title='bbox 1073 1248 1080 1305; x_wconf 98' lang='lat' dir='ltr'><strong>l</strong></span> <span class='ocrx_word' id='word_1_189' title='bbox 1105 1252 1205 1308; x_wconf 91' lang='lat' dir='ltr'><strong>utinam</strong></span> <span class='ocrx_word' id='word_1_190' title='bbox 1221 1267 1272 1308; x_wconf 90' lang='lat' dir='ltr'><strong>nec</strong></span> <span class='ocrx_word' id='word_1_191' title='bbox 1286 1252 1439 1309; x_wconf 84' lang='lat' dir='ltr'><strong>dicentibus</strong></span> <span class='ocrx_word' id='word_1_192' title='bbox 1458 1253 1624 1320; x_wconf 83' lang='lat' dir='ltr'><strong>crederetur,</strong></span> <span class='ocrx_word' id='word_1_193' title='bbox 1644 1257 1716 1326; x_wconf 91' lang='lat' dir='ltr'><strong>quod</strong></span> 
     </span>
     <span class='ocr_line' id='line_1_22' title="bbox 921 1338 1717 1412; baseline 0.011 -20"><span class='ocrx_word' id='word_1_194' title='bbox 921 1338 1069 1395; x_wconf 90' lang='lat' dir='ltr'><strong>humanum</strong></span> <span class='ocrx_word' id='word_1_195' title='bbox 1087 1338 1230 1410; x_wconf 90' lang='lat' dir='ltr'><strong>aliquando</strong></span> <span class='ocrx_word' id='word_1_196' title='bbox 1245 1340 1420 1412; x_wconf 83' lang='lat' dir='ltr'><strong>occupaverit</strong></span> <span class='ocrx_word' id='word_1_197' title='bbox 1438 1340 1557 1399; x_wconf 87' lang='lat' dir='ltr'><strong>animum</strong></span> <span class='ocrx_word' id='word_1_198' title='bbox 1581 1349 1635 1399; x_wconf 78' lang='grc' dir='ltr'>ιιιιι</span> <span class='ocrx_word' id='word_1_199' title='bbox 1650 1343 1717 1401; x_wconf 87' lang='lat' dir='ltr'><strong>abo-</strong></span> 
     </span>
     <span class='ocr_line' id='line_1_23' title="bbox 922 1427 1188 1499; baseline 0.011 -18"><span class='ocrx_word' id='word_1_200' title='bbox 922 1427 1050 1483; x_wconf 90' lang='lat' dir='ltr'><strong>minanda</strong></span> <span class='ocrx_word' id='word_1_201' title='bbox 1067 1427 1188 1499; x_wconf 84' lang='lat' dir='ltr'><strong>cupidol</strong></span> 
     </span>
    </p>

    <p class='ocr_par' dir='ltr' id='par_1_5' title="bbox 957 1515 1715 1592">
     <span class='ocr_line' id='line_1_24' title="bbox 957 1515 1715 1592; baseline 0.008 -19"><span class='ocrx_word' id='word_1_202' title='bbox 957 1519 1002 1573; x_wconf 81' lang='lat'><strong>35.</strong></span> <span class='ocrx_word' id='word_1_203' title='bbox 1029 1516 1158 1588; x_wconf 89' lang='lat' dir='ltr'><strong>Nunquid</strong></span> <span class='ocrx_word' id='word_1_204' title='bbox 1182 1531 1237 1574; x_wconf 89' lang='lat' dir='ltr'><strong>uon</strong></span> <span class='ocrx_word' id='word_1_205' title='bbox 1259 1516 1324 1574; x_wconf 91' lang='lat' dir='ltr'><strong>olim</strong></span> <span class='ocrx_word' id='word_1_206' title='bbox 1347 1515 1470 1576; x_wconf 84' lang='lat' dir='ltr'><strong>civitates</strong></span> <span class='ocrx_word' id='word_1_207' title='bbox 1491 1518 1556 1586; x_wconf 82' lang='lat' dir='ltr'><strong>illae,</strong></span> <span class='ocrx_word' id='word_1_208' title='bbox 1579 1520 1715 1592; x_wconf 75' lang='lat' dir='ltr'><strong>spurcitie</strong></span> 
     </span>
    </p>
   </div>
   <div class='ocr_carea' id='block_1_5' title="bbox 65 1602 1715 1947">
    <p class='ocr_par' dir='ltr' id='par_1_6' title="bbox 65 1602 1715 1947">
     <span class='ocr_line' id='line_1_25' title="bbox 67 1602 1715 1679; baseline 0.004 -19"><span class='ocrx_word' id='word_1_209' title='bbox 67 1619 176 1672; x_wconf 83' lang='lat' dir='ltr'><strong>peccare</strong></span> <span class='ocrx_word' id='word_1_210' title='bbox 192 1604 301 1676; x_wconf 90' lang='lat' dir='ltr'><strong>quievit,</strong></span> <span class='ocrx_word' id='word_1_211' title='bbox 318 1602 367 1658; x_wconf 91' lang='lat' dir='ltr'><strong>sed</strong></span> <span class='ocrx_word' id='word_1_212' title='bbox 382 1603 493 1676; x_wconf 87' lang='lat' dir='ltr'><strong>longam</strong></span> <span class='ocrx_word' id='word_1_213' title='bbox 518 1604 605 1659; x_wconf 89' lang='lat' dir='ltr'><strong>adhuc</strong></span> <span class='ocrx_word' id='word_1_214' title='bbox 627 1603 707 1659; x_wconf 87' lang='lat' dir='ltr'><strong>trahit</strong></span> <span class='ocrx_word' id='word_1_215' title='bbox 738 1612 860 1661; x_wconf 88' lang='lat' dir='ltr'><strong>restem:</strong></span> <span class='ocrx_word' id='word_1_216' title='bbox 917 1606 997 1677; x_wconf 84' lang='lat' dir='ltr'><strong>hujus</strong></span> <span class='ocrx_word' id='word_1_217' title='bbox 1014 1613 1123 1668; x_wconf 91' lang='lat' dir='ltr'><strong>matres,</strong></span> <span class='ocrx_word' id='word_1_218' title='bbox 1147 1604 1241 1661; x_wconf 84' lang='lat' dir='ltr'><strong>divino</strong></span> <span class='ocrx_word' id='word_1_219' title='bbox 1264 1605 1456 1678; x_wconf 73' lang='lat' dir='ltr'><strong>praedamnatae</strong></span> <span class='ocrx_word' id='word_1_220' title='bbox 1478 1607 1590 1679; x_wconf 87' lang='lat' dir='ltr'><strong>judicio,</strong></span> <span class='ocrx_word' id='word_1_221' title='bbox 1616 1616 1642 1664; x_wconf 89' lang='lat' dir='ltr'><strong>et</strong></span> <span class='ocrx_word' id='word_1_222' title='bbox 1669 1609 1715 1666; x_wconf 92' lang='lat' dir='ltr'><strong>in·</strong></span> 
     </span>
     <span class='ocr_line' id='line_1_26' title="bbox 65 1689 1714 1771; baseline 0.005 -23"><span class='ocrx_word' id='word_1_223' title='bbox 65 1691 179 1749; x_wconf 86' lang='lat' dir='ltr'><strong>necdum</strong></span> <span class='ocrx_word' id='word_1_224' title='bbox 200 1693 287 1749; x_wconf 86' lang='lat' dir='ltr'><strong>iactos</strong></span> <span class='ocrx_word' id='word_1_225' title='bbox 308 1701 351 1749; x_wconf 88' lang='lat' dir='ltr'><strong>est</strong></span> <span class='ocrx_word' id='word_1_226' title='bbox 365 1691 404 1750; x_wconf 84' lang='lat' dir='ltr'><strong>uir</strong></span> <span class='ocrx_word' id='word_1_227' title='bbox 436 1691 531 1748; x_wconf 85' lang='lat' dir='ltr'><strong>ridens</strong></span> <span class='ocrx_word' id='word_1_228' title='bbox 557 1700 742 1764; x_wconf 88' lang='lat' dir='ltr'><strong>paupertatem</strong></span> <span class='ocrx_word' id='word_1_229' title='bbox 770 1710 859 1763; x_wconf 91' lang='lat' dir='ltr'><strong>snam,</strong></span> <span class='ocrx_word' id='word_1_230' title='bbox 880 1689 1011 1767; x_wconf 74' lang='lat' dir='ltr'><strong>flocndio</strong></span> <span class='ocrx_word' id='word_1_231' title='bbox 1025 1700 1088 1750; x_wconf 89' lang='lat' dir='ltr'><strong>suut</strong></span> <span class='ocrx_word' id='word_1_232' title='bbox 1109 1695 1234 1753; x_wconf 75' lang='lat' dir='ltr'><strong>deletae?</strong></span> <span class='ocrx_word' id='word_1_233' title='bbox 1257 1695 1338 1766; x_wconf 84' lang='lat' dir='ltr'><strong>(Gen.</strong></span> <span class='ocrx_word' id='word_1_234' title='bbox 1354 1696 1430 1765; x_wconf 78' lang='lat' dir='ltr'><strong>xix.)</strong></span> <span class='ocrx_word' id='word_1_235' title='bbox 1445 1695 1569 1768; x_wconf 85' lang='lat' dir='ltr'><strong>Nunquid</strong></span> <span class='ocrx_word' id='word_1_236' title='bbox 1593 1712 1647 1754; x_wconf 93' lang='lat' dir='ltr'><strong>uon</strong></span> <span class='ocrx_word' id='word_1_237' title='bbox 1661 1712 1714 1771; x_wconf 83' lang='lat' dir='ltr'><strong>ge-</strong></span> 
     </span>
     <span class='ocr_line' id='line_1_27' title="bbox 65 1781 1713 1856; baseline 0.003 -19"><span class='ocrx_word' id='word_1_238' title='bbox 65 1783 113 1837; x_wconf 87' lang='lat' dir='ltr'><strong>sod</strong></span> <span class='ocrx_word' id='word_1_239' title='bbox 127 1781 202 1847; x_wconf 90' lang='lat' dir='ltr'><strong>dicit,</strong></span> <span class='ocrx_word' id='word_1_240' title='bbox 222 1783 374 1855; x_wconf 84' lang='lat' dir='ltr'><strong>quiadircs</strong></span> <span class='ocrx_word' id='word_1_241' title='bbox 388 1798 460 1849; x_wconf 91' lang='lat' dir='ltr'><strong>sum,</strong></span> <span class='ocrx_word' id='word_1_242' title='bbox 483 1794 511 1838; x_wconf 86' lang='lat' dir='ltr'><strong>et</strong></span> <span class='ocrx_word' id='word_1_243' title='bbox 534 1781 634 1838; x_wconf 90' lang='lat' dir='ltr'><strong>nullius</strong></span> <span class='ocrx_word' id='word_1_244' title='bbox 657 1798 734 1856; x_wconf 85' lang='lat' dir='ltr'><strong>egeo,</strong></span> <span class='ocrx_word' id='word_1_245' title='bbox 750 1800 811 1842; x_wconf 91' lang='lat' dir='ltr'><strong>cum</strong></span> <span class='ocrx_word' id='word_1_246' title='bbox 827 1785 862 1841; x_wconf 91' lang='lat' dir='ltr'><strong>sit</strong></span> <span class='ocrx_word' id='word_1_247' title='bbox 915 1783 1038 1840; x_wconf 84' lang='lat' dir='ltr'><strong>bannalis</strong></span> <span class='ocrx_word' id='word_1_248' title='bbox 1050 1782 1161 1839; x_wconf 74' lang='lat' dir='ltr'><strong>flamma</strong></span> <span class='ocrx_word' id='word_1_249' title='bbox 1174 1799 1279 1840; x_wconf 89' lang='lat' dir='ltr'><strong>moram</strong></span> <span class='ocrx_word' id='word_1_250' title='bbox 1290 1784 1503 1854; x_wconf 88' lang='lat' dir='ltr'><strong>nonsustinens,</strong></span> <span class='ocrx_word' id='word_1_251' title='bbox 1520 1786 1713 1843; x_wconf 83' lang='lat' dir='ltr'><strong>exsecrabilem</strong></span> 
     </span>
     <span class='ocr_line' id='line_1_28' title="bbox 66 1870 1714 1947; baseline 0.004 -22"><span class='ocrx_word' id='word_1_252' title='bbox 66 1889 177 1943; x_wconf 78' lang='lat' dir='ltr'><strong>pauper,</strong></span> <span class='ocrx_word' id='word_1_253' title='bbox 192 1879 218 1927; x_wconf 90' lang='lat' dir='ltr'><strong>et</strong></span> <span class='ocrx_word' id='word_1_254' title='bbox 231 1871 328 1944; x_wconf 87' lang='lat' dir='ltr'><strong>nudus,</strong></span> <span class='ocrx_word' id='word_1_255' title='bbox 349 1880 376 1928; x_wconf 90' lang='lat' dir='ltr'><strong>et</strong></span> <span class='ocrx_word' id='word_1_256' title='bbox 390 1871 484 1938; x_wconf 90' lang='lat' dir='ltr'><strong>miser,</strong></span> <span class='ocrx_word' id='word_1_257' title='bbox 500 1879 528 1928; x_wconf 91' lang='lat' dir='ltr'><strong>et</strong></span> <span class='ocrx_word' id='word_1_258' title='bbox 542 1870 710 1928; x_wconf 86' lang='lat' dir='ltr'><strong>miserabilis.</strong></span> <span class='ocrx_word' id='word_1_259' title='bbox 736 1873 808 1929; x_wconf 89' lang='lat' dir='ltr'><strong>Nihil</strong></span> <span class='ocrx_word' id='word_1_260' title='bbox 822 1873 862 1929; x_wconf 92' lang='lat' dir='ltr'><strong>illi</strong></span> <span class='ocrx_word' id='word_1_261' title='bbox 914 1873 989 1928; x_wconf 89' lang='lat' dir='ltr'><strong>illam</strong></span> <span class='ocrx_word' id='word_1_262' title='bbox 1003 1871 1134 1944; x_wconf 83' lang='lat' dir='ltr'><strong>prevenit</strong></span> <span class='ocrx_word' id='word_1_263' title='bbox 1148 1872 1241 1930; x_wconf 89' lang='lat' dir='ltr'><strong>tollere</strong></span> <span class='ocrx_word' id='word_1_264' title='bbox 1256 1873 1404 1942; x_wconf 89' lang='lat' dir='ltr'><strong>nationem,</strong></span> <span class='ocrx_word' id='word_1_265' title='bbox 1421 1875 1494 1946; x_wconf 92' lang='lat' dir='ltr'><strong>quod</strong></span> <span class='ocrx_word' id='word_1_266' title='bbox 1508 1873 1595 1947; x_wconf 88' lang='lat' dir='ltr'><strong>ipsius</strong></span> <span class='ocrx_word' id='word_1_267' title='bbox 1608 1876 1714 1946; x_wconf 89' lang='lat' dir='ltr'><strong>specia-</strong></span> 
     </span>
    </p>
   </div>
   <div class='ocr_carea' id='block_1_6' title="bbox 60 1960 862 3013">
    <p class='ocr_par' dir='ltr' id='par_1_7' title="bbox 60 1960 862 3013">
     <span class='ocr_line' id='line_1_29' title="bbox 65 1960 860 2034; baseline 0.008 -20"><span class='ocrx_word' id='word_1_268' title='bbox 65 1963 98 2016; x_wconf 91' lang='lat' dir='ltr'><strong>do</strong></span> <span class='ocrx_word' id='word_1_269' title='bbox 113 1960 211 2034; x_wconf 90' lang='lat' dir='ltr'><strong>spiritu</strong></span> <span class='ocrx_word' id='word_1_270' title='bbox 227 1961 452 2027; x_wconf 88' lang='lat' dir='ltr'><strong>mausuetudinis,</strong></span> <span class='ocrx_word' id='word_1_271' title='bbox 466 1975 522 2032; x_wconf 93' lang='lat' dir='ltr'><strong>quo</strong></span> <span class='ocrx_word' id='word_1_272' title='bbox 537 1968 740 2033; x_wconf 79' lang='lat' dir='ltr'><strong>praeoccupatos</strong></span> <span class='ocrx_word' id='word_1_273' title='bbox 764 1965 790 2018; x_wconf 92' lang='lat' dir='ltr'><strong>in</strong></span> <span class='ocrx_word' id='word_1_274' title='bbox 810 1963 860 2020; x_wconf 88' lang='lat' dir='ltr'><strong>de-</strong></span> 
     </span>
     <span class='ocr_line' id='line_1_30' title="bbox 63 2049 862 2123; baseline 0.006 -19"><span class='ocrx_word' id='word_1_275' title='bbox 63 2051 128 2106; x_wconf 79' lang='lat' dir='ltr'><strong>licto</strong></span> <span class='ocrx_word' id='word_1_276' title='bbox 154 2051 240 2122; x_wconf 90' lang='lat' dir='ltr'><strong>possit</strong></span> <span class='ocrx_word' id='word_1_277' title='bbox 261 2050 405 2122; x_wconf 88' lang='lat' dir='ltr'><strong>instruere,</strong></span> <span class='ocrx_word' id='word_1_278' title='bbox 427 2049 602 2106; x_wconf 86' lang='lat' dir='ltr'><strong>considerans</strong></span> <span class='ocrx_word' id='word_1_279' title='bbox 624 2051 754 2123; x_wconf 88' lang='lat' dir='ltr'><strong>seipsum,</strong></span> <span class='ocrx_word' id='word_1_280' title='bbox 778 2069 813 2107; x_wconf 90' lang='lat' dir='ltr'><strong>ne</strong></span> <span class='ocrx_word' id='word_1_281' title='bbox 835 2063 862 2109; x_wconf 89' lang='lat' dir='ltr'><strong>et</strong></span> 
     </span>
     <span class='ocr_line' id='line_1_31' title="bbox 64 2137 859 2211; baseline 0.004 -17"><span class='ocrx_word' id='word_1_282' title='bbox 64 2140 122 2210; x_wconf 91' lang='lat' dir='ltr'><strong>ipso</strong></span> <span class='ocrx_word' id='word_1_283' title='bbox 145 2146 273 2196; x_wconf 91' lang='lat' dir='ltr'><strong>tentetur.</strong></span> <span class='ocrx_word' id='word_1_284' title='bbox 309 2137 533 2211; x_wconf 78' lang='lat' dir='ltr'><strong>compunctionis</strong></span> <span class='ocrx_word' id='word_1_285' title='bbox 563 2139 698 2209; x_wconf 79' lang='lat' dir='ltr'><strong>lucrymas</strong></span> <span class='ocrx_word' id='word_1_286' title='bbox 727 2142 859 2210; x_wconf 82' lang='lat' dir='ltr'><strong>nesciens,</strong></span> 
     </span>
     <span class='ocr_line' id='line_1_32' title="bbox 65 2227 860 2303; baseline 0.006 -21"><span class='ocrx_word' id='word_1_287' title='bbox 65 2231 169 2285; x_wconf 77' lang='lat' dir='ltr'><strong>laetatur</strong></span> <span class='ocrx_word' id='word_1_288' title='bbox 182 2227 269 2303; x_wconf 82' lang='lat' dir='ltr'><strong>magis</strong></span> <span class='ocrx_word' id='word_1_289' title='bbox 283 2245 345 2285; x_wconf 90' lang='lat' dir='ltr'><strong>cum</strong></span> <span class='ocrx_word' id='word_1_290' title='bbox 361 2228 430 2284; x_wconf 92' lang='lat' dir='ltr'><strong>male</strong></span> <span class='ocrx_word' id='word_1_291' title='bbox 445 2228 551 2301; x_wconf 88' lang='lat' dir='ltr'><strong>lecerit,</strong></span> <span class='ocrx_word' id='word_1_292' title='bbox 565 2237 591 2284; x_wconf 90' lang='lat' dir='ltr'><strong>et</strong></span> <span class='ocrx_word' id='word_1_293' title='bbox 609 2228 636 2283; x_wconf 93' lang='lat' dir='ltr'><strong>in</strong></span> <span class='ocrx_word' id='word_1_294' title='bbox 661 2231 744 2286; x_wconf 83' lang='lat' dir='ltr'><strong>rebus</strong></span> <span class='ocrx_word' id='word_1_295' title='bbox 768 2233 860 2303; x_wconf 90' lang='lat' dir='ltr'><strong>pessi·</strong></span> 
     </span>
     <span class='ocr_line' id='line_1_33' title="bbox 66 2317 859 2390; baseline 0.013 -22"><span class='ocrx_word' id='word_1_296' title='bbox 66 2318 118 2371; x_wconf 84' lang='lat' dir='ltr'><strong>oris</strong></span> <span class='ocrx_word' id='word_1_297' title='bbox 131 2318 255 2375; x_wconf 81' lang='lat' dir='ltr'><strong>exsultat.</strong></span> <span class='ocrx_word' id='word_1_298' title='bbox 277 2317 408 2373; x_wconf 87' lang='lat' dir='ltr'><strong>Nimirum</strong></span> <span class='ocrx_word' id='word_1_299' title='bbox 424 2334 493 2373; x_wconf 91' lang='lat' dir='ltr'><strong>unus</strong></span> <span class='ocrx_word' id='word_1_300' title='bbox 511 2333 604 2374; x_wconf 86' lang='lat' dir='ltr'><strong>eorum</strong></span> <span class='ocrx_word' id='word_1_301' title='bbox 625 2329 674 2390; x_wconf 85' lang='lat' dir='ltr'><strong>est,</strong></span> <span class='ocrx_word' id='word_1_302' title='bbox 689 2319 789 2390; x_wconf 90' lang='lat' dir='ltr'><strong>quihus</strong></span> <span class='ocrx_word' id='word_1_303' title='bbox 801 2322 859 2378; x_wconf 90' lang='lat' dir='ltr'><strong>Do·</strong></span> 
     </span>
     <span class='ocr_line' id='line_1_34' title="bbox 65 2405 859 2482; baseline 0.01 -24"><span class='ocrx_word' id='word_1_304' title='bbox 65 2405 154 2460; x_wconf 84' lang='lat' dir='ltr'><strong>ruinus</strong></span> <span class='ocrx_word' id='word_1_305' title='bbox 168 2405 221 2462; x_wconf 86' lang='lat' dir='ltr'><strong>ait:</strong></span> <span class='ocrx_word' id='word_1_306' title='bbox 243 2407 284 2464; x_wconf 78' lang='lat' dir='ltr'><strong>Va</strong></span> <span class='ocrx_word' id='word_1_307' title='bbox 296 2408 369 2463; x_wconf 82' lang='lat' dir='ltr'><strong>nohis</strong></span> <span class='ocrx_word' id='word_1_308' title='bbox 379 2409 427 2480; x_wconf 85' lang='lat' dir='ltr'><strong>qui</strong></span> <span class='ocrx_word' id='word_1_309' title='bbox 441 2407 540 2464; x_wconf 83' lang='lat' dir='ltr'><strong>ridetis</strong></span> <span class='ocrx_word' id='word_1_310' title='bbox 553 2424 639 2474; x_wconf 83' lang='lat' dir='ltr'><strong>nunc,</strong></span> <span class='ocrx_word' id='word_1_311' title='bbox 656 2409 789 2482; x_wconf 81' lang='lat' dir='ltr'><strong>quonium</strong></span> <span class='ocrx_word' id='word_1_312' title='bbox 804 2413 859 2480; x_wconf 80' lang='lat' dir='ltr'><strong>flc-</strong></span> 
     </span>
     <span class='ocr_line' id='line_1_35' title="bbox 64 2495 861 2568; baseline 0.008 -19"><span class='ocrx_word' id='word_1_313' title='bbox 64 2495 346 2565; x_wconf 61' lang='lat' dir='ltr'><strong>bertrannoque).</strong></span> <span class='ocrx_word' id='word_1_314' title='bbox 364 2495 519 2564; x_wconf 86' lang='lat' dir='ltr'><strong>Pecuniam,</strong></span> <span class='ocrx_word' id='word_1_315' title='bbox 541 2511 594 2551; x_wconf 94' lang='lat' dir='ltr'><strong>non</strong></span> <span class='ocrx_word' id='word_1_316' title='bbox 608 2496 739 2568; x_wconf 83' lang='lat' dir='ltr'><strong>justitiam</strong></span> <span class='ocrx_word' id='word_1_317' title='bbox 763 2513 861 2555; x_wconf 90' lang='lat' dir='ltr'><strong>coucu-</strong></span> 
     </span>
     <span class='ocr_line' id='line_1_36' title="bbox 65 2577 860 2654; baseline 0.009 -19"><span class='ocrx_word' id='word_1_318' title='bbox 65 2577 158 2654; x_wconf 76' lang='lat' dir='ltr'><strong>pis&#39;cit,·</strong></span> <span class='ocrx_word' id='word_1_319' title='bbox 173 2583 311 2653; x_wconf 88' lang='lat' dir='ltr'><strong>oculiejus</strong></span> <span class='ocrx_word' id='word_1_320' title='bbox 326 2600 405 2638; x_wconf 89' lang='lat' dir='ltr'><strong>omno</strong></span> <span class='ocrx_word' id='word_1_321' title='bbox 420 2585 535 2639; x_wconf 91' lang='lat' dir='ltr'><strong>sublime</strong></span> <span class='ocrx_word' id='word_1_322' title='bbox 550 2583 652 2641; x_wconf 86' lang='lat' dir='ltr'><strong>vident.</strong></span> <span class='ocrx_word' id='word_1_323' title='bbox 668 2584 860 2644; x_wconf 81' lang='lat' dir='ltr'><strong>Insatiabiliter</strong></span> 
     </span>
     <span class='ocr_line' id='line_1_37' title="bbox 63 2671 859 2746; baseline 0.013 -24"><span class='ocrx_word' id='word_1_324' title='bbox 63 2671 147 2727; x_wconf 72' lang='lat' dir='ltr'><strong>«sarit</strong></span> <span class='ocrx_word' id='word_1_325' title='bbox 160 2671 313 2746; x_wconf 78' lang='lat' dir='ltr'><strong>dignitates,</strong></span> <span class='ocrx_word' id='word_1_326' title='bbox 333 2672 447 2743; x_wconf 77' lang='lat' dir='ltr'><strong>gloriam</strong></span> <span class='ocrx_word' id='word_1_327' title='bbox 467 2672 523 2727; x_wconf 89' lang='lat' dir='ltr'><strong>sitit</strong></span> <span class='ocrx_word' id='word_1_328' title='bbox 538 2674 695 2728; x_wconf 87' lang='lat' dir='ltr'><strong>humanam.</strong></span> <span class='ocrx_word' id='word_1_329' title='bbox 712 2675 808 2732; x_wconf 86' lang='lat' dir='ltr'><strong>Procul</strong></span> <span class='ocrx_word' id='word_1_330' title='bbox 825 2678 859 2732; x_wconf 88' lang='lat' dir='ltr'><strong>ab</strong></span> 
     </span>
     <span class='ocr_line' id='line_1_38' title="bbox 62 2761 856 2835; baseline 0.006 -17"><span class='ocrx_word' id='word_1_331' title='bbox 62 2778 96 2818; x_wconf 89' lang='lat' dir='ltr'><strong>eo</strong></span> <span class='ocrx_word' id='word_1_332' title='bbox 111 2761 301 2819; x_wconf 71' lang='lat' dir='ltr'><strong>misericordie</strong></span> <span class='ocrx_word' id='word_1_333' title='bbox 314 2761 418 2820; x_wconf 80' lang='lat' dir='ltr'><strong>uiscera</strong></span> <span class='ocrx_word' id='word_1_334' title='bbox 434 2784 439 2820; x_wconf 92' lang='lat'>:</span> <span class='ocrx_word' id='word_1_335' title='bbox 457 2762 553 2818; x_wconf 84' lang='lat' dir='ltr'><strong>saevire</strong></span> <span class='ocrx_word' id='word_1_336' title='bbox 568 2762 660 2835; x_wconf 90' lang='lat' dir='ltr'><strong>potius</strong></span> <span class='ocrx_word' id='word_1_337' title='bbox 675 2773 701 2818; x_wconf 91' lang='lat' dir='ltr'><strong>et</strong></span> <span class='ocrx_word' id='word_1_338' title='bbox 714 2772 856 2834; x_wconf 85' lang='lat' dir='ltr'><strong>tyranuum</strong></span> 
     </span>
     <span class='ocr_line' id='line_1_39' title="bbox 61 2850 856 2924; baseline 0.008 -18"><span class='ocrx_word' id='word_1_339' title='bbox 61 2850 318 2919; x_wconf 78' lang='lat' dir='ltr'><strong>oxlriberelaetatur;</strong></span> <span class='ocrx_word' id='word_1_340' title='bbox 334 2861 467 2923; x_wconf 67' lang='lat' dir='ltr'><strong>quaestum</strong></span> <span class='ocrx_word' id='word_1_341' title='bbox 490 2853 606 2908; x_wconf 75' lang='lat' dir='ltr'><strong>estimat</strong></span> <span class='ocrx_word' id='word_1_342' title='bbox 633 2852 765 2922; x_wconf 78' lang='lat' dir='ltr'><strong>pietatum.</strong></span> <span class='ocrx_word' id='word_1_343' title='bbox 785 2853 856 2924; x_wconf 86' lang='lat' dir='ltr'><strong>Quid</strong></span> 
     </span>
     <span class='ocr_line' id='line_1_40' title="bbox 60 2939 856 3013; baseline 0.01 -20"><span class='ocrx_word' id='word_1_344' title='bbox 60 2941 93 2994; x_wconf 92' lang='lat' dir='ltr'><strong>do</strong></span> <span class='ocrx_word' id='word_1_345' title='bbox 109 2939 240 2996; x_wconf 91' lang='lat' dir='ltr'><strong>munditia</strong></span> <span class='ocrx_word' id='word_1_346' title='bbox 258 2939 347 2996; x_wconf 83' lang='lat' dir='ltr'><strong>cordis</strong></span> <span class='ocrx_word' id='word_1_347' title='bbox 369 2941 484 3013; x_wconf 81' lang='lat' dir='ltr'><strong>loquar?</strong></span> <span class='ocrx_word' id='word_1_348' title='bbox 501 2941 609 2997; x_wconf 88' lang='lat' dir='ltr'><strong>Utinam</strong></span> <span class='ocrx_word' id='word_1_349' title='bbox 625 2957 678 2998; x_wconf 92' lang='lat' dir='ltr'><strong>nou</strong></span> <span class='ocrx_word' id='word_1_350' title='bbox 704 2942 771 3000; x_wconf 92' lang='lat' dir='ltr'><strong>illud</strong></span> <span class='ocrx_word' id='word_1_351' title='bbox 787 2946 856 3001; x_wconf 92' lang='lat' dir='ltr'><strong>obli·</strong></span> 
     </span>
    </p>
   </div>
   <div class='ocr_carea' id='block_1_7' title="bbox 912 1962 1712 2302">
    <p class='ocr_par' dir='ltr' id='par_1_8' title="bbox 912 1962 1712 2302">
     <span class='ocr_line' id='line_1_41' title="bbox 914 1962 1711 2034; baseline 0.003 -16"><span class='ocrx_word' id='word_1_352' title='bbox 914 1962 976 2018; x_wconf 89' lang='lat' dir='ltr'><strong>liter</strong></span> <span class='ocrx_word' id='word_1_353' title='bbox 993 1969 1085 2018; x_wconf 79' lang='lat' dir='ltr'><strong>essent</strong></span> <span class='ocrx_word' id='word_1_354' title='bbox 1098 1968 1207 2032; x_wconf 87' lang='lat' dir='ltr'><strong>peccata</strong></span> <span class='ocrx_word' id='word_1_355' title='bbox 1226 1962 1371 2019; x_wconf 84' lang='lat' dir='ltr'><strong>manifesta</strong></span> <span class='ocrx_word' id='word_1_356' title='bbox 1390 1962 1570 2034; x_wconf 71' lang='lat' dir='ltr'><strong>procedentia</strong></span> <span class='ocrx_word' id='word_1_357' title='bbox 1584 1963 1617 2018; x_wconf 91' lang='lat' dir='ltr'><strong>ad</strong></span> <span class='ocrx_word' id='word_1_358' title='bbox 1634 1964 1711 2034; x_wconf 89' lang='lat' dir='ltr'><strong>judi-</strong></span> 
     </span>
     <span class='ocr_line' id='line_1_42' title="bbox 913 2050 1712 2126; baseline 0.004 -18"><span class='ocrx_word' id='word_1_359' title='bbox 913 2052 1004 2108; x_wconf 74' lang='lat' dir='ltr'><strong>cium?</strong></span> <span class='ocrx_word' id='word_1_360' title='bbox 1015 2050 1144 2124; x_wconf 91' lang='lat' dir='ltr'><strong>Nunquid</strong></span> <span class='ocrx_word' id='word_1_361' title='bbox 1159 2066 1214 2109; x_wconf 92' lang='lat' dir='ltr'><strong>non</strong></span> <span class='ocrx_word' id='word_1_362' title='bbox 1227 2061 1255 2108; x_wconf 88' lang='lat' dir='ltr'><strong>et</strong></span> <span class='ocrx_word' id='word_1_363' title='bbox 1268 2050 1366 2123; x_wconf 89' lang='lat' dir='ltr'><strong>ipsam,</strong></span> <span class='ocrx_word' id='word_1_364' title='bbox 1377 2059 1473 2126; x_wconf 89' lang='lat' dir='ltr'><strong>utpote</strong></span> <span class='ocrx_word' id='word_1_365' title='bbox 1482 2054 1619 2111; x_wconf 88' lang='lat' dir='ltr'><strong>consciam</strong></span> <span class='ocrx_word' id='word_1_366' title='bbox 1634 2061 1712 2111; x_wconf 86' lang='lat' dir='ltr'><strong>tantae</strong></span> 
     </span>
     <span class='ocr_line' id='line_1_43' title="bbox 912 2138 1712 2215; baseline -0.001 -17"><span class='ocrx_word' id='word_1_367' title='bbox 912 2138 1090 2206; x_wconf 79' lang='lat' dir='ltr'><strong>confusionis,</strong></span> <span class='ocrx_word' id='word_1_368' title='bbox 1109 2139 1234 2196; x_wconf 89' lang='lat' dir='ltr'><strong>tellurem</strong></span> <span class='ocrx_word' id='word_1_369' title='bbox 1257 2139 1406 2211; x_wconf 85' lang='lat' dir='ltr'><strong>absumpsit</strong></span> <span class='ocrx_word' id='word_1_370' title='bbox 1433 2139 1515 2215; x_wconf 90' lang='lat' dir='ltr'><strong>ignis,</strong></span> <span class='ocrx_word' id='word_1_371' title='bbox 1537 2141 1664 2213; x_wconf 89' lang='lat' dir='ltr'><strong>sulphur,</strong></span> <span class='ocrx_word' id='word_1_372' title='bbox 1684 2153 1712 2199; x_wconf 93' lang='lat' dir='ltr'><strong>et</strong></span> 
     </span>
     <span class='ocr_line' id='line_1_44' title="bbox 914 2228 1710 2302; baseline 0.006 -20"><span class='ocrx_word' id='word_1_373' title='bbox 914 2229 1027 2300; x_wconf 90' lang='lat' dir='ltr'><strong>spiritus</strong></span> <span class='ocrx_word' id='word_1_374' title='bbox 1048 2229 1251 2301; x_wconf 72' lang='lat' dir='ltr'><strong>procellarum?</strong></span> <span class='ocrx_word' id='word_1_375' title='bbox 1264 2228 1457 2302; x_wconf 91' lang='lat' dir='ltr'><strong>Nunquidnon</strong></span> <span class='ocrx_word' id='word_1_376' title='bbox 1480 2231 1507 2285; x_wconf 93' lang='lat' dir='ltr'><strong>iu</strong></span> <span class='ocrx_word' id='word_1_377' title='bbox 1527 2231 1613 2287; x_wconf 90' lang='lat' dir='ltr'><strong>lacum</strong></span> <span class='ocrx_word' id='word_1_378' title='bbox 1639 2233 1710 2287; x_wconf 94' lang='lat' dir='ltr'><strong>hor-</strong></span> 
     </span>
    </p>
   </div>
   <div class='ocr_carea' id='block_1_8' title="bbox 912 2315 1803 2390">
    <p class='ocr_par' dir='ltr' id='par_1_9' title="bbox 912 2315 1803 2390">
     <span class='ocr_line' id='line_1_45' title="bbox 912 2315 1803 2390; baseline -0.001 -20"><span class='ocrx_word' id='word_1_379' title='bbox 912 2315 1020 2371; x_wconf 90' lang='lat' dir='ltr'><strong>ribilem</strong></span> <span class='ocrx_word' id='word_1_380' title='bbox 1033 2315 1122 2372; x_wconf 91' lang='lat' dir='ltr'><strong>solum</strong></span> <span class='ocrx_word' id='word_1_381' title='bbox 1141 2330 1222 2372; x_wconf 90' lang='lat' dir='ltr'><strong>omne</strong></span> <span class='ocrx_word' id='word_1_382' title='bbox 1249 2315 1389 2372; x_wconf 87' lang='lat' dir='ltr'><strong>redactum</strong></span> <span class='ocrx_word' id='word_1_383' title='bbox 1407 2317 1473 2374; x_wconf 79' lang='lat' dir='ltr'><strong>esti</strong></span> <span class='ocrx_word' id='word_1_384' title='bbox 1487 2318 1634 2390; x_wconf 76' lang='lat' dir='ltr'><strong>amputata</strong></span> <span class='ocrx_word' id='word_1_385' title='bbox 1648 2329 1714 2374; x_wconf 90' lang='lat' dir='ltr'><strong>sunt</strong></span> <span class='ocrx_word' id='word_1_386' title='bbox 1799 2362 1803 2369; x_wconf 79' lang='grc'><strong>,</strong></span> 
     </span>
    </p>
   </div>
   <div class='ocr_carea' id='block_1_9' title="bbox 910 2402 1714 3016">
    <p class='ocr_par' dir='ltr' id='par_1_10' title="bbox 910 2402 1714 3016">
     <span class='ocr_line' id='line_1_46' title="bbox 914 2402 1710 2476; baseline 0.008 -18"><span class='ocrx_word' id='word_1_387' title='bbox 914 2404 1006 2476; x_wconf 80' lang='lat' dir='ltr'><strong>hydrae</strong></span> <span class='ocrx_word' id='word_1_388' title='bbox 1015 2402 1296 2476; x_wconf 85' lang='lat' dir='ltr'><strong>capitaquinque,sed</strong></span> <span class='ocrx_word' id='word_1_389' title='bbox 1305 2405 1358 2462; x_wconf 91' lang='lat' dir='ltr'><strong>heu</strong></span> <span class='ocrx_word' id='word_1_390' title='bbox 1368 2404 1509 2461; x_wconf 89' lang='lat' dir='ltr'><strong>innumera</strong></span> <span class='ocrx_word' id='word_1_391' title='bbox 1519 2413 1710 2464; x_wconf 84' lang='lat' dir='ltr'><strong>surrexerunt.</strong></span> 
     </span>
     <span class='ocr_line' id='line_1_47' title="bbox 912 2490 1713 2565; baseline 0.004 -17"><span class='ocrx_word' id='word_1_392' title='bbox 912 2491 979 2563; x_wconf 83' lang='lat' dir='ltr'><strong>Quis</strong></span> <span class='ocrx_word' id='word_1_393' title='bbox 1008 2490 1179 2549; x_wconf 84' lang='lat' dir='ltr'><strong>reaedificavit</strong></span> <span class='ocrx_word' id='word_1_394' title='bbox 1205 2491 1285 2548; x_wconf 89' lang='lat' dir='ltr'><strong>urbes</strong></span> <span class='ocrx_word' id='word_1_395' title='bbox 1307 2491 1428 2565; x_wconf 76' lang='lat' dir='ltr'><strong>flagitii?</strong></span> <span class='ocrx_word' id='word_1_396' title='bbox 1453 2493 1515 2564; x_wconf 93' lang='lat' dir='ltr'><strong>quis</strong></span> <span class='ocrx_word' id='word_1_397' title='bbox 1537 2493 1713 2564; x_wconf 87' lang='lat' dir='ltr'><strong>turpitudinis</strong></span> 
     </span>
     <span class='ocr_line' id='line_1_48' title="bbox 913 2579 1709 2657; baseline 0.001 -19"><span class='ocrx_word' id='word_1_398' title='bbox 913 2580 1014 2638; x_wconf 79' lang='lat' dir='ltr'><strong>maenia</strong></span> <span class='ocrx_word' id='word_1_399' title='bbox 1027 2579 1148 2636; x_wconf 84' lang='lat' dir='ltr'><strong>dilatavit</strong></span> <span class='ocrx_word' id='word_1_400' title='bbox 1160 2581 1174 2637; x_wconf 83' lang='lat' dir='ltr'><strong>l</strong></span> <span class='ocrx_word' id='word_1_401' title='bbox 1188 2580 1250 2652; x_wconf 92' lang='lat' dir='ltr'><strong>quis</strong></span> <span class='ocrx_word' id='word_1_402' title='bbox 1269 2581 1388 2638; x_wconf 81' lang='lat' dir='ltr'><strong>extendit</strong></span> <span class='ocrx_word' id='word_1_403' title='bbox 1402 2583 1571 2657; x_wconf 77' lang='lat' dir='ltr'><strong>propagines</strong></span> <span class='ocrx_word' id='word_1_404' title='bbox 1583 2583 1709 2641; x_wconf 86' lang='lat' dir='ltr'><strong>virulen-</strong></span> 
     </span>
     <span class='ocr_line' id='line_1_49' title="bbox 914 2668 1712 2741; baseline 0.004 -14"><span class='ocrx_word' id='word_1_405' title='bbox 914 2671 978 2727; x_wconf 79' lang='lat' dir='ltr'><strong>tas?</strong></span> <span class='ocrx_word' id='word_1_406' title='bbox 992 2671 1050 2741; x_wconf 84' lang='lat' dir='ltr'><strong>Vae,</strong></span> <span class='ocrx_word' id='word_1_407' title='bbox 1071 2685 1121 2736; x_wconf 85' lang='lat' dir='ltr'><strong>vae,</strong></span> <span class='ocrx_word' id='word_1_408' title='bbox 1142 2668 1269 2726; x_wconf 90' lang='lat' dir='ltr'><strong>inimicus</strong></span> <span class='ocrx_word' id='word_1_409' title='bbox 1285 2670 1425 2726; x_wconf 90' lang='lat' dir='ltr'><strong>homiuum</strong></span> <span class='ocrx_word' id='word_1_410' title='bbox 1445 2671 1556 2728; x_wconf 90' lang='lat' dir='ltr'><strong>suliurai</strong></span> <span class='ocrx_word' id='word_1_411' title='bbox 1575 2670 1651 2728; x_wconf 92' lang='lat' dir='ltr'><strong>illius</strong></span> <span class='ocrx_word' id='word_1_412' title='bbox 1671 2672 1712 2730; x_wconf 90' lang='lat' dir='ltr'><strong>in-</strong></span> 
     </span>
     <span class='ocr_line' id='line_1_50' title="bbox 911 2759 1707 2834; baseline 0.001 -16"><span class='ocrx_word' id='word_1_413' title='bbox 911 2760 1000 2818; x_wconf 89' lang='lat' dir='ltr'><strong>cendii</strong></span> <span class='ocrx_word' id='word_1_414' title='bbox 1027 2759 1153 2833; x_wconf 89' lang='lat' dir='ltr'><strong>reliquias</strong></span> <span class='ocrx_word' id='word_1_415' title='bbox 1184 2759 1308 2818; x_wconf 79' lang='lat' dir='ltr'><strong>infelices</strong></span> <span class='ocrx_word' id='word_1_416' title='bbox 1324 2760 1536 2834; x_wconf 87' lang='lat' dir='ltr'><strong>circumquaque</strong></span> <span class='ocrx_word' id='word_1_417' title='bbox 1563 2762 1707 2833; x_wconf 88' lang='lat' dir='ltr'><strong>dispersit,</strong></span> 
     </span>
     <span class='ocr_line' id='line_1_51' title="bbox 912 2848 1714 2923; baseline -0.001 -15"><span class='ocrx_word' id='word_1_418' title='bbox 912 2849 1070 2908; x_wconf 87' lang='lat' dir='ltr'><strong>exsecrabili</strong></span> <span class='ocrx_word' id='word_1_419' title='bbox 1091 2849 1136 2907; x_wconf 94' lang='lat' dir='ltr'><strong>illo</strong></span> <span class='ocrx_word' id='word_1_420' title='bbox 1155 2850 1245 2907; x_wconf 88' lang='lat' dir='ltr'><strong>cinere</strong></span> <span class='ocrx_word' id='word_1_421' title='bbox 1269 2848 1397 2907; x_wconf 81' lang='lat' dir='ltr'><strong>Ecclesiae</strong></span> <span class='ocrx_word' id='word_1_422' title='bbox 1411 2865 1511 2923; x_wconf 88' lang='lat' dir='ltr'><strong>corpus</strong></span> <span class='ocrx_word' id='word_1_423' title='bbox 1531 2851 1656 2923; x_wconf 86' lang='lat' dir='ltr'><strong>aspersit,</strong></span> <span class='ocrx_word' id='word_1_424' title='bbox 1683 2858 1714 2908; x_wconf 92' lang='lat' dir='ltr'><strong>et</strong></span> 
     </span>
     <span class='ocr_line' id='line_1_52' title="bbox 910 2940 1710 3016; baseline 0.004 -20"><span class='ocrx_word' id='word_1_425' title='bbox 910 2941 1031 3016; x_wconf 89' lang='lat' dir='ltr'><strong>ipsorum</strong></span> <span class='ocrx_word' id='word_1_426' title='bbox 1045 2955 1153 3013; x_wconf 92' lang='lat' dir='ltr'><strong>quoque</strong></span> <span class='ocrx_word' id='word_1_427' title='bbox 1168 2940 1351 2998; x_wconf 91' lang='lat' dir='ltr'><strong>ministrorum</strong></span> <span class='ocrx_word' id='word_1_428' title='bbox 1373 2943 1434 3013; x_wconf 87' lang='lat' dir='ltr'><strong>ejus</strong></span> <span class='ocrx_word' id='word_1_429' title='bbox 1463 2941 1608 2999; x_wconf 88' lang='lat' dir='ltr'><strong>nonnullos</strong></span> <span class='ocrx_word' id='word_1_430' title='bbox 1632 2942 1710 3000; x_wconf 88' lang='lat' dir='ltr'><strong>sanie</strong></span> 
     </span>
    </p>
   </div>
   <div class='ocr_carea' id='block_1_10' title="bbox 62 3024 1711 3105">
    <p class='ocr_par' dir='ltr' id='par_1_11' title="bbox 62 3024 1711 3105">
     <span class='ocr_line' id='line_1_53' title="bbox 62 3024 1711 3105; baseline 0.004 -23"><span class='ocrx_word' id='word_1_431' title='bbox 62 3029 133 3084; x_wconf 74' lang='lat' dir='ltr'><strong>sioni</strong></span> <span class='ocrx_word' id='word_1_432' title='bbox 148 3029 269 3086; x_wconf 88' lang='lat' dir='ltr'><strong>dedisset</strong></span> <span class='ocrx_word' id='word_1_433' title='bbox 283 3038 408 3104; x_wconf 88' lang='lat' dir='ltr'><strong>tanquam</strong></span> <span class='ocrx_word' id='word_1_434' title='bbox 432 3039 557 3086; x_wconf 90' lang='lat' dir='ltr'><strong>mortuus</strong></span> <span class='ocrx_word' id='word_1_435' title='bbox 583 3046 598 3084; x_wconf 91' lang='lat' dir='ltr'><strong>a</strong></span> <span class='ocrx_word' id='word_1_436' title='bbox 625 3031 722 3088; x_wconf 89' lang='lat' dir='ltr'><strong>cordel</strong></span> <span class='ocrx_word' id='word_1_437' title='bbox 754 3035 856 3091; x_wconf 88' lang='lat' dir='ltr'><strong>utinam</strong></span> <span class='ocrx_word' id='word_1_438' title='bbox 871 3024 894 3103; x_wconf 73' lang='lat' dir='ltr'>B</span> <span class='ocrx_word' id='word_1_439' title='bbox 911 3031 1068 3090; x_wconf 84' lang='lat' dir='ltr'><strong>fetidissima</strong></span> <span class='ocrx_word' id='word_1_440' title='bbox 1097 3030 1324 3103; x_wconf 82' lang='lat' dir='ltr'><strong>spurcissimaque</strong></span> <span class='ocrx_word' id='word_1_441' title='bbox 1355 3031 1494 3100; x_wconf 89' lang='lat' dir='ltr'><strong>respersit.</strong></span> <span class='ocrx_word' id='word_1_442' title='bbox 1523 3033 1598 3088; x_wconf 88' lang='lat' dir='ltr'><strong>lleul</strong></span> <span class='ocrx_word' id='word_1_443' title='bbox 1623 3047 1711 3105; x_wconf 85' lang='lat' dir='ltr'><strong>genus</strong></span> 
     </span>
    </p>
   </div>
   <div class='ocr_carea' id='block_1_11' title="bbox 59 3119 857 3459">
    <p class='ocr_par' dir='ltr' id='par_1_12' title="bbox 59 3119 857 3459">
     <span class='ocr_line' id='line_1_54' title="bbox 62 3119 855 3180; baseline 0.008 -6"><span class='ocrx_word' id='word_1_444' title='bbox 62 3119 327 3176; x_wconf 84' lang='lat' dir='ltr'><strong>nouessetoolumba</strong></span> <span class='ocrx_word' id='word_1_445' title='bbox 341 3119 452 3177; x_wconf 82' lang='lat' dir='ltr'><strong>seducta</strong></span> <span class='ocrx_word' id='word_1_446' title='bbox 467 3134 521 3176; x_wconf 91' lang='lat' dir='ltr'><strong>non</strong></span> <span class='ocrx_word' id='word_1_447' title='bbox 539 3119 640 3175; x_wconf 88' lang='lat' dir='ltr'><strong>habeus</strong></span> <span class='ocrx_word' id='word_1_448' title='bbox 661 3121 723 3176; x_wconf 89' lang='lat' dir='ltr'><strong>corl</strong></span> <span class='ocrx_word' id='word_1_449' title='bbox 753 3123 855 3180; x_wconf 88' lang='lat' dir='ltr'><strong>utinam</strong></span> 
     </span>
     <span class='ocr_line' id='line_1_55' title="bbox 61 3207 854 3281; baseline 0.008 -18"><span class='ocrx_word' id='word_1_450' title='bbox 61 3215 134 3263; x_wconf 81' lang='lat' dir='ltr'><strong>esset</strong></span> <span class='ocrx_word' id='word_1_451' title='bbox 147 3207 219 3279; x_wconf 93' lang='lat' dir='ltr'><strong>quod</strong></span> <span class='ocrx_word' id='word_1_452' title='bbox 234 3207 277 3265; x_wconf 86' lang='lat' dir='ltr'><strong>vel</strong></span> <span class='ocrx_word' id='word_1_453' title='bbox 291 3207 392 3265; x_wconf 82' lang='lat' dir='ltr'><strong>doloris</strong></span> <span class='ocrx_word' id='word_1_454' title='bbox 401 3216 441 3264; x_wconf 88' lang='lat' dir='ltr'><strong>est</strong></span> <span class='ocrx_word' id='word_1_455' title='bbox 456 3207 595 3274; x_wconf 92' lang='lat' dir='ltr'><strong>muudum,</strong></span> <span class='ocrx_word' id='word_1_456' title='bbox 613 3223 663 3264; x_wconf 89' lang='lat' dir='ltr'><strong>nec</strong></span> <span class='ocrx_word' id='word_1_457' title='bbox 677 3224 709 3263; x_wconf 92' lang='lat' dir='ltr'><strong>ea</strong></span> <span class='ocrx_word' id='word_1_458' title='bbox 723 3226 854 3281; x_wconf 84' lang='lat' dir='ltr'><strong>quaecor-</strong></span> 
     </span>
     <span class='ocr_line' id='line_1_56' title="bbox 59 3295 857 3369; baseline 0.008 -17"><span class='ocrx_word' id='word_1_459' title='bbox 59 3296 160 3369; x_wconf 86' lang='lat' dir='ltr'><strong>porcils</strong></span> <span class='ocrx_word' id='word_1_460' title='bbox 174 3304 216 3352; x_wconf 82' lang='lat' dir='ltr'><strong>cst</strong></span> <span class='ocrx_word' id='word_1_461' title='bbox 239 3297 372 3353; x_wconf 88' lang='lat' dir='ltr'><strong>maculata</strong></span> <span class='ocrx_word' id='word_1_462' title='bbox 380 3295 470 3354; x_wconf 89' lang='lat' dir='ltr'><strong>tunica</strong></span> <span class='ocrx_word' id='word_1_463' title='bbox 490 3297 663 3363; x_wconf 88' lang='lat' dir='ltr'><strong>inveniretur,</strong></span> <span class='ocrx_word' id='word_1_464' title='bbox 684 3307 713 3354; x_wconf 86' lang='lat' dir='ltr'><strong>ut</strong></span> <span class='ocrx_word' id='word_1_465' title='bbox 732 3301 857 3358; x_wconf 88' lang='lat' dir='ltr'><strong>obediret</strong></span> 
     </span>
     <span class='ocr_line' id='line_1_57' title="bbox 61 3385 857 3459; baseline 0.01 -21"><span class='ocrx_word' id='word_1_466' title='bbox 61 3386 101 3441; x_wconf 89' lang='lat' dir='ltr'><strong>vel</strong></span> <span class='ocrx_word' id='word_1_467' title='bbox 119 3385 197 3442; x_wconf 88' lang='lat' dir='ltr'><strong>inhac</strong></span> <span class='ocrx_word' id='word_1_468' title='bbox 211 3395 286 3459; x_wconf 87' lang='lat' dir='ltr'><strong>parto</strong></span> <span class='ocrx_word' id='word_1_469' title='bbox 299 3386 414 3445; x_wconf 77' lang='lat' dir='ltr'><strong>dicenti:</strong></span> <span class='ocrx_word' id='word_1_470' title='bbox 427 3387 617 3452; x_wconf 71' lang='lat' dir='ltr'><strong>dandamim,</strong></span> <span class='ocrx_word' id='word_1_471' title='bbox 629 3388 677 3458; x_wconf 83' lang='lat' dir='ltr'><strong>qui</strong></span> <span class='ocrx_word' id='word_1_472' title='bbox 691 3390 775 3458; x_wconf 72' lang='lat' dir='ltr'><strong>[artis</strong></span> <span class='ocrx_word' id='word_1_473' title='bbox 789 3410 857 3450; x_wconf 77' lang='lat' dir='ltr'><strong>occo</strong></span> 
     </span>
    </p>
   </div>
   <div class='ocr_carea' id='block_1_12' title="bbox 911 3119 1713 3461">
    <p class='ocr_par' dir='ltr' id='par_1_13' title="bbox 911 3119 1713 3461">
     <span class='ocr_line' id='line_1_58' title="bbox 912 3119 1712 3194; baseline -0.006 -15"><span class='ocrx_word' id='word_1_474' title='bbox 912 3120 1038 3188; x_wconf 88' lang='lat' dir='ltr'><strong>electum,</strong></span> <span class='ocrx_word' id='word_1_475' title='bbox 1065 3120 1154 3192; x_wconf 80' lang='lat' dir='ltr'><strong>regale</strong></span> <span class='ocrx_word' id='word_1_476' title='bbox 1173 3119 1366 3191; x_wconf 88' lang='lat' dir='ltr'><strong>sacerdotium,</strong></span> <span class='ocrx_word' id='word_1_477' title='bbox 1387 3135 1454 3194; x_wconf 83' lang='lat' dir='ltr'><strong>gens</strong></span> <span class='ocrx_word' id='word_1_478' title='bbox 1473 3128 1575 3193; x_wconf 88' lang='lat' dir='ltr'><strong>saneta,</strong></span> <span class='ocrx_word' id='word_1_479' title='bbox 1595 3121 1712 3194; x_wconf 80' lang='lat' dir='ltr'><strong>populus</strong></span> 
     </span>
     <span class='ocr_line' id='line_1_59' title="bbox 911 3207 1713 3283; baseline -0.004 -15"><span class='ocrx_word' id='word_1_480' title='bbox 911 3208 1104 3283; x_wconf 85' lang='lat' dir='ltr'><strong>acquisitionis,</strong></span> <span class='ocrx_word' id='word_1_481' title='bbox 1115 3209 1175 3280; x_wconf 90' lang='lat' dir='ltr'><strong>quis</strong></span> <span class='ocrx_word' id='word_1_482' title='bbox 1188 3207 1312 3265; x_wconf 90' lang='lat' dir='ltr'><strong>intertua</strong></span> <span class='ocrx_word' id='word_1_483' title='bbox 1322 3208 1369 3264; x_wconf 90' lang='lat' dir='ltr'><strong>illa</strong></span> <span class='ocrx_word' id='word_1_484' title='bbox 1383 3208 1595 3280; x_wconf 80' lang='lat' dir='ltr'><strong>primordialem</strong></span> <span class='ocrx_word' id='word_1_485' title='bbox 1607 3210 1713 3280; x_wconf 81' lang='lat' dir='ltr'><strong>divina,</strong></span> 
     </span>
     <span class='ocr_line' id='line_1_60' title="bbox 911 3296 1709 3372; baseline -0.003 -14"><span class='ocrx_word' id='word_1_486' title='bbox 911 3309 939 3358; x_wconf 90' lang='lat' dir='ltr'><strong>et</strong></span> <span class='ocrx_word' id='word_1_487' title='bbox 958 3297 1142 3372; x_wconf 89' lang='lat' dir='ltr'><strong>spiritualibus</strong></span> <span class='ocrx_word' id='word_1_488' title='bbox 1157 3296 1311 3354; x_wconf 86' lang='lat' dir='ltr'><strong>aillueutem</strong></span> <span class='ocrx_word' id='word_1_489' title='bbox 1327 3296 1534 3353; x_wconf 88' lang='lat' dir='ltr'><strong>charismatibus</strong></span> <span class='ocrx_word' id='word_1_490' title='bbox 1554 3297 1709 3356; x_wconf 74' lang='lat' dir='ltr'><strong>christiane</strong></span> 
     </span>
     <span class='ocr_line' id='line_1_61' title="bbox 911 3385 1709 3461; baseline -0.003 -14"><span class='ocrx_word' id='word_1_491' title='bbox 911 3389 1050 3461; x_wconf 86' lang='lat' dir='ltr'><strong>religionis</strong></span> <span class='ocrx_word' id='word_1_492' title='bbox 1069 3395 1168 3453; x_wconf 89' lang='lat' dir='ltr'><strong>ortum,</strong></span> <span class='ocrx_word' id='word_1_493' title='bbox 1191 3385 1303 3444; x_wconf 89' lang='lat' dir='ltr'><strong>credere</strong></span> <span class='ocrx_word' id='word_1_494' title='bbox 1324 3393 1427 3460; x_wconf 86' lang='lat' dir='ltr'><strong>posset,</strong></span> <span class='ocrx_word' id='word_1_495' title='bbox 1452 3401 1532 3459; x_wconf 89' lang='lat' dir='ltr'><strong>possa</strong></span> <span class='ocrx_word' id='word_1_496' title='bbox 1561 3387 1624 3443; x_wconf 88' lang='lat' dir='ltr'><strong>talis</strong></span> <span class='ocrx_word' id='word_1_497' title='bbox 1639 3388 1666 3444; x_wconf 93' lang='lat' dir='ltr'><strong>in</strong></span> <span class='ocrx_word' id='word_1_498' title='bbox 1682 3397 1709 3445; x_wconf 91' lang='lat' dir='ltr'><strong>te</strong></span> 
     </span>
    </p>
   </div>
   <div class='ocr_carea' id='block_1_13' title="bbox 910 3474 1790 3814">
    <p class='ocr_par' dir='ltr' id='par_1_14' title="bbox 910 3474 1209 3550">
     <span class='ocr_line' id='line_1_62' title="bbox 910 3474 1209 3550; baseline -0.007 -16"><span class='ocrx_word' id='word_1_499' title='bbox 910 3478 1055 3550; x_wconf 90' lang='lat' dir='ltr'><strong>aliquando</strong></span> <span class='ocrx_word' id='word_1_500' title='bbox 1070 3474 1209 3549; x_wconf 76' lang='lat' dir='ltr'><strong>reperiri?</strong></span> 
     </span>
    </p>

    <p class='ocr_par' dir='ltr' id='par_1_15' title="bbox 912 3562 1790 3814">
     <span class='ocr_line' id='line_1_63' title="bbox 947 3562 1705 3635; baseline 0.005 -13"><span class='ocrx_word' id='word_1_501' title='bbox 947 3569 992 3622; x_wconf 86' lang='grc'><strong>36.</strong></span> <span class='ocrx_word' id='word_1_502' title='bbox 1020 3564 1209 3635; x_wconf 81' lang='lat' dir='ltr'><strong>{agrediuntur</strong></span> <span class='ocrx_word' id='word_1_503' title='bbox 1223 3564 1349 3621; x_wconf 88' lang='lat' dir='ltr'><strong>cumbae</strong></span> <span class='ocrx_word' id='word_1_504' title='bbox 1374 3562 1478 3621; x_wconf 90' lang='lat' dir='ltr'><strong>macula</strong></span> <span class='ocrx_word' id='word_1_505' title='bbox 1504 3565 1705 3626; x_wconf 87' lang='lat' dir='ltr'><strong>tabernaculum</strong></span> 
     </span>
     <span class='ocr_line' id='line_1_64' title="bbox 912 3651 1707 3725; baseline -0.003 -14"><span class='ocrx_word' id='word_1_506' title='bbox 912 3657 961 3713; x_wconf 91' lang='lat' dir='ltr'><strong>Dei</strong></span> <span class='ocrx_word' id='word_1_507' title='bbox 976 3653 1106 3724; x_wconf 81' lang='lat' dir='ltr'><strong>virentis;</strong></span> <span class='ocrx_word' id='word_1_508' title='bbox 1123 3652 1269 3708; x_wconf 88' lang='lat' dir='ltr'><strong>inhabitant</strong></span> <span class='ocrx_word' id='word_1_509' title='bbox 1283 3667 1344 3707; x_wconf 90' lang='lat' dir='ltr'><strong>cum</strong></span> <span class='ocrx_word' id='word_1_510' title='bbox 1368 3653 1419 3708; x_wconf 88' lang='lat' dir='ltr'><strong>hac</strong></span> <span class='ocrx_word' id='word_1_511' title='bbox 1443 3651 1546 3707; x_wconf 89' lang='lat' dir='ltr'><strong>macula</strong></span> <span class='ocrx_word' id='word_1_512' title='bbox 1564 3654 1707 3725; x_wconf 91' lang='lat' dir='ltr'><strong>templum,</strong></span> 
     </span>
     <span class='ocr_line' id='line_1_65' title="bbox 912 3739 1790 3814; baseline -0.001 -15"><span class='ocrx_word' id='word_1_513' title='bbox 912 3752 1034 3801; x_wconf 87' lang='lat' dir='ltr'><strong>sanctum</strong></span> <span class='ocrx_word' id='word_1_514' title='bbox 1048 3739 1156 3799; x_wconf 87' lang='lat' dir='ltr'><strong>Domini</strong></span> <span class='ocrx_word' id='word_1_515' title='bbox 1173 3739 1335 3812; x_wconf 88' lang='lat' dir='ltr'><strong>polluentes,</strong></span> <span class='ocrx_word' id='word_1_516' title='bbox 1349 3740 1480 3811; x_wconf 90' lang='lat' dir='ltr'><strong>judicium</strong></span> <span class='ocrx_word' id='word_1_517' title='bbox 1496 3741 1639 3814; x_wconf 82' lang='lat' dir='ltr'><strong>multiplex</strong></span> <span class='ocrx_word' id='word_1_518' title='bbox 1659 3757 1707 3799; x_wconf 85' lang='lat' dir='ltr'><strong>aa·</strong></span> <span class='ocrx_word' id='word_1_519' title='bbox 1785 3772 1790 3783; x_wconf 87' lang='lat'>·</span> 
     </span>
    </p>
   </div>
   <div class='ocr_carea' id='block_1_14' title="bbox 61 3477 391 3547">
    <p class='ocr_par' dir='ltr' id='par_1_16' title="bbox 61 3477 391 3547">
     <span class='ocr_line' id='line_1_66' title="bbox 61 3477 391 3547; baseline 0 -15"><span class='ocrx_word' id='word_1_520' title='bbox 61 3477 172 3533; x_wconf 75' lang='lat' dir='ltr'><strong>Darnini</strong></span> <span class='ocrx_word' id='word_1_521' title='bbox 182 3478 251 3547; x_wconf 77' lang='lat' dir='ltr'><strong>(loe.</strong></span> <span class='ocrx_word' id='word_1_522' title='bbox 268 3492 316 3544; x_wconf 84' lang='grc' dir='ltr'>ιιι,</span> <span class='ocrx_word' id='word_1_523' title='bbox 333 3481 391 3547; x_wconf 82' lang='lat' dir='ltr'><strong>ll).</strong></span> 
     </span>
    </p>
   </div>
   <div class='ocr_carea' id='block_1_15' title="bbox 359 3583 556 3643">
    <p class='ocr_par' dir='ltr' id='par_1_17' title="bbox 359 3583 556 3643">
     <span class='ocr_line' id='line_1_67' title="bbox 359 3583 556 3643; baseline 0.02 -4"><span class='ocrx_word' id='word_1_524' title='bbox 359 3583 472 3640; x_wconf 72' lang='lat' dir='ltr'><strong>caput</strong></span> <span class='ocrx_word' id='word_1_525' title='bbox 491 3587 556 3643; x_wconf 84' lang='lat' dir='ltr'><strong>XX.</strong></span> 
     </span>
    </p>
   </div>
   <div class='ocr_carea' id='block_1_16' title="bbox 61 3671 858 3807">
    <p class='ocr_par' dir='ltr' id='par_1_18' title="bbox 61 3671 858 3807">
     <span class='ocr_line' id='line_1_68' title="bbox 61 3671 858 3752; baseline 0.009 -24"><span class='ocrx_word' id='word_1_526' title='bbox 61 3674 158 3743; x_wconf 80' lang='lat' dir='ltr'><strong>‚qunit</strong></span> <span class='ocrx_word' id='word_1_527' title='bbox 169 3671 539 3745; x_wconf 64' lang='lat' dir='ltr'><strong>inconsentanqmsorros</strong></span> <span class='ocrx_word' id='word_1_528' title='bbox 550 3677 666 3736; x_wconf 83' lang='lat' dir='ltr'><strong>Ordines</strong></span> <span class='ocrx_word' id='word_1_529' title='bbox 677 3681 858 3752; x_wconf 85' lang='lat' dir='ltr'><strong>impudenter</strong></span> 
     </span>
     <span class='ocr_line' id='line_1_69' title="bbox 275 3746 642 3807; baseline 0.027 -10"><span class='ocrx_word' id='word_1_530' title='bbox 275 3746 412 3801; x_wconf 67' lang='lat' dir='ltr'><strong>temnere</strong></span> <span class='ocrx_word' id='word_1_531' title='bbox 422 3761 480 3802; x_wconf 84' lang='lat' dir='ltr'><strong>oon</strong></span> <span class='ocrx_word' id='word_1_532' title='bbox 494 3754 642 3807; x_wconf 77' lang='lat' dir='ltr'><strong>vereratur.</strong></span> 
     </span>
    </p>
   </div>
   <div class='ocr_carea' id='block_1_17' title="bbox 58 3827 1712 5346">
    <p class='ocr_par' dir='ltr' id='par_1_19' title="bbox 58 3827 1712 5346">
     <span class='ocr_line' id='line_1_70' title="bbox 96 3827 1707 3905; baseline 0.007 -18"><span class='ocrx_word' id='word_1_533' title='bbox 96 3835 141 3887; x_wconf 80' lang='lat' dir='ltr'><strong>at.</strong></span> <span class='ocrx_word' id='word_1_534' title='bbox 160 3831 218 3885; x_wconf 86' lang='lat' dir='ltr'><strong>Nou</strong></span> <span class='ocrx_word' id='word_1_535' title='bbox 232 3845 394 3886; x_wconf 85' lang='lat' dir='ltr'><strong>accusamus</strong></span> <span class='ocrx_word' id='word_1_536' title='bbox 413 3828 631 3905; x_wconf 81' lang='lat' dir='ltr'><strong>universitatem,</strong></span> <span class='ocrx_word' id='word_1_537' title='bbox 648 3839 694 3894; x_wconf 85' lang='lat' dir='ltr'><strong>sed</strong></span> <span class='ocrx_word' id='word_1_538' title='bbox 724 3857 772 3897; x_wconf 88' lang='lat' dir='ltr'><strong>uec</strong></span> <span class='ocrx_word' id='word_1_539' title='bbox 795 3841 856 3896; x_wconf 91' lang='lat' dir='ltr'><strong>unit</strong></span> <span class='ocrx_word' id='word_1_540' title='bbox 914 3832 1026 3905; x_wconf 79' lang='lat' dir='ltr'><strong>cepturi,</strong></span> <span class='ocrx_word' id='word_1_541' title='bbox 1051 3829 1123 3900; x_wconf 88' lang='lat' dir='ltr'><strong>quod</strong></span> <span class='ocrx_word' id='word_1_542' title='bbox 1139 3837 1166 3885; x_wconf 69' lang='lat'><strong>0²</strong></span> <span class='ocrx_word' id='word_1_543' title='bbox 1191 3836 1244 3883; x_wconf 58' lang='lat'>‘³¹¹¹</span> <span class='ocrx_word' id='word_1_544' title='bbox 1260 3827 1432 3901; x_wconf 60' lang='lat' dir='ltr'><strong>gravissimas</strong></span> <span class='ocrx_word' id='word_1_545' title='bbox 1458 3828 1707 3904; x_wconf 66' lang='lat' dir='ltr'><strong>⁰⁰08010⁰¹i³880·</strong></span> 
     </span>
     <span class='ocr_line' id='line_1_71' title="bbox 60 3917 1707 4000; baseline 0 -24"><span class='ocrx_word' id='word_1_546' title='bbox 60 3921 214 3977; x_wconf 74' lang='lat' dir='ltr'><strong>rarsitatem</strong></span> <span class='ocrx_word' id='word_1_547' title='bbox 230 3934 372 3990; x_wconf 85' lang='lat' dir='ltr'><strong>possumus</strong></span> <span class='ocrx_word' id='word_1_548' title='bbox 390 3936 531 3979; x_wconf 79' lang='lat' dir='ltr'><strong>erousme.</strong></span> <span class='ocrx_word' id='word_1_549' title='bbox 548 3925 667 4000; x_wconf 85' lang='lat' dir='ltr'><strong>lleliquh</strong></span> <span class='ocrx_word' id='word_1_550' title='bbox 681 3929 731 3984; x_wconf 71' lang='lat' dir='ltr'><strong>sibi</strong></span> <span class='ocrx_word' id='word_1_551' title='bbox 763 3929 857 3987; x_wconf 70' lang='lat' dir='ltr'><strong>[tomi.</strong></span> <span class='ocrx_word' id='word_1_552' title='bbox 912 3931 985 3988; x_wconf 91' lang='lat' dir='ltr'><strong>runt,</strong></span> <span class='ocrx_word' id='word_1_553' title='bbox 1003 3928 1029 3977; x_wconf 93' lang='lat' dir='ltr'><strong>et</strong></span> <span class='ocrx_word' id='word_1_554' title='bbox 1055 3917 1230 3975; x_wconf 92' lang='lat' dir='ltr'><strong>nihilominus</strong></span> <span class='ocrx_word' id='word_1_555' title='bbox 1248 3933 1309 3973; x_wconf 89' lang='lat' dir='ltr'><strong>aesc</strong></span> <span class='ocrx_word' id='word_1_556' title='bbox 1322 3917 1453 3991; x_wconf 87' lang='lat' dir='ltr'><strong>ingerunt</strong></span> <span class='ocrx_word' id='word_1_557' title='bbox 1478 3918 1505 3973; x_wconf 89' lang='lat' dir='ltr'><strong>in</strong></span> <span class='ocrx_word' id='word_1_558' title='bbox 1525 3919 1707 3976; x_wconf 87' lang='lat' dir='ltr'><strong>sanctuarium</strong></span> 
     </span>
     <span class='ocr_line' id='line_1_72' title="bbox 60 4006 1706 4084; baseline -0.003 -17"><span class='ocrx_word' id='word_1_559' title='bbox 60 4009 211 4069; x_wconf 85' lang='lat' dir='ltr'><strong>uosmulta</strong></span> <span class='ocrx_word' id='word_1_560' title='bbox 225 4007 458 4084; x_wconf 77' lang='lat' dir='ltr'><strong>milliuhlioquin</strong></span> <span class='ocrx_word' id='word_1_561' title='bbox 481 4011 634 4071; x_wconf 90' lang='lat' dir='ltr'><strong>uisieorum</strong></span> <span class='ocrx_word' id='word_1_562' title='bbox 653 4032 702 4073; x_wconf 88' lang='lat' dir='ltr'><strong>nos</strong></span> <span class='ocrx_word' id='word_1_563' title='bbox 719 4028 859 4076; x_wconf 85' lang='lat' dir='ltr'><strong>excusaret</strong></span> <span class='ocrx_word' id='word_1_564' title='bbox 912 4011 972 4069; x_wconf 92' lang='lat' dir='ltr'><strong>Dei.</strong></span> <span class='ocrx_word' id='word_1_565' title='bbox 996 4009 1076 4064; x_wconf 86' lang='lat' dir='ltr'><strong>Tales</strong></span> <span class='ocrx_word' id='word_1_566' title='bbox 1099 4007 1170 4063; x_wconf 92' lang='lat' dir='ltr'><strong>enim</strong></span> <span class='ocrx_word' id='word_1_567' title='bbox 1203 4021 1257 4062; x_wconf 90' lang='lat' dir='ltr'><strong>non</strong></span> <span class='ocrx_word' id='word_1_568' title='bbox 1283 4007 1365 4061; x_wconf 93' lang='lat' dir='ltr'><strong>modo</strong></span> <span class='ocrx_word' id='word_1_569' title='bbox 1397 4006 1504 4079; x_wconf 89' lang='lat' dir='ltr'><strong>placant</strong></span> <span class='ocrx_word' id='word_1_570' title='bbox 1532 4007 1628 4077; x_wconf 91' lang='lat' dir='ltr'><strong>Deum,</strong></span> <span class='ocrx_word' id='word_1_571' title='bbox 1658 4011 1706 4064; x_wconf 89' lang='lat' dir='ltr'><strong>sed</strong></span> 
     </span>
     <span class='ocr_line' id='line_1_73' title="bbox 58 4094 1708 4171; baseline 0.005 -19"><span class='ocrx_word' id='word_1_572' title='bbox 58 4099 173 4170; x_wconf 69' lang='lat' dir='ltr'><strong>justina,</strong></span> <span class='ocrx_word' id='word_1_573' title='bbox 204 4109 230 4154; x_wconf 81' lang='lat' dir='ltr'><strong>eu</strong></span> <span class='ocrx_word' id='word_1_574' title='bbox 257 4101 321 4155; x_wconf 83' lang='lat' dir='ltr'><strong>mm</strong></span> <span class='ocrx_word' id='word_1_575' title='bbox 346 4101 425 4155; x_wconf 82' lang='lat' dir='ltr'><strong>nouis</strong></span> <span class='ocrx_word' id='word_1_576' title='bbox 453 4117 547 4159; x_wconf 78' lang='lat' dir='ltr'><strong>senen</strong></span> <span class='ocrx_word' id='word_1_577' title='bbox 576 4115 697 4162; x_wconf 82' lang='lat' dir='ltr'><strong>sanctum</strong></span> <span class='ocrx_word' id='word_1_578' title='bbox 726 4108 859 4165; x_wconf 80' lang='lat' dir='ltr'><strong>nominos</strong></span> <span class='ocrx_word' id='word_1_579' title='bbox 915 4099 1042 4171; x_wconf 73' lang='lat' dir='ltr'><strong>romaeis</strong></span> <span class='ocrx_word' id='word_1_580' title='bbox 1068 4096 1184 4161; x_wconf 80' lang='lat' dir='ltr'><strong>irritant.</strong></span> <span class='ocrx_word' id='word_1_581' title='bbox 1215 4096 1279 4150; x_wconf 82' lang='lat' dir='ltr'><strong>dum</strong></span> <span class='ocrx_word' id='word_1_582' title='bbox 1301 4094 1425 4152; x_wconf 77' lang='lat' dir='ltr'><strong>videnlur</strong></span> <span class='ocrx_word' id='word_1_583' title='bbox 1446 4095 1472 4150; x_wconf 87' lang='lat' dir='ltr'><strong>in</strong></span> <span class='ocrx_word' id='word_1_584' title='bbox 1500 4095 1627 4153; x_wconf 80' lang='lat' dir='ltr'><strong>corninus</strong></span> <span class='ocrx_word' id='word_1_585' title='bbox 1651 4097 1708 4152; x_wconf 78' lang='lat' dir='ltr'><strong>auis</strong></span> 
     </span>
     <span class='ocr_line' id='line_1_74' title="bbox 60 4182 1707 4262; baseline -0.002 -18"><span class='ocrx_word' id='word_1_586' title='bbox 60 4189 173 4245; x_wconf 77' lang='lat' dir='ltr'><strong>sabaotb</strong></span> <span class='ocrx_word' id='word_1_587' title='bbox 189 4187 351 4262; x_wconf 69' lang='lat' dir='ltr'><strong>reliquisset,</strong></span> <span class='ocrx_word' id='word_1_588' title='bbox 367 4188 430 4243; x_wconf 91' lang='lat' dir='ltr'><strong>olim</strong></span> <span class='ocrx_word' id='word_1_589' title='bbox 442 4192 498 4261; x_wconf 85' lang='lat' dir='ltr'><strong>jam</strong></span> <span class='ocrx_word' id='word_1_590' title='bbox 517 4190 586 4248; x_wconf 87' lang='lat' dir='ltr'><strong>sicul</strong></span> <span class='ocrx_word' id='word_1_591' title='bbox 601 4192 721 4250; x_wconf 85' lang='lat' dir='ltr'><strong>Sodoma</strong></span> <span class='ocrx_word' id='word_1_592' title='bbox 736 4196 857 4254; x_wconf 83' lang='lat' dir='ltr'><strong>subversi</strong></span> <span class='ocrx_word' id='word_1_593' title='bbox 912 4193 1002 4246; x_wconf 88' lang='lat' dir='ltr'><strong>dicere</strong></span> <span class='ocrx_word' id='word_1_594' title='bbox 1023 4205 1030 4243; x_wconf 83' lang='grc' dir='ltr'>ι</span> <span class='ocrx_word' id='word_1_595' title='bbox 1049 4187 1108 4243; x_wconf 89' lang='lat' dir='ltr'><strong>Non</strong></span> <span class='ocrx_word' id='word_1_596' title='bbox 1137 4184 1266 4257; x_wconf 87' lang='lat' dir='ltr'><strong>requiret.</strong></span> <span class='ocrx_word' id='word_1_597' title='bbox 1289 4182 1395 4240; x_wconf 89' lang='lat' dir='ltr'><strong>irritant</strong></span> <span class='ocrx_word' id='word_1_598' title='bbox 1414 4183 1494 4255; x_wconf 89' lang='lat' dir='ltr'><strong>plane</strong></span> <span class='ocrx_word' id='word_1_599' title='bbox 1517 4192 1545 4240; x_wconf 91' lang='lat' dir='ltr'><strong>et</strong></span> <span class='ocrx_word' id='word_1_600' title='bbox 1568 4183 1707 4242; x_wconf 81' lang='lat' dir='ltr'><strong>intensum</strong></span> 
     </span>
     <span class='ocr_line' id='line_1_75' title="bbox 61 4257 1706 4354; baseline -0.001 -22"><span class='ocrx_word' id='word_1_601' title='bbox 61 4295 194 4344; x_wconf 65' lang='lat' dir='ltr'><strong>osscmus,</strong></span> <span class='ocrx_word' id='word_1_602' title='bbox 219 4287 245 4333; x_wconf 90' lang='lat' dir='ltr'><strong>et</strong></span> <span class='ocrx_word' id='word_1_603' title='bbox 269 4277 338 4334; x_wconf 87' lang='lat' dir='ltr'><strong>sicut</strong></span> <span class='ocrx_word' id='word_1_604' title='bbox 357 4280 508 4336; x_wconf 80' lang='lat' dir='ltr'><strong>Gomorrha</strong></span> <span class='ocrx_word' id='word_1_605' title='bbox 528 4262 651 4338; x_wconf 77' lang='lat' dir='ltr'><strong>similiter</strong></span> <span class='ocrx_word' id='word_1_606' title='bbox 675 4283 857 4354; x_wconf 89' lang='lat' dir='ltr'><strong>periissemus.</strong></span> <span class='ocrx_word' id='word_1_607' title='bbox 874 4257 897 4334; x_wconf 75' lang='lat' dir='ltr'><strong>D</strong></span> <span class='ocrx_word' id='word_1_608' title='bbox 914 4278 1029 4334; x_wconf 88' lang='lat' dir='ltr'><strong>reddunt</strong></span> <span class='ocrx_word' id='word_1_609' title='bbox 1044 4275 1106 4344; x_wconf 89' lang='lat' dir='ltr'><strong>sibi,</strong></span> <span class='ocrx_word' id='word_1_610' title='bbox 1124 4290 1221 4330; x_wconf 81' lang='lat' dir='ltr'><strong>vereor</strong></span> <span class='ocrx_word' id='word_1_611' title='bbox 1235 4289 1269 4328; x_wconf 92' lang='lat' dir='ltr'><strong>ne</strong></span> <span class='ocrx_word' id='word_1_612' title='bbox 1290 4272 1319 4328; x_wconf 91' lang='lat' dir='ltr'><strong>in</strong></span> <span class='ocrx_word' id='word_1_613' title='bbox 1334 4271 1376 4327; x_wconf 91' lang='lat' dir='ltr'><strong>his</strong></span> <span class='ocrx_word' id='word_1_614' title='bbox 1399 4273 1500 4345; x_wconf 89' lang='lat' dir='ltr'><strong>quibus</strong></span> <span class='ocrx_word' id='word_1_615' title='bbox 1522 4290 1585 4329; x_wconf 92' lang='lat' dir='ltr'><strong>eum</strong></span> <span class='ocrx_word' id='word_1_616' title='bbox 1610 4274 1706 4347; x_wconf 91' lang='lat' dir='ltr'><strong>propi-</strong></span> 
     </span>
     <span class='ocr_line' id='line_1_76' title="bbox 60 4361 1707 4442; baseline 0.004 -21"><span class='ocrx_word' id='word_1_617' title='bbox 60 4367 176 4422; x_wconf 87' lang='lat' dir='ltr'><strong>ltilatata</strong></span> <span class='ocrx_word' id='word_1_618' title='bbox 189 4366 322 4438; x_wconf 88' lang='lat' dir='ltr'><strong>siquidem</strong></span> <span class='ocrx_word' id='word_1_619' title='bbox 338 4366 445 4423; x_wconf 87' lang='lat' dir='ltr'><strong>videtur</strong></span> <span class='ocrx_word' id='word_1_620' title='bbox 459 4367 601 4441; x_wconf 78' lang='lat' dir='ltr'><strong>Ecclesia3</strong></span> <span class='ocrx_word' id='word_1_621' title='bbox 616 4369 675 4442; x_wconf 94' lang='lat' dir='ltr'><strong>ipse</strong></span> <span class='ocrx_word' id='word_1_622' title='bbox 698 4371 779 4428; x_wconf 89' lang='lat' dir='ltr'><strong>etiam</strong></span> <span class='ocrx_word' id='word_1_623' title='bbox 793 4374 859 4429; x_wconf 89' lang='lat' dir='ltr'><strong>cleri</strong></span> <span class='ocrx_word' id='word_1_624' title='bbox 915 4370 979 4423; x_wconf 91' lang='lat' dir='ltr'><strong>tiare</strong></span> <span class='ocrx_word' id='word_1_625' title='bbox 1002 4365 1159 4422; x_wconf 88' lang='lat' dir='ltr'><strong>debuerant.</strong></span> <span class='ocrx_word' id='word_1_626' title='bbox 1185 4363 1295 4419; x_wconf 89' lang='lat' dir='ltr'><strong>Utinam</strong></span> <span class='ocrx_word' id='word_1_627' title='bbox 1314 4361 1400 4435; x_wconf 80' lang='lat' dir='ltr'><strong>magis</strong></span> <span class='ocrx_word' id='word_1_628' title='bbox 1427 4363 1523 4419; x_wconf 82' lang='lat' dir='ltr'><strong>turrim</strong></span> <span class='ocrx_word' id='word_1_629' title='bbox 1545 4363 1707 4430; x_wconf 71' lang='lat' dir='ltr'><strong>inchoaturi,</strong></span> 
     </span>
     <span class='ocr_line' id='line_1_77' title="bbox 60 4449 1709 4532; baseline 0.005 -21"><span class='ocrx_word' id='word_1_630' title='bbox 60 4457 260 4512; x_wconf 80' lang='lat' dir='ltr'><strong>sacratissimus</strong></span> <span class='ocrx_word' id='word_1_631' title='bbox 273 4455 364 4512; x_wconf 90' lang='lat' dir='ltr'><strong>Ordo:</strong></span> <span class='ocrx_word' id='word_1_632' title='bbox 382 4454 494 4513; x_wconf 87' lang='lat' dir='ltr'><strong>iratrum</strong></span> <span class='ocrx_word' id='word_1_633' title='bbox 510 4474 641 4517; x_wconf 90' lang='lat' dir='ltr'><strong>numerus</strong></span> <span class='ocrx_word' id='word_1_634' title='bbox 656 4476 738 4532; x_wconf 90' lang='lat' dir='ltr'><strong>super</strong></span> <span class='ocrx_word' id='word_1_635' title='bbox 762 4479 858 4520; x_wconf 91' lang='lat' dir='ltr'><strong>nume·</strong></span> <span class='ocrx_word' id='word_1_636' title='bbox 914 4456 1247 4522; x_wconf 61' lang='lat' dir='ltr'><strong>eedesslelffiffilluffllessb</strong></span> <span class='ocrx_word' id='word_1_637' title='bbox 1258 4449 1370 4506; x_wconf 68' lang='lat' dir='ltr'><strong>⁰0f⁰ll⁸</strong></span> <span class='ocrx_word' id='word_1_638' title='bbox 1385 4459 1511 4520; x_wconf 67' lang='lat' dir='ltr'><strong>sumplus</strong></span> <span class='ocrx_word' id='word_1_639' title='bbox 1523 4467 1577 4506; x_wconf 77' lang='lat'>¹¹⁰⁰</span> <span class='ocrx_word' id='word_1_640' title='bbox 1592 4453 1709 4508; x_wconf 89' lang='lat' dir='ltr'><strong>habeant</strong></span> 
     </span>
     <span class='ocr_line' id='line_1_78' title="bbox 60 4539 1707 4622; baseline -0.002 -24"><span class='ocrx_word' id='word_1_641' title='bbox 60 4561 118 4598; x_wconf 90' lang='lat' dir='ltr'><strong>rum</strong></span> <span class='ocrx_word' id='word_1_642' title='bbox 134 4543 328 4615; x_wconf 89' lang='lat' dir='ltr'><strong>multiplicatus</strong></span> <span class='ocrx_word' id='word_1_643' title='bbox 341 4552 382 4602; x_wconf 90' lang='lat' dir='ltr'><strong>est</strong></span> <span class='ocrx_word' id='word_1_644' title='bbox 399 4546 466 4617; x_wconf 78' lang='lat'><strong>(92).</strong></span> <span class='ocrx_word' id='word_1_645' title='bbox 492 4547 592 4604; x_wconf 82' lang='lat' dir='ltr'><strong>Verum</strong></span> <span class='ocrx_word' id='word_1_646' title='bbox 608 4548 659 4605; x_wconf 90' lang='lat' dir='ltr'><strong>etsi</strong></span> <span class='ocrx_word' id='word_1_647' title='bbox 674 4549 855 4622; x_wconf 86' lang='lat' dir='ltr'><strong>multiplicasti</strong></span> <span class='ocrx_word' id='word_1_648' title='bbox 913 4544 946 4599; x_wconf 93' lang='lat' dir='ltr'><strong>ad</strong></span> <span class='ocrx_word' id='word_1_649' title='bbox 970 4541 1173 4614; x_wconf 82' lang='lat' dir='ltr'><strong>perficiendum.</strong></span> <span class='ocrx_word' id='word_1_650' title='bbox 1190 4539 1298 4596; x_wconf 88' lang='lat' dir='ltr'><strong>Utinam</strong></span> <span class='ocrx_word' id='word_1_651' title='bbox 1313 4540 1358 4612; x_wconf 92' lang='lat' dir='ltr'><strong>qui</strong></span> <span class='ocrx_word' id='word_1_652' title='bbox 1381 4542 1518 4597; x_wconf 89' lang='lat' dir='ltr'><strong>continere</strong></span> <span class='ocrx_word' id='word_1_653' title='bbox 1538 4554 1592 4598; x_wconf 92' lang='lat' dir='ltr'><strong>uon</strong></span> <span class='ocrx_word' id='word_1_654' title='bbox 1608 4542 1707 4607; x_wconf 83' lang='lat' dir='ltr'><strong>valent,</strong></span> 
     </span>
     <span class='ocr_line' id='line_1_79' title="bbox 60 4626 1710 4709; baseline 0.005 -30"><span class='ocrx_word' id='word_1_655' title='bbox 60 4643 183 4703; x_wconf 64' lang='lat' dir='ltr'><strong>grutam,</strong></span> <span class='ocrx_word' id='word_1_656' title='bbox 220 4635 347 4702; x_wconf 87' lang='lat' dir='ltr'><strong>Domine,</strong></span> <span class='ocrx_word' id='word_1_657' title='bbox 363 4651 417 4691; x_wconf 91' lang='lat' dir='ltr'><strong>nou</strong></span> <span class='ocrx_word' id='word_1_658' title='bbox 429 4636 607 4709; x_wconf 83' lang='lat' dir='ltr'><strong>magnificasti</strong></span> <span class='ocrx_word' id='word_1_659' title='bbox 638 4638 768 4705; x_wconf 76' lang='lat' dir='ltr'><strong>laetitiam,</strong></span> <span class='ocrx_word' id='word_1_660' title='bbox 794 4640 857 4697; x_wconf 90' lang='lat' dir='ltr'><strong>dum</strong></span> <span class='ocrx_word' id='word_1_661' title='bbox 913 4630 1103 4704; x_wconf 88' lang='lat' dir='ltr'><strong>perlectionem</strong></span> <span class='ocrx_word' id='word_1_662' title='bbox 1118 4628 1259 4686; x_wconf 89' lang='lat' dir='ltr'><strong>temerarie</strong></span> <span class='ocrx_word' id='word_1_663' title='bbox 1277 4626 1407 4699; x_wconf 85' lang='lat' dir='ltr'><strong>profiteri,</strong></span> <span class='ocrx_word' id='word_1_664' title='bbox 1427 4636 1475 4685; x_wconf 88' lang='lat' dir='ltr'><strong>aut</strong></span> <span class='ocrx_word' id='word_1_665' title='bbox 1497 4628 1631 4686; x_wconf 84' lang='lat' dir='ltr'><strong>caelibatui</strong></span> <span class='ocrx_word' id='word_1_666' title='bbox 1645 4630 1710 4686; x_wconf 90' lang='lat' dir='ltr'><strong>dare</strong></span> 
     </span>
     <span class='ocr_line' id='line_1_80' title="bbox 61 4716 1712 4800; baseline -0.002 -23"><span class='ocrx_word' id='word_1_667' title='bbox 61 4723 126 4778; x_wconf 87' lang='lat' dir='ltr'><strong>nihil</strong></span> <span class='ocrx_word' id='word_1_668' title='bbox 142 4725 231 4779; x_wconf 90' lang='lat' dir='ltr'><strong>minus</strong></span> <span class='ocrx_word' id='word_1_669' title='bbox 250 4725 517 4797; x_wconf 85' lang='lat' dir='ltr'><strong>apparetdecessissc</strong></span> <span class='ocrx_word' id='word_1_670' title='bbox 529 4729 625 4795; x_wconf 85' lang='lat' dir='ltr'><strong>meriti,</strong></span> <span class='ocrx_word' id='word_1_671' title='bbox 647 4745 729 4800; x_wconf 88' lang='lat' dir='ltr'><strong>quam</strong></span> <span class='ocrx_word' id='word_1_672' title='bbox 751 4729 858 4786; x_wconf 74' lang='lat' dir='ltr'><strong>numeri</strong></span> <span class='ocrx_word' id='word_1_673' title='bbox 915 4720 1026 4777; x_wconf 89' lang='lat' dir='ltr'><strong>nomina</strong></span> <span class='ocrx_word' id='word_1_674' title='bbox 1045 4729 1213 4776; x_wconf 79' lang='lat' dir='ltr'><strong>uererentur.</strong></span> <span class='ocrx_word' id='word_1_675' title='bbox 1235 4719 1400 4789; x_wconf 85' lang='lat' dir='ltr'><strong>sumptuosa</strong></span> <span class='ocrx_word' id='word_1_676' title='bbox 1414 4717 1544 4792; x_wconf 87' lang='lat' dir='ltr'><strong>siquidem</strong></span> <span class='ocrx_word' id='word_1_677' title='bbox 1560 4716 1642 4774; x_wconf 87' lang='lat' dir='ltr'><strong>turris</strong></span> <span class='ocrx_word' id='word_1_678' title='bbox 1655 4725 1712 4781; x_wconf 80' lang='lat' dir='ltr'><strong>est,</strong></span> 
     </span>
     <span class='ocr_line' id='line_1_81' title="bbox 62 4808 1709 4888; baseline 0.004 -21"><span class='ocrx_word' id='word_1_679' title='bbox 62 4810 149 4868; x_wconf 73' lang='grc'><strong>198</strong></span> <span class='ocrx_word' id='word_1_680' title='bbox 162 4813 317 4870; x_wconf 78' lang='lat' dir='ltr'><strong>aooessisse.</strong></span> <span class='ocrx_word' id='word_1_681' title='bbox 329 4814 453 4872; x_wconf 88' lang='lat' dir='ltr'><strong>Curritur</strong></span> <span class='ocrx_word' id='word_1_682' title='bbox 469 4816 568 4888; x_wconf 90' lang='lat' dir='ltr'><strong>passim</strong></span> <span class='ocrx_word' id='word_1_683' title='bbox 579 4818 613 4874; x_wconf 92' lang='lat' dir='ltr'><strong>ad</strong></span> <span class='ocrx_word' id='word_1_684' title='bbox 633 4833 725 4874; x_wconf 91' lang='lat' dir='ltr'><strong>sacros</strong></span> <span class='ocrx_word' id='word_1_685' title='bbox 743 4817 861 4876; x_wconf 91' lang='lat' dir='ltr'><strong>Ordines</strong></span> <span class='ocrx_word' id='word_1_686' title='bbox 916 4817 943 4865; x_wconf 79' lang='lat' dir='ltr'><strong>el</strong></span> <span class='ocrx_word' id='word_1_687' title='bbox 957 4810 1071 4865; x_wconf 74' lang='lat' dir='ltr'><strong>terbum</strong></span> <span class='ocrx_word' id='word_1_688' title='bbox 1086 4811 1198 4881; x_wconf 76' lang='lat' dir='ltr'><strong>grande,</strong></span> <span class='ocrx_word' id='word_1_689' title='bbox 1210 4808 1282 4880; x_wconf 77' lang='lat' dir='ltr'><strong>llll⁰d</strong></span> <span class='ocrx_word' id='word_1_690' title='bbox 1298 4823 1353 4864; x_wconf 84' lang='lat' dir='ltr'><strong>¹1⁰n</strong></span> <span class='ocrx_word' id='word_1_691' title='bbox 1368 4823 1463 4864; x_wconf 67' lang='lat' dir='ltr'><strong>Omssefl</strong></span> <span class='ocrx_word' id='word_1_692' title='bbox 1476 4821 1571 4879; x_wconf 63' lang='lat' dir='ltr'><strong>callere</strong></span> <span class='ocrx_word' id='word_1_693' title='bbox 1587 4813 1709 4877; x_wconf 59' lang='lat' dir='ltr'><strong>millini-</strong></span> 
     </span>
     <span class='ocr_line' id='line_1_82' title="bbox 61 4895 1708 4980; baseline 0.003 -26"><span class='ocrx_word' id='word_1_694' title='bbox 61 4914 89 4954; x_wconf 84' lang='lat' dir='ltr'><strong>m</strong></span> <span class='ocrx_word' id='word_1_695' title='bbox 106 4903 252 4958; x_wconf 82' lang='lat' dir='ltr'><strong>reverenda</strong></span> <span class='ocrx_word' id='word_1_696' title='bbox 273 4903 340 4974; x_wconf 87' lang='lat' dir='ltr'><strong>ipsis</strong></span> <span class='ocrx_word' id='word_1_697' title='bbox 354 4919 462 4979; x_wconf 94' lang='lat' dir='ltr'><strong>quoque</strong></span> <span class='ocrx_word' id='word_1_698' title='bbox 490 4906 628 4978; x_wconf 85' lang='lat' dir='ltr'><strong>spiritibus</strong></span> <span class='ocrx_word' id='word_1_699' title='bbox 651 4906 781 4980; x_wconf 77' lang='lat' dir='ltr'><strong>angelicis</strong></span> <span class='ocrx_word' id='word_1_700' title='bbox 809 4907 861 4963; x_wconf 91' lang='lat' dir='ltr'><strong>mi·</strong></span> <span class='ocrx_word' id='word_1_701' title='bbox 915 4899 992 4955; x_wconf 69' lang='lat' dir='ltr'><strong>Esset</strong></span> <span class='ocrx_word' id='word_1_702' title='bbox 1010 4905 1100 4952; x_wconf 67' lang='lat' dir='ltr'><strong>aulem</strong></span> <span class='ocrx_word' id='word_1_703' title='bbox 1123 4897 1182 4952; x_wconf 64' lang='lat' dir='ltr'><strong>Sile</strong></span> <span class='ocrx_word' id='word_1_704' title='bbox 1200 4897 1284 4952; x_wconf 61' lang='grc' dir='ltr'><strong>(ΝΜΟ</strong></span> <span class='ocrx_word' id='word_1_705' title='bbox 1300 4896 1397 4953; x_wconf 67' lang='lat' dir='ltr'><strong>melius</strong></span> <span class='ocrx_word' id='word_1_706' title='bbox 1416 4897 1530 4961; x_wconf 62' lang='lat' dir='ltr'><strong>nubem·</strong></span> <span class='ocrx_word' id='word_1_707' title='bbox 1551 4911 1632 4967; x_wconf 91' lang='lat' dir='ltr'><strong>quam</strong></span> <span class='ocrx_word' id='word_1_708' title='bbox 1651 4895 1708 4959; x_wconf 88' lang='lat' dir='ltr'><strong>uri;</strong></span> 
     </span>
     <span class='ocr_line' id='line_1_83' title="bbox 61 4984 1710 5064; baseline 0.005 -22"><span class='ocrx_word' id='word_1_709' title='bbox 61 4985 173 5042; x_wconf 77' lang='lat' dir='ltr'><strong>misteria</strong></span> <span class='ocrx_word' id='word_1_710' title='bbox 205 4987 328 5047; x_wconf 89' lang='lat' dir='ltr'><strong>homines</strong></span> <span class='ocrx_word' id='word_1_711' title='bbox 374 4993 581 5064; x_wconf 89' lang='lat' dir='ltr'><strong>apprehendunt</strong></span> <span class='ocrx_word' id='word_1_712' title='bbox 617 4995 675 5051; x_wconf 89' lang='lat' dir='ltr'><strong>sine</strong></span> <span class='ocrx_word' id='word_1_713' title='bbox 712 4994 863 5054; x_wconf 81' lang='lat' dir='ltr'><strong>reuerentia</strong></span> <span class='ocrx_word' id='word_1_714' title='bbox 916 4987 1053 5045; x_wconf 84' lang='lat' dir='ltr'><strong>etsalrari</strong></span> <span class='ocrx_word' id='word_1_715' title='bbox 1077 4984 1314 5059; x_wconf 64' lang='lat' dir='ltr'><strong>inhumilisslssdll</strong></span> <span class='ocrx_word' id='word_1_716' title='bbox 1336 4984 1424 5040; x_wconf 71' lang='lat' dir='ltr'><strong>fidelis</strong></span> <span class='ocrx_word' id='word_1_717' title='bbox 1450 4985 1554 5057; x_wconf 90' lang='lat' dir='ltr'><strong>populi,</strong></span> <span class='ocrx_word' id='word_1_718' title='bbox 1580 5000 1660 5056; x_wconf 64' lang='lat' dir='ltr'><strong>quam</strong></span> <span class='ocrx_word' id='word_1_719' title='bbox 1683 4985 1710 5040; x_wconf 61' lang='lat'><strong>5¹¹</strong></span> 
     </span>
     <span class='ocr_line' id='line_1_84' title="bbox 62 5071 1711 5158; baseline 0 -31"><span class='ocrx_word' id='word_1_720' title='bbox 62 5076 121 5132; x_wconf 77' lang='lat' dir='ltr'><strong>siue</strong></span> <span class='ocrx_word' id='word_1_721' title='bbox 132 5074 356 5134; x_wconf 87' lang='lat' dir='ltr'><strong>consideratione.</strong></span> <span class='ocrx_word' id='word_1_722' title='bbox 372 5078 466 5150; x_wconf 87' lang='lat' dir='ltr'><strong>Neque</strong></span> <span class='ocrx_word' id='word_1_723' title='bbox 479 5079 550 5136; x_wconf 90' lang='lat' dir='ltr'><strong>enim</strong></span> <span class='ocrx_word' id='word_1_724' title='bbox 572 5081 679 5154; x_wconf 89' lang='lat' dir='ltr'><strong>signum</strong></span> <span class='ocrx_word' id='word_1_725' title='bbox 708 5083 786 5158; x_wconf 86' lang='lat' dir='ltr'><strong>regui</strong></span> <span class='ocrx_word' id='word_1_726' title='bbox 812 5100 861 5142; x_wconf 92' lang='lat' dir='ltr'><strong>oc-</strong></span> <span class='ocrx_word' id='word_1_727' title='bbox 916 5077 982 5134; x_wconf 76' lang='lat' dir='ltr'><strong>cleri</strong></span> <span class='ocrx_word' id='word_1_728' title='bbox 1010 5072 1176 5131; x_wconf 90' lang='lat' dir='ltr'><strong>sublimitate</strong></span> <span class='ocrx_word' id='word_1_729' title='bbox 1205 5082 1233 5129; x_wconf 93' lang='lat' dir='ltr'><strong>ot</strong></span> <span class='ocrx_word' id='word_1_730' title='bbox 1257 5074 1372 5130; x_wconf 81' lang='lat' dir='ltr'><strong>detenus</strong></span> <span class='ocrx_word' id='word_1_731' title='bbox 1396 5074 1498 5143; x_wconf 82' lang='lat' dir='ltr'><strong>uivere,</strong></span> <span class='ocrx_word' id='word_1_732' title='bbox 1517 5081 1545 5128; x_wconf 89' lang='lat' dir='ltr'><strong>et</strong></span> <span class='ocrx_word' id='word_1_733' title='bbox 1564 5071 1711 5129; x_wconf 86' lang='lat' dir='ltr'><strong>districtius</strong></span> 
     </span>
     <span class='ocr_line' id='line_1_85' title="bbox 61 5161 1711 5244; baseline -0.001 -25"><span class='ocrx_word' id='word_1_734' title='bbox 61 5180 162 5236; x_wconf 84' lang='lat' dir='ltr'><strong>cupere</strong></span> <span class='ocrx_word' id='word_1_735' title='bbox 195 5163 330 5236; x_wconf 86' lang='lat' dir='ltr'><strong>coelostis,</strong></span> <span class='ocrx_word' id='word_1_736' title='bbox 347 5174 392 5222; x_wconf 89' lang='lat' dir='ltr'><strong>aut</strong></span> <span class='ocrx_word' id='word_1_737' title='bbox 418 5166 491 5222; x_wconf 92' lang='lat' dir='ltr'><strong>illius</strong></span> <span class='ocrx_word' id='word_1_738' title='bbox 510 5167 603 5225; x_wconf 86' lang='lat' dir='ltr'><strong>timont</strong></span> <span class='ocrx_word' id='word_1_739' title='bbox 624 5170 728 5241; x_wconf 89' lang='lat' dir='ltr'><strong>imperii</strong></span> <span class='ocrx_word' id='word_1_740' title='bbox 756 5181 863 5244; x_wconf 87' lang='lat' dir='ltr'><strong>gestare</strong></span> <span class='ocrx_word' id='word_1_741' title='bbox 915 5165 1042 5239; x_wconf 85' lang='lat' dir='ltr'><strong>judicari.</strong></span> <span class='ocrx_word' id='word_1_742' title='bbox 1057 5161 1134 5220; x_wconf 86' lang='lat' dir='ltr'><strong>hiulti</strong></span> <span class='ocrx_word' id='word_1_743' title='bbox 1150 5161 1231 5231; x_wconf 89' lang='lat' dir='ltr'><strong>enim,</strong></span> <span class='ocrx_word' id='word_1_744' title='bbox 1246 5177 1301 5218; x_wconf 93' lang='lat' dir='ltr'><strong>nou</strong></span> <span class='ocrx_word' id='word_1_745' title='bbox 1314 5163 1422 5235; x_wconf 92' lang='lat' dir='ltr'><strong>quidem</strong></span> <span class='ocrx_word' id='word_1_746' title='bbox 1439 5178 1542 5229; x_wconf 89' lang='lat' dir='ltr'><strong>omnes,</strong></span> <span class='ocrx_word' id='word_1_747' title='bbox 1558 5163 1606 5219; x_wconf 94' lang='lat' dir='ltr'><strong>sed</strong></span> <span class='ocrx_word' id='word_1_748' title='bbox 1622 5171 1711 5217; x_wconf 87' lang='lat' dir='ltr'><strong>tamen</strong></span> 
     </span>
     <span class='ocr_line' id='line_1_86' title="bbox 61 5250 1711 5346; baseline -0.002 -36"><span class='ocrx_word' id='word_1_749' title='bbox 61 5271 200 5320; x_wconf 67' lang='lat' dir='ltr'><strong>carrorum,</strong></span> <span class='ocrx_word' id='word_1_750' title='bbox 218 5254 353 5326; x_wconf 84' lang='lat' dir='ltr'><strong>inquibus</strong></span> <span class='ocrx_word' id='word_1_751' title='bbox 367 5255 478 5312; x_wconf 86' lang='lat' dir='ltr'><strong>avaritia</strong></span> <span class='ocrx_word' id='word_1_752' title='bbox 492 5266 598 5329; x_wconf 84' lang='lat' dir='ltr'><strong>regnat,</strong></span> <span class='ocrx_word' id='word_1_753' title='bbox 611 5259 723 5315; x_wconf 84' lang='lat' dir='ltr'><strong>ambitio</strong></span> <span class='ocrx_word' id='word_1_754' title='bbox 737 5259 862 5334; x_wconf 80' lang='lat' dir='ltr'><strong>imperat,</strong></span> <span class='ocrx_word' id='word_1_755' title='bbox 919 5255 995 5335; x_wconf 82' lang='lat' dir='ltr'><strong>multi</strong></span> <span class='ocrx_word' id='word_1_756' title='bbox 1005 5261 1118 5318; x_wconf 78' lang='lat' dir='ltr'><strong>,certum</strong></span> <span class='ocrx_word' id='word_1_757' title='bbox 1127 5259 1177 5317; x_wconf 77' lang='lat' dir='ltr'><strong>est,</strong></span> <span class='ocrx_word' id='word_1_758' title='bbox 1188 5251 1328 5308; x_wconf 82' lang='lat' dir='ltr'><strong>neclatere</strong></span> <span class='ocrx_word' id='word_1_759' title='bbox 1342 5260 1446 5326; x_wconf 82' lang='lat' dir='ltr'><strong>queunt</strong></span> <span class='ocrx_word' id='word_1_760' title='bbox 1461 5268 1515 5325; x_wconf 88' lang='lat' dir='ltr'><strong>prae</strong></span> <span class='ocrx_word' id='word_1_761' title='bbox 1530 5250 1711 5346; x_wconf 81' lang='lat' dir='ltr'><strong>mullitudine,</strong></span> 
     </span>
    </p>
   </div>
   <div class='ocr_carea' id='block_1_18' title="bbox 64 5354 1713 5600">
    <p class='ocr_par' dir='ltr' id='par_1_20' title="bbox 64 5354 1713 5600">
     <span class='ocr_line' id='line_1_87' title="bbox 100 5354 1713 5460; baseline 0.002 -25"><span class='ocrx_word' id='word_1_762' title='bbox 100 5383 157 5448; x_wconf 76' lang='lat'>(92)</span> <span class='ocrx_word' id='word_1_763' title='bbox 175 5381 256 5436; x_wconf 86' lang='lat' dir='ltr'><strong>llario</strong></span> <span class='ocrx_word' id='word_1_764' title='bbox 270 5390 311 5436; x_wconf 87' lang='lat' dir='ltr'><strong>est</strong></span> <span class='ocrx_word' id='word_1_765' title='bbox 325 5382 407 5452; x_wconf 79' lang='lat' dir='ltr'><strong>hujus</strong></span> <span class='ocrx_word' id='word_1_766' title='bbox 418 5381 470 5438; x_wconf 92' lang='lat' dir='ltr'><strong>loci</strong></span> <span class='ocrx_word' id='word_1_767' title='bbox 489 5383 564 5438; x_wconf 83' lang='lat' dir='ltr'><strong>lectio</strong></span> <span class='ocrx_word' id='word_1_768' title='bbox 580 5383 605 5437; x_wconf 89' lang='lat' dir='ltr'><strong>iu</strong></span> <span class='ocrx_word' id='word_1_769' title='bbox 623 5384 702 5439; x_wconf 91' lang='lat' dir='ltr'><strong>editis</strong></span> <span class='ocrx_word' id='word_1_770' title='bbox 717 5386 865 5457; x_wconf 84' lang='lat' dir='ltr'><strong>etscriptis</strong></span> <span class='ocrx_word' id='word_1_771' title='bbox 930 5393 1030 5439; x_wconf 76' lang='lat' dir='ltr'><strong>ostiam</strong></span> <span class='ocrx_word' id='word_1_772' title='bbox 1051 5354 1130 5435; x_wconf 85' lang='lat' dir='ltr'><strong>habet</strong></span> <span class='ocrx_word' id='word_1_773' title='bbox 1144 5379 1191 5436; x_wconf 92' lang='lat' dir='ltr'><strong>ubi</strong></span> <span class='ocrx_word' id='word_1_774' title='bbox 1209 5400 1215 5436; x_wconf 93' lang='lat'>:</span> <span class='ocrx_word' id='word_1_775' title='bbox 1235 5381 1362 5460; x_wconf 73' lang='lat' dir='ltr'><strong>fratrum</strong></span> <span class='ocrx_word' id='word_1_776' title='bbox 1379 5384 1488 5437; x_wconf 88' lang='lat' dir='ltr'><strong>nomine</strong></span> <span class='ocrx_word' id='word_1_777' title='bbox 1510 5380 1713 5440; x_wconf 86' lang='lat' dir='ltr'><strong>lorsaniutalli-&#39;</strong></span> 
     </span>
     <span class='ocr_line' id='line_1_88' title="bbox 65 5451 1464 5527; baseline 0.001 -22"><span class='ocrx_word' id='word_1_778' title='bbox 65 5453 153 5507; x_wconf 69' lang='lat' dir='ltr'><strong>llditio</strong></span> <span class='ocrx_word' id='word_1_779' title='bbox 170 5453 306 5522; x_wconf 83' lang='lat' dir='ltr'><strong>Spirensis</strong></span> <span class='ocrx_word' id='word_1_780' title='bbox 320 5454 385 5508; x_wconf 86' lang='lat' dir='ltr'><strong>anui</strong></span> <span class='ocrx_word' id='word_1_781' title='bbox 406 5457 471 5512; x_wconf 86' lang='lat' dir='ltr'><strong>l50l</strong></span> <span class='ocrx_word' id='word_1_782' title='bbox 489 5455 578 5519; x_wconf 85' lang='lat' dir='ltr'><strong>habat,</strong></span> <span class='ocrx_word' id='word_1_783' title='bbox 589 5457 866 5514; x_wconf 76' lang='lat' dir='ltr'><strong>sacratissimusordo</strong></span> <span class='ocrx_word' id='word_1_784' title='bbox 920 5462 1020 5527; x_wconf 80' lang='lat' dir='ltr'><strong>guntur</strong></span> <span class='ocrx_word' id='word_1_785' title='bbox 1030 5451 1189 5525; x_wconf 80' lang='lat' dir='ltr'><strong>cardinales,</strong></span> <span class='ocrx_word' id='word_1_786' title='bbox 1210 5454 1239 5507; x_wconf 89' lang='lat' dir='ltr'><strong>ul</strong></span> <span class='ocrx_word' id='word_1_787' title='bbox 1252 5466 1280 5505; x_wconf 90' lang='grc' dir='ltr'><strong>ιιι</strong></span> <span class='ocrx_word' id='word_1_788' title='bbox 1293 5451 1406 5523; x_wconf 81' lang='lat' dir='ltr'><strong>epistola</strong></span> <span class='ocrx_word' id='word_1_789' title='bbox 1420 5458 1464 5510; x_wconf 84' lang='lat' dir='ltr'><strong>ta.</strong></span> 
     </span>
     <span class='ocr_line' id='line_1_89' title="bbox 64 5525 866 5600; baseline 0.007 -21"><span class='ocrx_word' id='word_1_790' title='bbox 64 5541 310 5600; x_wconf 75' lang='lat' dir='ltr'><strong>suaper-numerum</strong></span> <span class='ocrx_word' id='word_1_791' title='bbox 326 5525 539 5599; x_wconf 83' lang='lat' dir='ltr'><strong>multiplicatos</strong></span> <span class='ocrx_word' id='word_1_792' title='bbox 553 5532 602 5587; x_wconf 79' lang='lat' dir='ltr'><strong>eat.</strong></span> <span class='ocrx_word' id='word_1_793' title='bbox 619 5525 710 5585; x_wconf 83' lang='lat' dir='ltr'><strong>Editio</strong></span> <span class='ocrx_word' id='word_1_794' title='bbox 723 5526 787 5584; x_wconf 89' lang='lat' dir='ltr'><strong>anni</strong></span> <span class='ocrx_word' id='word_1_795' title='bbox 798 5531 866 5586; x_wconf 73' lang='lat' dir='ltr'><strong>tillo</strong></span> 
     </span>
    </p>
   </div>
   <div class='ocr_carea' id='block_1_19' title="bbox 0 0 1868 5940">
    <p class='ocr_par' dir='ltr' id='par_1_21' title="bbox 0 0 1868 5940">
     <span class='ocr_line' id='line_1_90' title="bbox 0 0 1868 5940; baseline 0 2"><span class='ocrx_word' id='word_1_796' title='bbox 0 0 1868 5940; x_wconf 95' lang='lat' dir='ltr'><strong> </strong></span> 
     </span>
    </p>
   </div>
  </div>
 </body>
</html>
