3728 5940
104 242 158 304 837
591 233 699 296 sahso
718 231 761 294 ild
774 228 1069 295 matntstcntttnu
1083 235 1253 298 euthices,
1700 242 1753 303 838

102 367 148 433 rit,
166 380 199 422 eo
212 361 327 435 amplius
345 361 445 431 deleat,
461 370 489 418 et
506 357 597 418 animo
614 346 804 416 consternetur
819 356 901 431 opor·
918 370 943 453 Ι
959 362 1014 413 tern
1027 371 1034 414 :
1049 373 1111 417 cum
1125 360 1260 428 universa,
1277 359 1386 435 quibus,
1401 361 1435 418 ad
1449 363 1601 438 vagandum
1627 364 1701 424 toras
1726 374 1754 425 et

104 467 152 521 tet,
169 469 223 528 qno
235 453 360 524 proprius
375 450 553 527 toleratquod
566 448 701 504 exhorret.
717 447 810 518 Neque
831 446 902 500 enirn
958 442 1087 504 inutiliter
1112 466 1171 506 sese
1186 452 1384 523 occupandum,
1415 449 1444 508 in
1468 467 1527 509 eam
1553 469 1614 527 que
1631 456 1752 528 preterit

105 555 136 611 ut
157 540 243 600 ⁴10⁰
258 543 374 598 tunimm
388 539 480 612 abjicit
496 554 585 605 suam,
608 535 649 592 sic
670 535 787 604 abjicere
810 541 904 590 eoum·
956 534 1038 605 hujus
1053 537 1145 594 mundi
1160 537 1284 612 liguram,
1299 541 1392 616 egredi
1406 549 1599 609 consueverat,
1614 543 1753 602 ostiacor·

103 633 204 690 minata
222 630 312 686 anima
334 629 432 701 poterit
445 637 472 684 et
490 642 519 683 se
542 626 637 698 ipsam.
656 624 777 696 Denique
792 622 854 696 quis
873 623 901 679 iu
955 625 1030 698 poris
1049 626 1143 684 clausa
1160 638 1249 700 erunt,
1264 636 1293 684 ut
1308 628 1460 687 necessario
1474 636 1583 686 maneat
1597 629 1625 686 iu
1639 647 1669 688 se
1682 631 1751 705 ipsa.

104 721 184 780 nobis
213 727 294 776 tante
312 718 446 791 patientie
474 725 515 772 est
541 722 570 772 at
590 713 705 781 virtutis,
730 720 761 768 ut
787 714 811 767 si
833 711 904 769 iorte
955 710 1103 770 cuinullus
1113 717 1169 784 jam
1187 720 1377 788 pateatexitus
1391 733 1406 773 a
1420 734 1449 774 sc
1463 716 1645 789 ipsalerum
1659 718 1752 792 isqui·

103 808 342 884 (quemadmodum
357 807 391 862 da
404 806 587 862 liariascrore
597 801 684 877 bioysi
696 800 795 874 legitur
804 800 901 873 (Num.
956 799 1017 856 dena
1036 802 1284 875 perniciosissimus
1293 805 1344 861 crit
1358 804 1470 876 reditus,
1488 811 1515 862 et
1529 805 1640 863 miseria
1654 807 1754 879 sampi-

106 917 157 970 ιιι,
189 898 233 971 to)
258 911 366 954 caruem
393 910 469 951 suam
494 892 633 950 subitanea
652 889 703 965 [cl.
728 887 903 965 subcutanea]
956 894 1040 960 terna,
1070 892 1179 962 quando
1204 893 1260 964 jam
1286 893 1445 965 poenitentia
1476 893 1570 949 haberi
1589 892 1696 962 poterit,
1711 893 1762 967 aqi

105 989 219 1062 quadam
235 989 310 1058 lepra
330 985 400 1042 male
417 987 574 1041 candentem
592 980 702 1053 viderit,
717 993 796 1051 equo
813 977 904 1035 animo
957 991 1012 1034 non
1026 980 1134 1051 poterit.
1149 980 1379 1039 Ubienimdcerit
1397 996 1508 1055 corpus,
1533 990 1611 1039 actus
1624 997 1678 1040 uon
1692 981 1754 1056 erit,

105 1090 175 1135 sture
190 1076 284 1149 possit,
299 1084 326 1133 et
335 1075 436 1150 gratias
446 1088 536 1149 ‚agere
549 1068 686 1128 Creatori!
702 1066 774 1138 Quid
787 1084 850 1125 vero
865 1078 906 1126 est
958 1065 1030 1122 Saue
1057 1067 1104 1123 ubi
1123 1069 1197 1124 nullu
1212 1067 1294 1125 luerit
1307 1069 1387 1139 actio,
1404 1083 1452 1126 uec
1478 1068 1627 1126 satisfactio
1646 1069 1756 1143 quidem

107 1183 172 1225 caro
188 1165 249 1231 ista,
265 1164 316 1219 nisi
332 1162 513 1234 corruptibilis
526 1161 650 1234 quedam
664 1157 764 1224 tunica,
779 1173 833 1230 qua
849 1174 907 1216 ves·
958 1154 1012 1210 ulls
1024 1157 1126 1229 poterit
1149 1156 1275 1212 inveniri.
1292 1157 1427 1229 Quocirca
1441 1157 1630 1231 paenitentiam
1645 1158 1755 1232 quidem

106 1257 209 1313 timurl
223 1261 269 1309 aut
283 1252 350 1326 quid
363 1254 438 1325 lepra
452 1253 511 1309 haec
526 1263 656 1323 corporea
671 1246 764 1305 electis
782 1245 906 1303 omnihus
959 1243 1069 1311 habere,
1098 1245 1190 1303 dolere
1203 1254 1245 1302 est
1258 1261 1336 1302 :nem
1351 1245 1536 1318 poenitentiam
1555 1260 1648 1320 agere,
1668 1263 1757 1304 reme-

104 1346 270 1414 estimanda,
303 1342 354 1399 nisi
395 1349 514 1412 paternae
546 1340 621 1412 virga
657 1337 843 1410 correptionis,
879 1344 907 1393 et
960 1332 1035 1390 diurn
1049 1331 1153 1390 doloris
1170 1345 1220 1391 est.
1236 1333 1332 1407 Neque
1355 1333 1428 1391 enim
1447 1333 1549 1392 ementi
1567 1337 1692 1393 manibus
1706 1337 1758 1392 crit

104 1434 228 1507 purgatio
242 1431 352 1490 cordis?
366 1429 414 1497 lbi,
429 1430 466 1486 ibi
481 1428 616 1485 tribulatio
628 1427 786 1493 vehemens,
802 1435 829 1481 et
842 1425 906 1497 jus·
959 1419 1029 1476 ultra
1050 1420 1141 1478 levare
1155 1437 1201 1478 cor
1220 1423 1247 1478 in
1262 1422 1361 1479 celum
1376 1437 1437 1478 cum
1452 1423 1576 1479 manibus
1590 1441 1597 1492 ;
1613 1422 1661 1480 aed
1681 1423 1756 1498 quis·

104 1523 207 1581 tissima
231 1536 312 1580 causa
329 1519 431 1577 doloris
452 1525 502 1585 est,
533 1533 595 1573 curn
612 1517 742 1574 excitatus
764 1532 780 1571 a
801 1530 907 1573 sommo
961 1505 1021 1578 quis
1035 1515 1095 1563 ante
1112 1509 1217 1564 obitum
1235 1508 1325 1567 carnis
1339 1524 1394 1565 non
1409 1509 1521 1566 redierit
1536 1512 1612 1568 adse
1626 1512 1756 1585 ipsum,iu

105 1612 210 1668 miserae
240 1606 395 1682 voluptatis,
417 1607 571 1664 interiorem
590 1605 704 1678 ceperit
723 1603 784 1678 quis
812 1605 908 1677 deprs·
963 1595 1063 1668 scipso
1077 1604 1185 1654 maneat
1198 1613 1311 1656 necesse
1321 1605 1363 1653 est
1377 1597 1404 1653 in
1419 1607 1560 1655 eternum.
1577 1600 1632 1656 Sed
1642 1601 1671 1657 iu
1681 1602 1759 1675 quali

104 1702 219 1758 heudone
241 1701 354 1772 lepram,
379 1714 461 1772 quam
487 1694 624 1768 sibiipsa
647 1694 732 1751 multo
759 1694 847 1751 studio
881 1701 910 1751 et
925 1650 948 1731 Β
963 1699 992 1739 ⁸0
1016 1683 1101 1757 ipso?
1122 1685 1237 1754 Qualem
1265 1702 1325 1744 sese
1340 1685 1434 1743 fecerit
1452 1686 1480 1743 in
1494 1687 1545 1745 hac
1572 1689 1634 1760 vita,
1649 1688 1758 1762 qualem

104 1787 195 1846 ianm
209 1788 600 1864 quaesivir‚1,toerenjmnem0
614 1787 702 1843 oderit
714 1799 822 1841 carnem
831 1800 908 1841 suam
960 1772 1094 1830 invenerit
1108 1774 1199 1832 exiens
1213 1775 1247 1831 ah
1262 1775 1312 1832 hac
1324 1775 1379 1832 vita
1399 1794 1406 1830 :
1428 1775 1481 1830 nisi
1496 1776 1568 1847 quod
1583 1779 1696 1834 tortasse
1710 1783 1761 1835 orit

107 1882 153 1937 sed
175 1881 260 1938 multo
281 1879 368 1935 minus
383 1877 472 1935 odisse
496 1875 594 1949 polerit
613 1875 703 1933 anima
725 1874 908 1948 semetipsam.

421 1983 535 2042 elcut
554 1983 602 2042 tv.

107 2075 186 2147 Quod
199 2077 316 2148 ditipeas
326 2074 517 2148 iniquitatem,
527 2071 588 2131 odit
598 2071 736 2139 ociosum,
755 2074 783 2128 et
793 2088 908 2131 eumaem

122 2166 221 2206 soora:
238 2148 306 2205 etde
314 2146 482 2220 penitentia
492 2146 674 2217 infructuoso
681 2147 888 2217 postmortem.

141 2239 167 2292 h.
184 2237 220 2292 ht
239 2235 306 2292 iorte
326 2234 443 2308 aliquem
464 2241 569 2292 moveat
583 2232 648 2289 iliud
663 2234 697 2289 de
708 2231 832 2290 Psalmo:
852 2233 909 2303 Qut

103 2326 198 2400 dtttptt
212 2322 406 2401 iniquitatem,
423 2324 482 2382 odit
494 2325 624 2381 animum
639 2321 905 2396 suam(Pscl.x,o).

104 2418 164 2491 Ego
188 2424 278 2472 autem
300 2415 373 2485 dico,
388 2415 445 2470 odit
460 2421 486 2471 et
508 2429 626 2470 carnem.
642 2413 753 2469 Annon
773 2408 840 2479 odit,
862 2410 907 2469 cui

104 2507 234 2581 gehennae
245 2505 366 2562 cumulos
380 2512 513 2560 mercatur
528 2503 555 2559 in
575 2503 642 2569 dies,
659 2509 686 2559 et
700 2501 745 2559 cui
756 2499 906 2557 secundum

104 2594 231 2652 duritiam
251 2610 326 2649 suam
347 2603 374 2649 et
398 2607 444 2648 cor
458 2590 632 2662 impoeuitcns
652 2587 815 2645 thesaurizat
838 2589 906 2644 iram

104 2685 132 2741 in
156 2683 206 2738 diae
221 2682 287 2738 irei
307 2682 439 2737 Ceterum
458 2682 509 2736 hoc
525 2679 616 2736 odium
635 2687 688 2733 tarn
709 2677 808 2749 carnis,
824 2692 905 2750 quam

105 2772 212 2842 anime,
238 2786 291 2827 nou
307 2771 332 2824 in
348 2768 443 2825 ait'ectu
458 2766 508 2824 sed
526 2767 554 2822 in
568 2765 668 2822 ellectu
688 2767 778 2837 potius
798 2764 917 2827 iuveni,

105 2870 160 2919 tur.
180 2860 225 2916 Sic
244 2858 369 2915 nimirum
388 2857 445 2913 odit
464 2861 491 2911 ot
513 2854 685 2927 phreneticus
700 2869 808 2910 carnem
827 2870 904 2910 suam

104 2964 166 3004 aum
181 2945 232 3002 sibi
247 2945 301 3018 ipsi
315 2961 409 3002 manus
433 2943 530 3000 interra
544 2943 659 3012 laborat,
676 2941 786 2998 rationis
800 2932 942 3011 deliba-c
959 2927 1084 3002 negligit,
1101 2928 1208 2989 incidit.

100 3036 203 3093 ratione
218 3037 314 3107 sopita.
330 3038 374 3091 hu
392 3048 455 3090 vero
474 3030 584 3106 gravior
598 3031 651 3087 ulla
671 3031 809 3103 phrenesis
830 3032 904 3104 judi·

100 3134 187 3195 catur,
208 3142 289 3199 quam
306 3123 503 3197 impenitentis
530 3120 620 3178 cordis
633 3128 660 3176 el
670 3121 799 3193 peccandi
813 3122 902 3178 obsti·

962 1877 1157 1935 nonnunquam
1173 1863 1291 1921 deterior
1313 1882 1320 1920 :
1346 1880 1409 1920 nam
1427 1865 1522 1921 melior
1544 1880 1683 1939 uunquam
1696 1867 1758 1924 erit.

961 1951 1047 2010 Habet
1074 1952 1146 2008 enim
1169 1953 1221 2009 hoc
1243 1951 1334 2026 ipsum
1361 1951 1437 2026 quod
1464 1969 1537 2010 nunc
1565 1955 1651 2027 ponit,
1676 1954 1753 2014 481

962 2041 1255 2115 quandoquerecipcrc
1268 2056 1377 2114 corpus,
1395 2057 1448 2099 non
1464 2049 1552 2100 tannen
1566 2044 1600 2101 ad
1619 2046 1759 2118 poeniten·

962 2129 1037 2197 tiam,
1048 2132 1095 2186 sed
1111 2129 1144 2186 ad
1156 2135 1268 2203 poenam
1283 2146 1291 2185 ε
1309 2130 1355 2186 ubi
1370 2130 1496 2188 nimirum
1511 2133 1618 2206 peccati
1631 2133 1717 2208 ipsius
1732 2142 1760 2191 et

961 2219 1049 2275 carnis
1069 2220 1270 2294 quodammodo
1284 2218 1380 2277 similis
1390 2219 1526 2279 videbitur
1546 2237 1605 2280 essa
1619 2223 1757 2282 conditio:

962 2315 992 2365 ut
1006 2308 1232 2382 quemadmodum
1254 2308 1336 2383 culpa
1350 2326 1460 2383 semper
1477 2310 1567 2384 puniri
1583 2311 1691 2382 poterit,
1708 2328 1760 2370 nec

961 2412 1081 2469 unquam
1096 2398 1195 2471 poterit
1208 2396 1312 2471 expiari
1322 2415 1329 2465 ;
1340 2398 1476 2453 sicneciu
1491 2400 1760 2472 corporesliquando

960 2492 1095 2541 tormenta
1107 2484 1188 2551 liniri,
1205 2502 1256 2542 nec
1269 2501 1368 2560 corpus
1379 2487 1469 2558 ipsum
1485 2486 1618 2544 exinaniri
1632 2489 1723 2546 valeat
1733 2490 1761 2547 in

960 2573 1111 2628 tormentis.
1133 2573 1225 2630 hierita
1242 2573 1350 2646 quidem
1367 2574 1434 2632 uitio
1453 2576 1619 2647 sempiterna
1634 2577 1762 2636 deseviet

961 2662 1033 2734 quod
1056 2678 1197 2736 nunquam
1224 2663 1310 2735 possit
1323 2664 1402 2736 culpa
1415 2663 1501 2721 deleri
1517 2684 1524 2732 ;
1541 2681 1592 2722 nec
1612 2667 1762 2723 substantia

961 2752 1049 2808 carnia
1063 2751 1178 2822 deliciet,
1197 2767 1230 2809 ne
1248 2752 1327 2809 simul
1337 2760 1450 2824 cogatur
1463 2753 1542 2810 etiam
1553 2753 1663 2812 afflictio
1673 2755 1763 2812 carnis

959 2840 1108 2897 terminari.
1126 2841 1200 2909 lime,
1217 2840 1312 2898 iratres
1332 2841 1397 2913 mei,
1414 2841 1461 2915 qui
1480 2851 1570 2916 pavet,
1595 2854 1692 2916 cavct;
1713 2848 1760 2919 qui

1271 3000 1386 3056 CAPUT
1402 3001 1436 3059 V.

961 3071 1036 3141 Quod
1055 3073 1158 3126 vermis
1181 3073 1364 3129 conscientie
1387 3074 1418 3127 irt
1443 3076 1579 3144 presenti
1605 3077 1708 3134 sentiri
1717 3093 1753 3134 oc

992 3143 1133 3214 suffocari
1148 3141 1341 3214 detrimento
1358 3145 1608 3203 immortalitatem
1624 3151 1751 3219 fovericc

101 3225 163 3272 nata
181 3214 322 3271 voluntas?
337 3213 477 3287 Siquidem
495 3227 593 3267 manus
611 3209 727 3267 nefarias
743 3208 828 3282 injicit
851 3209 904 3267 sihi
993 3215 1114 3271 nutriri.

102 3304 165 3378 ipsi,
192 3321 242 3361 ncc
264 3320 382 3372 carnem,
402 3301 449 3358 scd
476 3307 593 3358 mentem
617 3300 717 3356 lacerat
734 3306 762 3356 et
774 3299 902 3358 corrodit.
992 3305 1019 3361 t.
1032 3305 1067 3361 Ut
1080 3318 1149 3376 ergo
1165 3302 1307 3360 redeamus
1316 3303 1352 3360 ad
1365 3320 1460 3362 vocem
1473 3306 1545 3364 uude
1558 3309 1753 3383 processimus,

103 3393 132 3450 Si
156 3393 245 3450 vidisti
273 3392 410 3448 homiuem
431 3392 554 3463 scalpere
573 3406 679 3460 manus,
708 3396 735 3446 et
759 3405 845 3464 usque
869 3388 903 3444 ad
956 3391 1065 3465 expedit
1079 3393 1158 3447 nobis
1171 3391 1293 3464 proiecto
1307 3392 1395 3451 redire
1409 3395 1444 3451 ad
1466 3396 1601 3466 cor,dum
1616 3397 1670 3456 iilic
1693 3398 1752 3473 iter,

102 3482 260 3555 sanguinem
283 3480 442 3548 confricare,
464 3480 614 3559 evidentem
637 3479 721 3536 habes
735 3477 805 3534 ineo
827 3477 904 3535 situi·
957 3497 1010 3555 quo
1025 3482 1148 3538 ostendat
1170 3482 1249 3539 nobis
1263 3483 1382 3539 adiutare
1404 3499 1494 3554 suum,
1511 3487 1557 3559 qui
1577 3492 1650 3543 tanto
1665 3489 1754 3544 studio

103 3572 243 3629 titudinem
261 3569 357 3624 animm
374 3568 510 3643 peccantis
527 3583 696 3640 expressam.
720 3566 798 3623 Cedit
816 3567 903 3640 siqui·
958 3570 1065 3642 pietatis
1092 3570 1158 3626 illuc
1185 3581 1296 3629 revocat
1317 3572 1548 3646 prevaricatores.
1577 3575 1634 3631 Nec
1654 3578 1755 3636 sentire

103 3661 164 3716 dem
180 3660 306 3728 voluptas
324 3657 369 3713 illa
388 3657 486 3722 dolori,
511 3665 539 3711 et
561 3655 681 3711 succedit
701 3653 817 3727 pruritui
841 3671 904 3711 cru·
958 3658 1066 3715 interim
1079 3658 1172 3732 pigeat
1184 3675 1293 3716 morsus
1307 3661 1406 3717 vermis
1421 3664 1537 3731 interni;
1551 3671 1596 3719 aut
1606 3667 1756 3735 periculosa

103 3751 198 3809 clatus.
223 3747 315 3819 Neque
342 3747 370 3801 id
393 3744 543 3817 ignorabat,
572 3741 619 3799 sed
642 3741 830 3798 dissimulabat
856 3742 903 3800 ille
957 3750 1080 3821 quedam
1093 3748 1176 3803 animi
1198 3750 1351 3807 teneritudo
1366 3750 1417 3824 [ol.
1438 3752 1609 3828 amaritudoJ,
1620 3765 1648 3813 ct
1664 3759 1756 3831 perui·

103 3841 168 3895 dum
188 3835 330 3907 scalperet.
347 3833 390 3889 Sic
408 3833 566 3900 laceramus,
584 3831 624 3887 sic
634 3831 821 3888 exulceramus
835 3849 903 3906 pro·
957 3837 1030 3894 ciosa
1045 3835 1171 3893 mollities
1184 3840 1352 3912 persuadere
1365 3850 1456 3912 queat,
1473 3849 1502 3896 ut
1517 3856 1677 3912 praesentem
1693 3847 1757 3906 veii-

105 3927 173 4002 priis
186 3923 312 3979 manibus
323 3922 428 3980 animas
442 3919 655 3981 infelices:nisi
673 3920 745 3995 quod
760 3928 902 3995 tanlogra·
957 3941 1018 3982 mua
1052 3924 1218 3984 dissimulare
1247 3927 1407 3984 molestiam.
1444 3928 1582 4002 Optimum
1617 3942 1656 3990 est
1695 3944 1757 3993 tunc

104 4020 174 4084 vius,
189 4023 290 4089 quanto
304 4013 480 4070 excellentior
498 4021 540 4070 est
558 4010 710 4085 spiritualis
723 4019 843 4070 creatura
854 4032 861 4070 :
873 4023 900 4072 cl
955 4014 1050 4071 sentiri
1066 4030 1195 4080 vermem,
1212 4031 1272 4071 cum
1297 4017 1384 4088 possit
1405 4018 1484 4074 ctiam
1507 4018 1644 4078 suiiocari.
1664 4023 1759 4098 ltaque

104 4107 148 4165 cui
162 4103 297 4162 diitlciiius
310 4104 460 4161 medeatur.
479 4104 572 4177 Neque
585 4102 612 4158 id
627 4101 739 4173 quidem
754 4101 907 4159 inimicitia·
960 4103 1081 4162 mordeat
1095 4119 1167 4161 nunc
1180 4112 1211 4161 ut
1225 4105 1366 4175 moriatur;
1382 4103 1409 4162 et
1427 4108 1555 4178 paulatim
1568 4109 1673 4168 desinat
1684 4129 1757 4170 mor-

105 4212 165 4254 rum
179 4194 269 4252 studio
283 4195 413 4268 gerimus,
432 4193 479 4250 sed
491 4200 604 4265 stupore
617 4190 735 4265 quodam
752 4190 899 4250 insensibi-
916 4213 941 4294 υ
955 4195 1017 4252 dere
1027 4192 1180 4251 moriendo.
1193 4194 1395 4254 nodatintarim
1404 4195 1587 4271 putredinem,
1598 4205 1629 4255 ut
1638 4183 1757 4261 rodendo

103 4282 186 4344 litatis
208 4283 330 4341 interne.
347 4282 459 4340 iiliusus
476 4280 609 4357 siquidem
629 4283 734 4338 animus
747 4280 847 4340 damna
859 4282 903 4340 in·
959 4292 1113 4356 consumat,
1128 4292 1156 4340 et
1185 4283 1244 4357 ipse
1262 4299 1372 4359 quoque
1392 4285 1495 4358 pariter
1519 4299 1704 4363 consumatur,
1722 4309 1758 4352 ne

106 4373 203 4434 teriora
216 4372 380 4443 nonsentit;
397 4388 460 4445 quta
475 4371 609 4428 accintus
629 4380 679 4440 est,
697 4371 746 4430 sed
770 4370 798 4428 in
813 4382 907 4432 ventre
960 4372 1047 4432 iovcri
1074 4372 1185 4446 incipiat
1208 4374 1236 4430 in
1262 4373 1500 4442 immortalitatem,
1524 4379 1636 4454 Vermis,
1658 4381 1756 4457 inquit,

106 4462 227 4534 forsitan,
251 4471 297 4519 aut
319 4462 369 4518 sub
387 4470 490 4520 ventre.
513 4459 634 4535 Denique
653 4469 679 4517 et
697 4462 805 4520 animus
837 4477 907 4537 quo·
960 4477 1057 4522 coram
1072 4479 1129 4522 ooo
1144 4464 1282 4522 morietur
1292 4468 1321 4524 ct
1330 4467 1404 4539 ipsis
1414 4483 1473 4526 ocra
1487 4470 1676 4542 retineretur
1689 4475 1755 4547 (isa.

106 4555 229 4612 rumdam
243 4551 271 4607 iu
289 4551 398 4623 patinis,
411 4551 590 4623 quorumdam
609 4549 638 4607 in
651 4548 748 4608 loculis
763 4551 910 4621 iuvenitur,
961 4567 1038 4620 nxvr,
1049 4553 1105 4625 tt).
1121 4553 1144 4608 Α
1162 4552 1230 4610 iscis
1243 4553 1350 4612 illorum
1367 4571 1506 4613 morsuum
1519 4557 1581 4630 quis
1594 4560 1757 4620 sustinebit?

108 4644 155 4704 tila·
171 4648 214 4702 est
224 4644 375 4701 thesauros
385 4644 469 4711 ,tuos
488 4638 588 4714 inquit,
603 4639 744 4701 tatastat
761 4657 809 4702 cor
825 4645 908 4699 taum
960 4638 1102 4715 biultiplex
1120 4641 1194 4699 enint
1208 4658 1280 4701 nunc
1292 4644 1443 4702 consolatio
1459 4648 1599 4719 urguentis
1614 4650 1757 4708 conscien-

105 4734 219 4807 (liotth.
238 4748 276 4802 vr,
290 4731 346 4806 at).
368 4730 441 4802 Quid
456 4744 519 4787 vero
539 4729 648 4803 mirum,
663 4730 685 4786 si
707 4729 844 4804 propriam
860 4729 910 4787 mi·
961 4730 1006 4787 tie
1030 4731 1132 4790 relevat
1155 4731 1316 4790 cruciatum.
1340 4732 1479 4807 benignus
1491 4734 1628 4807 estDeus,
1644 4737 1758 4810 quinon

107 4821 181 4877 nime
193 4823 291 4877 sentiat
308 4820 397 4877 anima
412 4818 561 4891 lesionem,
577 4835 639 4894 que
651 4818 693 4876 sui
715 4818 802 4892 ipsius
815 4818 907 4889 oblita,
962 4819 1064 4891 patitur
1086 4835 1137 4876 uos
1156 4821 1253 4879 tentari
1268 4836 1352 4893 supra
1366 4838 1448 4896 quarn
1459 4837 1613 4896 possumus,
1630 4841 1681 4884 nec
1695 4845 1757 4886 ver.

105 4918 132 4968 et
167 4910 273 4981 penitus
291 4912 388 4969 absens
411 4911 473 4984 sihi,
490 4911 516 4968 in
536 4910 714 4986 longinquam
729 4908 849 4983 proiecta
868 4916 910 4968 est
962 4925 1035 4967 mem
1044 4910 1116 4966 huuc
1129 4924 1214 4984 supra
1228 4910 1338 4967 modum
1352 4913 1454 4986 patitur
1463 4912 1615 4986 nnhqnmi.
1629 4915 1758 4976 lissima·

106 4996 268 5073 regionem?
282 4998 338 5055 Erit
355 5010 445 5059 autem
471 5016 533 5058 cum
553 4999 581 5057 iu
602 5001 776 5074 semetipsam
800 5015 909 5059 reversa
962 4999 1092 5071 quainter
1104 4996 1180 5055 initia
1195 5001 1380 5058 conversionis
1408 5000 1467 5058 oleo
1489 5002 1679 5063 misericordie
1699 5007 1759 5068 linit

106 5092 262 5161 cognoscet,
287 5102 366 5157 quarn
390 5087 537 5145 crudeliter
560 5089 666 5146 miserae
690 5087 841 5145 venationis
862 5089 909 5145 ob.
961 5087 1052 5145 ulcera
1070 5103 1076 5142 :
1092 5103 1126 5144 ue
1140 5102 1191 5145 nac
1202 5088 1289 5144 morbi
1304 5089 1449 5162 quantitas,
1463 5106 1513 5148 nec
1527 5091 1671 5152 diiticuitas
1684 5113 1760 5156 cura·
1806 5128 1809 5143 ·

107 5184 183 5234 tentu
203 5175 393 5234 evisceraverit
407 5173 592 5248 semetipsam.
611 5176 705 5250 Neque
723 5176 835 5233 enimid
849 5193 910 5236 seu·
961 5176 1043 5234 tionis
1061 5175 1131 5234 ultra
1150 5192 1231 5250 quam
1246 5178 1356 5251 expedit
1378 5179 1552 5252 innotescat;
1568 5185 1758 5261 magistatem

107 5268 158 5339 tire
173 5266 362 5338 poterat,dum
376 5263 459 5323 vilem
470 5280 624 5324 muscarum
640 5267 759 5339 predam
774 5266 908 5325 desiderio
961 5266 1083 5324 arridere
1097 5265 1201 5324 videtur
1215 5266 1329 5325 facilitas
1351 5268 1484 5343 quedam,
1502 5288 1562 5345 que
1584 5277 1758 5348 postmodum

107 5363 220 5429 captans
235 5353 389 5422 insatiabili,
414 5371 573 5412 aranearum
597 5355 692 5429 instar,
708 5371 742 5414 ex
760 5354 910 5415 uisceribus
962 5353 1106 5424 evanescit,
1132 5354 1253 5430 ¹quaudo
1279 5355 1336 5427 jam
1351 5359 1513 5419 exercitatos
1527 5360 1637 5421 habenti
1662 5381 1759 5426 sensus

107 5444 227 5525 propriis
240 5444 361 5503 intexere
376 5442 442 5504 retia
456 5443 605 5504 videretur.
664 5502 669 5508 ,
906 5518 910 5523 ,
963 5452 1101 5519 certamen
1125 5444 1195 5504 torte
1217 5445 1307 5518 datur,
1319 5453 1348 5507 ut
1366 5449 1464 5522 sinent,
1480 5457 1507 5509 et
1521 5450 1611 5512 discat
1627 5454 1757 5535 quoniam

143 5533 519 5598 testimoniumque
536 5532 911 5613 uuadubiovelpostmcr·
962 5533 1082 5596 omniunt
1096 5533 1232 5617 potentior
1258 5544 1300 5602 set
1322 5535 1462 5614 sapientia.
1478 5539 1589 5607 iuterim
1610 5558 1677 5607 sana
1701 5560 1756 5608 su-
