<?xml version="1.0" encoding="UTF-8"?>
<!DOCTYPE html PUBLIC "-//W3C//DTD XHTML 1.0 Transitional//EN"
    "http://www.w3.org/TR/xhtml1/DTD/xhtml1-transitional.dtd">
<html xmlns="http://www.w3.org/1999/xhtml" xml:lang="en" lang="en">
 <head>
  <title>
</title>
<meta http-equiv="Content-Type" content="text/html;charset=utf-8" />
  <meta name='ocr-system' content='tesseract 3.04.00' />
  <meta name='ocr-capabilities' content='ocr_page ocr_carea ocr_par ocr_line ocrx_word'/>
</head>
<body>
  <div class='ocr_page' id='page_1' title='image "./patrologiaecurs62unkngoog_0136.png"; bbox 0 0 3728 5940; ppageno 0'>
   <div class='ocr_carea' id='block_1_1' title="bbox 50 185 1697 264">
    <p class='ocr_par' dir='ltr' id='par_1_1' title="bbox 50 185 1697 264">
     <span class='ocr_line' id='line_1_1' title="bbox 50 185 1697 264; baseline -0.014 -7"><span class='ocrx_word' id='word_1_1' title='bbox 50 188 106 249; x_wconf 77' lang='lat'>257</span> <span class='ocrx_word' id='word_1_2' title='bbox 803 185 982 247; x_wconf 80' lang='lat' dir='ltr'>aeramen.</span> <span class='ocrx_word' id='word_1_3' title='bbox 1643 203 1697 264; x_wconf 67' lang='lat'>253</span> 
     </span>
    </p>
   </div>
   <div class='ocr_carea' id='block_1_2' title="bbox 50 311 1740 5362">
    <p class='ocr_par' dir='ltr' id='par_1_2' title="bbox 50 311 1740 5362">
     <span class='ocr_line' id='line_1_2' title="bbox 51 311 1698 418; baseline 0.008 -46"><span class='ocrx_word' id='word_1_4' title='bbox 51 315 115 388; x_wconf 88' lang='lat' dir='ltr'>qnis</span> <span class='ocrx_word' id='word_1_5' title='bbox 130 311 268 370; x_wconf 73' lang='lat' dir='ltr'>inveniet?</span> <span class='ocrx_word' id='word_1_6' title='bbox 281 312 374 385; x_wconf 83' lang='grc' dir='ltr'>(Ριοι.</span> <span class='ocrx_word' id='word_1_7' title='bbox 399 328 479 383; x_wconf 82' lang='lat' dir='ltr'>xxxv,</span> <span class='ocrx_word' id='word_1_8' title='bbox 502 312 557 383; x_wconf 77' lang='lat' dir='ltr'>lii).</span> <span class='ocrx_word' id='word_1_9' title='bbox 574 312 657 369; x_wconf 85' lang='lat' dir='ltr'>linito</span> <span class='ocrx_word' id='word_1_10' title='bbox 682 312 768 385; x_wconf 73' lang='lat' dir='ltr'>magis</span> <span class='ocrx_word' id='word_1_11' title='bbox 791 311 852 384; x_wconf 85' lang='lat' dir='ltr'>quis</span> <span class='ocrx_word' id='word_1_12' title='bbox 866 317 969 418; x_wconf 47' lang='lat' dir='ltr'>notat:</span> <span class='ocrx_word' id='word_1_13' title='bbox 985 312 1037 368; x_wconf 87' lang='lat' dir='ltr'>nisi</span> <span class='ocrx_word' id='word_1_14' title='bbox 1052 313 1121 370; x_wconf 90' lang='lat' dir='ltr'>forte</span> <span class='ocrx_word' id='word_1_15' title='bbox 1136 322 1163 371; x_wconf 93' lang='grc' dir='ltr'>ιι</span> <span class='ocrx_word' id='word_1_16' title='bbox 1187 314 1293 370; x_wconf 88' lang='lat' dir='ltr'>dubites</span> <span class='ocrx_word' id='word_1_17' title='bbox 1317 313 1402 375; x_wconf 64' lang='lat'>122</span> <span class='ocrx_word' id='word_1_18' title='bbox 1427 318 1547 379; x_wconf 87' lang='lat' dir='ltr'>habitare</span> <span class='ocrx_word' id='word_1_19' title='bbox 1561 323 1698 385; x_wconf 85' lang='lat' dir='ltr'>Christum</span> 
     </span>
     <span class='ocr_line' id='line_1_3' title="bbox 52 400 1698 491; baseline 0.009 -31"><span class='ocrx_word' id='word_1_20' title='bbox 52 403 150 461; x_wconf 89' lang='lat' dir='ltr'>fortem</span> <span class='ocrx_word' id='word_1_21' title='bbox 175 412 201 458; x_wconf 93' lang='lat' dir='ltr'>et</span> <span class='ocrx_word' id='word_1_22' title='bbox 214 401 356 459; x_wconf 73' lang='lat' dir='ltr'>nobilem?</span> <span class='ocrx_word' id='word_1_23' title='bbox 370 403 479 459; x_wconf 79' lang='lat' dir='ltr'>Minime</span> <span class='ocrx_word' id='word_1_24' title='bbox 490 403 598 474; x_wconf 90' lang='lat' dir='ltr'>quidem</span> <span class='ocrx_word' id='word_1_25' title='bbox 613 403 685 459; x_wconf 85' lang='lat' dir='ltr'>Deus</span> <span class='ocrx_word' id='word_1_26' title='bbox 698 413 740 458; x_wconf 91' lang='lat' dir='ltr'>est</span> <span class='ocrx_word' id='word_1_27' title='bbox 754 417 850 472; x_wconf 90' lang='lat' dir='ltr'>accep·</span> <span class='ocrx_word' id='word_1_28' title='bbox 899 400 1039 473; x_wconf 88' lang='lat' dir='ltr'>perfidem</span> <span class='ocrx_word' id='word_1_29' title='bbox 1059 403 1086 459; x_wconf 92' lang='lat' dir='ltr'>in</span> <span class='ocrx_word' id='word_1_30' title='bbox 1109 404 1192 461; x_wconf 90' lang='lat' dir='ltr'>corde</span> <span class='ocrx_word' id='word_1_31' title='bbox 1208 415 1264 461; x_wconf 90' lang='lat' dir='ltr'>tuo.</span> <span class='ocrx_word' id='word_1_32' title='bbox 1285 405 1408 479; x_wconf 87' lang='lat' dir='ltr'>Denique</span> <span class='ocrx_word' id='word_1_33' title='bbox 1426 413 1519 466; x_wconf 86' lang='lat' dir='ltr'>omnis</span> <span class='ocrx_word' id='word_1_34' title='bbox 1533 413 1624 485; x_wconf 80' lang='lat' dir='ltr'>pierio</span> <span class='ocrx_word' id='word_1_35' title='bbox 1638 421 1698 491; x_wconf 80' lang='lat' dir='ltr'>ejus</span> 
     </span>
     <span class='ocr_line' id='line_1_4' title="bbox 51 491 1703 576; baseline 0.009 -27"><span class='ocrx_word' id='word_1_36' title='bbox 51 499 94 550; x_wconf 91' lang='lat' dir='ltr'>tor</span> <span class='ocrx_word' id='word_1_37' title='bbox 114 507 294 564; x_wconf 89' lang='lat' dir='ltr'>personarum</span> <span class='ocrx_word' id='word_1_38' title='bbox 312 510 318 545; x_wconf 93' lang='lat'>:</span> <span class='ocrx_word' id='word_1_39' title='bbox 336 492 425 547; x_wconf 90' lang='lat' dir='ltr'>nescio</span> <span class='ocrx_word' id='word_1_40' title='bbox 450 499 537 546; x_wconf 89' lang='lat' dir='ltr'>tamen</span> <span class='ocrx_word' id='word_1_41' title='bbox 552 508 606 565; x_wconf 95' lang='lat' dir='ltr'>quo</span> <span class='ocrx_word' id='word_1_42' title='bbox 625 499 704 563; x_wconf 84' lang='lat' dir='ltr'>pacto</span> <span class='ocrx_word' id='word_1_43' title='bbox 720 491 804 546; x_wconf 82' lang='lat' dir='ltr'>virtus</span> <span class='ocrx_word' id='word_1_44' title='bbox 823 491 849 545; x_wconf 93' lang='lat' dir='ltr'>in</span> <span class='ocrx_word' id='word_1_45' title='bbox 900 491 970 561; x_wconf 76' lang='lat' dir='ltr'>filim</span> <span class='ocrx_word' id='word_1_46' title='bbox 984 493 1057 562; x_wconf 80' lang='lat' dir='ltr'>repis</span> <span class='ocrx_word' id='word_1_47' title='bbox 1072 493 1105 548; x_wconf 89' lang='lat' dir='ltr'>ob</span> <span class='ocrx_word' id='word_1_48' title='bbox 1117 496 1199 551; x_wconf 82' lang='lat' dir='ltr'>intur</span> <span class='ocrx_word' id='word_1_49' title='bbox 1209 495 1296 564; x_wconf 85' lang='lat' dir='ltr'>(Psoi.</span> <span class='ocrx_word' id='word_1_50' title='bbox 1313 512 1381 564; x_wconf 77' lang='grc' dir='ltr'>ιιι,</span> <span class='ocrx_word' id='word_1_51' title='bbox 1397 501 1449 569; x_wconf 79' lang='lat' dir='ltr'>ll).</span> <span class='ocrx_word' id='word_1_52' title='bbox 1464 499 1630 576; x_wconf 83' lang='lat' dir='ltr'>lucundare,</span> <span class='ocrx_word' id='word_1_53' title='bbox 1645 507 1703 567; x_wconf 86' lang='lat' dir='ltr'>filia</span> 
     </span>
     <span class='ocr_line' id='line_1_5' title="bbox 51 577 1702 662; baseline 0.001 -24"><span class='ocrx_word' id='word_1_54' title='bbox 51 580 137 638; x_wconf 90' lang='lat' dir='ltr'>nobili</span> <span class='ocrx_word' id='word_1_55' title='bbox 154 581 217 653; x_wconf 92' lang='lat' dir='ltr'>plus</span> <span class='ocrx_word' id='word_1_56' title='bbox 231 577 327 650; x_wconf 88' lang='lat' dir='ltr'>placet.</span> <span class='ocrx_word' id='word_1_57' title='bbox 343 580 385 635; x_wconf 77' lang='lat' dir='ltr'>An</span> <span class='ocrx_word' id='word_1_58' title='bbox 400 579 469 636; x_wconf 93' lang='lat' dir='ltr'>forte</span> <span class='ocrx_word' id='word_1_59' title='bbox 487 580 549 650; x_wconf 86' lang='lat' dir='ltr'>qula</span> <span class='ocrx_word' id='word_1_60' title='bbox 565 582 625 652; x_wconf 92' lang='lat' dir='ltr'>plus</span> <span class='ocrx_word' id='word_1_61' title='bbox 639 581 745 636; x_wconf 78' lang='lat' dir='ltr'>claret?</span> <span class='ocrx_word' id='word_1_62' title='bbox 759 580 848 651; x_wconf 92' lang='lat' dir='ltr'>siqui·</span> <span class='ocrx_word' id='word_1_63' title='bbox 901 577 976 643; x_wconf 89' lang='lat' dir='ltr'>Sion,</span> <span class='ocrx_word' id='word_1_64' title='bbox 994 589 1020 634; x_wconf 93' lang='lat' dir='ltr'>et</span> <span class='ocrx_word' id='word_1_65' title='bbox 1044 582 1150 636; x_wconf 85' lang='lat' dir='ltr'>exsulta</span> <span class='ocrx_word' id='word_1_66' title='bbox 1171 583 1247 652; x_wconf 90' lang='lat' dir='ltr'>satis,</span> <span class='ocrx_word' id='word_1_67' title='bbox 1269 584 1323 639; x_wconf 80' lang='lat' dir='ltr'>iilia</span> <span class='ocrx_word' id='word_1_68' title='bbox 1346 586 1503 654; x_wconf 72' lang='lat' dir='ltr'>ierusalem,</span> <span class='ocrx_word' id='word_1_69' title='bbox 1518 603 1582 662; x_wconf 85' lang='lat' dir='ltr'>qula</span> <span class='ocrx_word' id='word_1_70' title='bbox 1604 611 1702 653; x_wconf 72' lang='lat' dir='ltr'>consu.</span> 
     </span>
     <span class='ocr_line' id='line_1_6' title="bbox 50 668 1703 742; baseline 0.007 -14"><span class='ocrx_word' id='word_1_71' title='bbox 50 672 113 728; x_wconf 90' lang='lat' dir='ltr'>dem</span> <span class='ocrx_word' id='word_1_72' title='bbox 142 668 281 742; x_wconf 78' lang='lat' dir='ltr'>ignobilis,</span> <span class='ocrx_word' id='word_1_73' title='bbox 304 684 366 724; x_wconf 90' lang='lat' dir='ltr'>curn</span> <span class='ocrx_word' id='word_1_74' title='bbox 385 679 459 726; x_wconf 89' lang='lat' dir='ltr'>caret</span> <span class='ocrx_word' id='word_1_75' title='bbox 477 669 574 742; x_wconf 78' lang='lat' dir='ltr'>gloria,</span> <span class='ocrx_word' id='word_1_76' title='bbox 595 685 648 725; x_wconf 94' lang='lat' dir='ltr'>non</span> <span class='ocrx_word' id='word_1_77' title='bbox 670 669 747 726; x_wconf 86' lang='lat' dir='ltr'>facile</span> <span class='ocrx_word' id='word_1_78' title='bbox 767 669 853 741; x_wconf 90' lang='lat' dir='ltr'>liquet</span> <span class='ocrx_word' id='word_1_79' title='bbox 903 668 970 738; x_wconf 85' lang='lat' dir='ltr'>pivit</span> <span class='ocrx_word' id='word_1_80' title='bbox 984 668 1040 724; x_wconf 84' lang='lat' dir='ltr'>llea</span> <span class='ocrx_word' id='word_1_81' title='bbox 1055 672 1174 740; x_wconf 90' lang='lat' dir='ltr'>speciem</span> <span class='ocrx_word' id='word_1_82' title='bbox 1197 679 1292 727; x_wconf 86' lang='lat' dir='ltr'>tuam:</span> <span class='ocrx_word' id='word_1_83' title='bbox 1313 673 1336 727; x_wconf 93' lang='lat' dir='ltr'>si</span> <span class='ocrx_word' id='word_1_84' title='bbox 1358 683 1446 730; x_wconf 89' lang='lat' dir='ltr'>tamen</span> <span class='ocrx_word' id='word_1_85' title='bbox 1464 680 1661 740; x_wconf 90' lang='lat' dir='ltr'>confessionem</span> <span class='ocrx_word' id='word_1_86' title='bbox 1675 691 1703 742; x_wconf 90' lang='lat' dir='ltr'>et</span> 
     </span>
     <span class='ocr_line' id='line_1_7' title="bbox 51 756 1700 831; baseline 0.004 -16"><span class='ocrx_word' id='word_1_87' title='bbox 51 769 145 815; x_wconf 88' lang='lat' dir='ltr'>utrum</span> <span class='ocrx_word' id='word_1_88' title='bbox 159 757 222 831; x_wconf 88' lang='lat' dir='ltr'>quia</span> <span class='ocrx_word' id='word_1_89' title='bbox 236 756 313 827; x_wconf 89' lang='lat' dir='ltr'>nolit,</span> <span class='ocrx_word' id='word_1_90' title='bbox 329 773 362 812; x_wconf 88' lang='lat' dir='ltr'>an</span> <span class='ocrx_word' id='word_1_91' title='bbox 376 757 441 829; x_wconf 92' lang='lat' dir='ltr'>quia</span> <span class='ocrx_word' id='word_1_92' title='bbox 459 773 513 813; x_wconf 93' lang='lat' dir='ltr'>non</span> <span class='ocrx_word' id='word_1_93' title='bbox 533 758 620 831; x_wconf 83' lang='lat' dir='ltr'>possit</span> <span class='ocrx_word' id='word_1_94' title='bbox 634 758 743 814; x_wconf 89' lang='lat' dir='ltr'>habere.</span> <span class='ocrx_word' id='word_1_95' title='bbox 759 758 851 814; x_wconf 89' lang='lat' dir='ltr'>Laudo</span> <span class='ocrx_word' id='word_1_96' title='bbox 902 756 1031 812; x_wconf 79' lang='lat' dir='ltr'><strong>decorem</strong></span> <span class='ocrx_word' id='word_1_97' title='bbox 1052 758 1161 822; x_wconf 88' lang='lat' dir='ltr'>induis,</span> <span class='ocrx_word' id='word_1_98' title='bbox 1186 760 1282 816; x_wconf 87' lang='lat' dir='ltr'>amicta</span> <span class='ocrx_word' id='word_1_99' title='bbox 1311 763 1412 818; x_wconf 90' lang='lat' dir='ltr'>lumine</span> <span class='ocrx_word' id='word_1_100' title='bbox 1436 765 1505 822; x_wconf 93' lang='lat' dir='ltr'>siout</span> <span class='ocrx_word' id='word_1_101' title='bbox 1529 772 1700 830; x_wconf 72' lang='lat' dir='ltr'>vestimento,</span> 
     </span>
     <span class='ocr_line' id='line_1_8' title="bbox 51 845 1701 932; baseline 0.006 -27"><span class='ocrx_word' id='word_1_102' title='bbox 51 849 150 905; x_wconf 83' lang='lat' dir='ltr'>factam</span> <span class='ocrx_word' id='word_1_103' title='bbox 164 847 200 904; x_wconf 91' lang='lat' dir='ltr'>de</span> <span class='ocrx_word' id='word_1_104' title='bbox 213 847 372 903; x_wconf 77' lang='lat' dir='ltr'>necessitate</span> <span class='ocrx_word' id='word_1_105' title='bbox 385 847 532 916; x_wconf 83' lang='lat' dir='ltr'>virtutem3</span> <span class='ocrx_word' id='word_1_106' title='bbox 548 849 594 905; x_wconf 89' lang='lat' dir='ltr'>sed</span> <span class='ocrx_word' id='word_1_107' title='bbox 609 849 670 922; x_wconf 89' lang='lat' dir='ltr'>plus</span> <span class='ocrx_word' id='word_1_108' title='bbox 684 848 755 904; x_wconf 92' lang='lat' dir='ltr'>illam</span> <span class='ocrx_word' id='word_1_109' title='bbox 770 865 849 922; x_wconf 90' lang='lat' dir='ltr'>qnam</span> <span class='ocrx_word' id='word_1_110' title='bbox 903 845 1009 916; x_wconf 86' lang='lat' dir='ltr'>Nempe</span> <span class='ocrx_word' id='word_1_111' title='bbox 1023 847 1158 904; x_wconf 88' lang='lat' dir='ltr'>confessio</span> <span class='ocrx_word' id='word_1_112' title='bbox 1182 857 1208 904; x_wconf 89' lang='lat' dir='ltr'>et</span> <span class='ocrx_word' id='word_1_113' title='bbox 1222 851 1392 921; x_wconf 77' lang='lat' dir='ltr'>pulchritudo</span> <span class='ocrx_word' id='word_1_114' title='bbox 1416 853 1443 909; x_wconf 90' lang='lat' dir='ltr'>in</span> <span class='ocrx_word' id='word_1_115' title='bbox 1466 869 1614 929; x_wconf 90' lang='lat' dir='ltr'>conspectu</span> <span class='ocrx_word' id='word_1_116' title='bbox 1629 863 1701 932; x_wconf 87' lang='lat' dir='ltr'>ejus.</span> 
     </span>
     <span class='ocr_line' id='line_1_9' title="bbox 50 933 1704 1020; baseline 0.004 -28"><span class='ocrx_word' id='word_1_117' title='bbox 50 934 137 1008; x_wconf 76' lang='lat' dir='ltr'>elegit</span> <span class='ocrx_word' id='word_1_118' title='bbox 150 934 271 1006; x_wconf 88' lang='lat' dir='ltr'>libertas,</span> <span class='ocrx_word' id='word_1_119' title='bbox 286 950 338 992; x_wconf 94' lang='lat' dir='ltr'>non</span> <span class='ocrx_word' id='word_1_120' title='bbox 354 934 448 990; x_wconf 81' lang='lat' dir='ltr'>indicit</span> <span class='ocrx_word' id='word_1_121' title='bbox 464 937 619 993; x_wconf 76' lang='lat' dir='ltr'>necessitas.</span> <span class='ocrx_word' id='word_1_122' title='bbox 903 933 1008 1005; x_wconf 71' lang='lat' dir='ltr'>Cujus?</span> <span class='ocrx_word' id='word_1_123' title='bbox 1023 936 1144 1005; x_wconf 88' lang='lat' dir='ltr'>Speciosi</span> <span class='ocrx_word' id='word_1_124' title='bbox 1168 936 1255 992; x_wconf 88' lang='lat' dir='ltr'>forma</span> <span class='ocrx_word' id='word_1_125' title='bbox 1275 954 1331 1010; x_wconf 84' lang='lat' dir='ltr'>prae</span> <span class='ocrx_word' id='word_1_126' title='bbox 1354 938 1416 995; x_wconf 87' lang='lat' dir='ltr'>filiis</span> <span class='ocrx_word' id='word_1_127' title='bbox 1437 942 1595 1014; x_wconf 89' lang='lat' dir='ltr'>hominum;</span> <span class='ocrx_word' id='word_1_128' title='bbox 1618 949 1704 1020; x_wconf 82' lang='lat' dir='ltr'>ipsius</span> 
     </span>
     <span class='ocr_line' id='line_1_10' title="bbox 86 1021 1740 1102; baseline 0.002 -22"><span class='ocrx_word' id='word_1_129' title='bbox 86 1029 115 1080; x_wconf 82' lang='lat'>2.</span> <span class='ocrx_word' id='word_1_130' title='bbox 131 1024 241 1082; x_wconf 79' lang='lat' dir='ltr'>Certent</span> <span class='ocrx_word' id='word_1_131' title='bbox 262 1039 328 1097; x_wconf 80' lang='lat' dir='ltr'>ergo</span> <span class='ocrx_word' id='word_1_132' title='bbox 349 1033 464 1090; x_wconf 79' lang='lat' dir='ltr'>caeterae,</span> <span class='ocrx_word' id='word_1_133' title='bbox 480 1041 541 1097; x_wconf 83' lang='lat' dir='ltr'>quae</span> <span class='ocrx_word' id='word_1_134' title='bbox 564 1041 640 1097; x_wconf 91' lang='lat' dir='ltr'>spem</span> <span class='ocrx_word' id='word_1_135' title='bbox 665 1040 719 1081; x_wconf 92' lang='lat' dir='ltr'>non</span> <span class='ocrx_word' id='word_1_136' title='bbox 743 1026 851 1095; x_wconf 81' lang='lat' dir='ltr'>habent,</span> <span class='ocrx_word' id='word_1_137' title='bbox 902 1021 931 1076; x_wconf 93' lang='lat' dir='ltr'>in</span> <span class='ocrx_word' id='word_1_138' title='bbox 944 1039 1024 1094; x_wconf 91' lang='lat' dir='ltr'>quern</span> <span class='ocrx_word' id='word_1_139' title='bbox 1040 1025 1195 1082; x_wconf 88' lang='lat' dir='ltr'>desiderant</span> <span class='ocrx_word' id='word_1_140' title='bbox 1210 1027 1298 1101; x_wconf 80' lang='lat' dir='ltr'>angeli</span> <span class='ocrx_word' id='word_1_141' title='bbox 1315 1030 1478 1100; x_wconf 84' lang='lat' dir='ltr'>prospicere.</span> <span class='ocrx_word' id='word_1_142' title='bbox 1730 1090 1740 1102; x_wconf 23' lang='grc' dir='ltr'>κ</span> 
     </span>
     <span class='ocr_line' id='line_1_11' title="bbox 51 1111 1704 1191; baseline 0.008 -23"><span class='ocrx_word' id='word_1_143' title='bbox 51 1126 102 1186; x_wconf 92' lang='lat' dir='ltr'>pro</span> <span class='ocrx_word' id='word_1_144' title='bbox 129 1127 220 1169; x_wconf 87' lang='lat' dir='ltr'>rerum</span> <span class='ocrx_word' id='word_1_145' title='bbox 235 1111 373 1185; x_wconf 79' lang='lat' dir='ltr'>fugacium</span> <span class='ocrx_word' id='word_1_146' title='bbox 396 1120 476 1185; x_wconf 92' lang='lat' dir='ltr'>atque</span> <span class='ocrx_word' id='word_1_147' title='bbox 502 1112 636 1169; x_wconf 85' lang='lat' dir='ltr'>fallacium</span> <span class='ocrx_word' id='word_1_148' title='bbox 655 1113 701 1172; x_wconf 89' lang='lat' dir='ltr'>vili</span> <span class='ocrx_word' id='word_1_149' title='bbox 725 1114 853 1187; x_wconf 81' lang='lat' dir='ltr'>breuique</span> <span class='ocrx_word' id='word_1_150' title='bbox 940 1114 966 1166; x_wconf 80' lang='lat' dir='ltr'>l.</span> <span class='ocrx_word' id='word_1_151' title='bbox 983 1112 1068 1169; x_wconf 80' lang='lat' dir='ltr'>Audis</span> <span class='ocrx_word' id='word_1_152' title='bbox 1082 1114 1126 1169; x_wconf 91' lang='lat' dir='ltr'>cui</span> <span class='ocrx_word' id='word_1_153' title='bbox 1140 1115 1254 1185; x_wconf 86' lang='lat' dir='ltr'>places:</span> <span class='ocrx_word' id='word_1_154' title='bbox 1280 1132 1341 1172; x_wconf 91' lang='lat' dir='ltr'>ama</span> <span class='ocrx_word' id='word_1_155' title='bbox 1361 1119 1433 1175; x_wconf 91' lang='lat' dir='ltr'>unde</span> <span class='ocrx_word' id='word_1_156' title='bbox 1448 1121 1549 1191; x_wconf 90' lang='lat' dir='ltr'>places,</span> <span class='ocrx_word' id='word_1_157' title='bbox 1563 1139 1624 1180; x_wconf 91' lang='lat' dir='ltr'>ama</span> <span class='ocrx_word' id='word_1_158' title='bbox 1638 1140 1704 1182; x_wconf 93' lang='lat' dir='ltr'>con·</span> 
     </span>
     <span class='ocr_line' id='line_1_12' title="bbox 51 1198 1705 1280; baseline 0.008 -25"><span class='ocrx_word' id='word_1_159' title='bbox 51 1200 193 1275; x_wconf 69' lang='lat' dir='ltr'>gloriola:</span> <span class='ocrx_word' id='word_1_160' title='bbox 210 1208 238 1256; x_wconf 88' lang='grc' dir='ltr'>ιι</span> <span class='ocrx_word' id='word_1_161' title='bbox 261 1201 331 1274; x_wconf 90' lang='lat' dir='ltr'>spei,</span> <span class='ocrx_word' id='word_1_162' title='bbox 346 1217 406 1272; x_wconf 83' lang='lat' dir='ltr'>quae</span> <span class='ocrx_word' id='word_1_163' title='bbox 431 1217 486 1257; x_wconf 92' lang='lat' dir='ltr'>non</span> <span class='ocrx_word' id='word_1_164' title='bbox 509 1203 657 1272; x_wconf 91' lang='lat' dir='ltr'>confundit,</span> <span class='ocrx_word' id='word_1_165' title='bbox 673 1201 796 1258; x_wconf 84' lang='lat' dir='ltr'>innitere.</span> <span class='ocrx_word' id='word_1_166' title='bbox 813 1202 852 1256; x_wconf 84' lang='lat' dir='ltr'>Tu</span> <span class='ocrx_word' id='word_1_167' title='bbox 904 1198 1062 1271; x_wconf 75' lang='lat' dir='ltr'>tersionem,</span> <span class='ocrx_word' id='word_1_168' title='bbox 1078 1204 1114 1259; x_wconf 94' lang='lat' dir='ltr'>ob</span> <span class='ocrx_word' id='word_1_169' title='bbox 1128 1220 1211 1274; x_wconf 90' lang='lat' dir='ltr'>quam</span> <span class='ocrx_word' id='word_1_170' title='bbox 1228 1212 1350 1263; x_wconf 87' lang='lat' dir='ltr'>amaris:</span> <span class='ocrx_word' id='word_1_171' title='bbox 1373 1223 1433 1263; x_wconf 90' lang='lat' dir='ltr'>ama</span> <span class='ocrx_word' id='word_1_172' title='bbox 1454 1210 1665 1280; x_wconf 87' lang='lat' dir='ltr'>confessionem,</span> <span class='ocrx_word' id='word_1_173' title='bbox 1682 1215 1705 1271; x_wconf 91' lang='lat' dir='ltr'>si</span> 
     </span>
     <span class='ocr_line' id='line_1_13' title="bbox 52 1288 1704 1378; baseline 0.007 -31"><span class='ocrx_word' id='word_1_174' title='bbox 52 1299 88 1355; x_wconf 87' lang='lat' dir='ltr'>tc,</span> <span class='ocrx_word' id='word_1_175' title='bbox 107 1290 234 1361; x_wconf 89' lang='lat' dir='ltr'>inquam,</span> <span class='ocrx_word' id='word_1_176' title='bbox 258 1289 283 1345; x_wconf 92' lang='lat' dir='ltr'>ei</span> <span class='ocrx_word' id='word_1_177' title='bbox 306 1291 378 1361; x_wconf 88' lang='lat' dir='ltr'>quod</span> <span class='ocrx_word' id='word_1_178' title='bbox 402 1290 484 1347; x_wconf 90' lang='lat' dir='ltr'>breve</span> <span class='ocrx_word' id='word_1_179' title='bbox 508 1292 560 1347; x_wconf 92' lang='lat' dir='ltr'>hoo</span> <span class='ocrx_word' id='word_1_180' title='bbox 580 1307 612 1347; x_wconf 88' lang='lat' dir='ltr'>ac</span> <span class='ocrx_word' id='word_1_181' title='bbox 635 1298 852 1348; x_wconf 89' lang='lat' dir='ltr'>momentaneum</span> <span class='ocrx_word' id='word_1_182' title='bbox 904 1288 1015 1345; x_wconf 85' lang='lat' dir='ltr'>affectas</span> <span class='ocrx_word' id='word_1_183' title='bbox 1029 1291 1164 1347; x_wconf 89' lang='lat' dir='ltr'>decorem.</span> <span class='ocrx_word' id='word_1_184' title='bbox 1181 1294 1353 1351; x_wconf 79' lang='lat' dir='ltr'>confessioni</span> <span class='ocrx_word' id='word_1_185' title='bbox 1365 1298 1492 1370; x_wconf 80' lang='lat' dir='ltr'>junqitur</span> <span class='ocrx_word' id='word_1_186' title='bbox 1507 1300 1600 1366; x_wconf 89' lang='lat' dir='ltr'>decor,</span> <span class='ocrx_word' id='word_1_187' title='bbox 1609 1304 1704 1378; x_wconf 76' lang='lat' dir='ltr'>jungi·</span> 
     </span>
     <span class='ocr_line' id='line_1_14' title="bbox 53 1377 1704 1460; baseline 0.007 -27"><span class='ocrx_word' id='word_1_188' title='bbox 53 1377 238 1435; x_wconf 85' lang='lat' dir='ltr'>tribulationis</span> <span class='ocrx_word' id='word_1_189' title='bbox 251 1387 304 1434; x_wconf 77' lang='lat' dir='ltr'>tuae</span> <span class='ocrx_word' id='word_1_190' title='bbox 318 1393 402 1449; x_wconf 89' lang='lat' dir='ltr'>supra</span> <span class='ocrx_word' id='word_1_191' title='bbox 417 1380 526 1436; x_wconf 91' lang='lat' dir='ltr'>modurn</span> <span class='ocrx_word' id='word_1_192' title='bbox 541 1380 570 1435; x_wconf 93' lang='lat' dir='ltr'>in</span> <span class='ocrx_word' id='word_1_193' title='bbox 589 1380 704 1435; x_wconf 91' lang='lat' dir='ltr'>sublime</span> <span class='ocrx_word' id='word_1_194' title='bbox 717 1388 854 1451; x_wconf 89' lang='lat' dir='ltr'>operatur,</span> <span class='ocrx_word' id='word_1_195' title='bbox 904 1382 949 1432; x_wconf 91' lang='lat' dir='ltr'>tur</span> <span class='ocrx_word' id='word_1_196' title='bbox 962 1378 1145 1447; x_wconf 88' lang='lat' dir='ltr'>pulchritudo.</span> <span class='ocrx_word' id='word_1_197' title='bbox 1160 1383 1248 1438; x_wconf 86' lang='lat' dir='ltr'>Habes</span> <span class='ocrx_word' id='word_1_198' title='bbox 1263 1391 1409 1458; x_wconf 89' lang='lat' dir='ltr'>utrumque</span> <span class='ocrx_word' id='word_1_199' title='bbox 1426 1405 1433 1441; x_wconf 76' lang='grc' dir='ltr'>ι</span> <span class='ocrx_word' id='word_1_200' title='bbox 1455 1389 1663 1460; x_wconf 77' lang='lat' dir='ltr'>Confessionem</span> <span class='ocrx_word' id='word_1_201' title='bbox 1677 1397 1704 1450; x_wconf 84' lang='lat' dir='ltr'>ei</span> 
     </span>
     <span class='ocr_line' id='line_1_15' title="bbox 52 1465 1705 1554; baseline 0.01 -32"><span class='ocrx_word' id='word_1_202' title='bbox 52 1466 171 1540; x_wconf 86' lang='lat' dir='ltr'>ponderi</span> <span class='ocrx_word' id='word_1_203' title='bbox 182 1465 276 1539; x_wconf 72' lang='lat' dir='ltr'>glorie</span> <span class='ocrx_word' id='word_1_204' title='bbox 291 1476 436 1524; x_wconf 86' lang='lat' dir='ltr'>reservato.</span> <span class='ocrx_word' id='word_1_205' title='bbox 452 1467 530 1536; x_wconf 85' lang='lat' dir='ltr'>Quod</span> <span class='ocrx_word' id='word_1_206' title='bbox 546 1470 568 1524; x_wconf 92' lang='lat' dir='ltr'>si</span> <span class='ocrx_word' id='word_1_207' title='bbox 584 1468 631 1525; x_wconf 91' lang='lat' dir='ltr'>tibi</span> <span class='ocrx_word' id='word_1_208' title='bbox 645 1470 855 1540; x_wconf 82' lang='lat' dir='ltr'>exprobaverint</span> <span class='ocrx_word' id='word_1_209' title='bbox 904 1467 1029 1524; x_wconf 89' lang='lat' dir='ltr'>decorem</span> <span class='ocrx_word' id='word_1_210' title='bbox 1040 1469 1162 1526; x_wconf 82' lang='lat' dir='ltr'>induisti</span> <span class='ocrx_word' id='word_1_211' title='bbox 1171 1471 1258 1542; x_wconf 84' lang='lat' dir='ltr'>(Psoi.</span> <span class='ocrx_word' id='word_1_212' title='bbox 1271 1488 1331 1540; x_wconf 90' lang='lat' dir='ltr'>orn,</span> <span class='ocrx_word' id='word_1_213' title='bbox 1345 1474 1385 1545; x_wconf 85' lang='lat' dir='ltr'>l);</span> <span class='ocrx_word' id='word_1_214' title='bbox 1397 1484 1423 1530; x_wconf 89' lang='lat' dir='ltr'>et</span> <span class='ocrx_word' id='word_1_215' title='bbox 1435 1493 1442 1529; x_wconf 78' lang='lat' dir='ltr'><strong><em>z</em></strong></span> <span class='ocrx_word' id='word_1_216' title='bbox 1456 1476 1596 1548; x_wconf 76' lang='lat' dir='ltr'>Confessio</span> <span class='ocrx_word' id='word_1_217' title='bbox 1606 1485 1634 1538; x_wconf 90' lang='lat' dir='ltr'>et</span> <span class='ocrx_word' id='word_1_218' title='bbox 1642 1483 1705 1554; x_wconf 83' lang='lat' dir='ltr'>pul·</span> 
     </span>
     <span class='ocr_line' id='line_1_16' title="bbox 53 1554 1704 1637; baseline 0.004 -26"><span class='ocrx_word' id='word_1_219' title='bbox 53 1556 118 1612; x_wconf 81' lang='lat' dir='ltr'>tiliae</span> <span class='ocrx_word' id='word_1_220' title='bbox 132 1557 226 1626; x_wconf 86' lang='lat' dir='ltr'>Belial,</span> <span class='ocrx_word' id='word_1_221' title='bbox 242 1557 293 1612; x_wconf 80' lang='lat' dir='ltr'>illm</span> <span class='ocrx_word' id='word_1_222' title='bbox 311 1573 372 1628; x_wconf 84' lang='lat' dir='ltr'>quae</span> <span class='ocrx_word' id='word_1_223' title='bbox 396 1566 505 1613; x_wconf 83' lang='lat' dir='ltr'>extento</span> <span class='ocrx_word' id='word_1_224' title='bbox 528 1559 599 1615; x_wconf 91' lang='lat' dir='ltr'>collo</span> <span class='ocrx_word' id='word_1_225' title='bbox 620 1558 712 1615; x_wconf 91' lang='lat' dir='ltr'>fractis</span> <span class='ocrx_word' id='word_1_226' title='bbox 726 1558 854 1613; x_wconf 89' lang='lat' dir='ltr'>incedunt</span> <span class='ocrx_word' id='word_1_227' title='bbox 906 1554 1036 1613; x_wconf 84' lang='lat' dir='ltr'>chritndo</span> <span class='ocrx_word' id='word_1_228' title='bbox 1046 1559 1304 1632; x_wconf 81' lang='lat' dir='ltr'>inconspectuejas</span> <span class='ocrx_word' id='word_1_229' title='bbox 1319 1564 1404 1634; x_wconf 82' lang='lat' dir='ltr'>(Prot.</span> <span class='ocrx_word' id='word_1_230' title='bbox 1419 1579 1486 1635; x_wconf 87' lang='lat' dir='ltr'>xcv,</span> <span class='ocrx_word' id='word_1_231' title='bbox 1496 1567 1535 1637; x_wconf 86' lang='grc'>6).</span> <span class='ocrx_word' id='word_1_232' title='bbox 1547 1568 1704 1625; x_wconf 78' lang='lat' dir='ltr'>fleveraubi</span> 
     </span>
     <span class='ocr_line' id='line_1_17' title="bbox 53 1643 1702 1738; baseline 0.007 -37"><span class='ocrx_word' id='word_1_233' title='bbox 53 1643 205 1719; x_wconf 67' lang='lat' dir='ltr'>gressibus,</span> <span class='ocrx_word' id='word_1_234' title='bbox 225 1645 384 1717; x_wconf 75' lang='lat' dir='ltr'>composite</span> <span class='ocrx_word' id='word_1_235' title='bbox 397 1655 424 1700; x_wconf 89' lang='lat' dir='ltr'>et</span> <span class='ocrx_word' id='word_1_236' title='bbox 443 1645 649 1703; x_wconf 73' lang='lat' dir='ltr'>circumornata</span> <span class='ocrx_word' id='word_1_237' title='bbox 663 1657 693 1702; x_wconf 92' lang='grc' dir='ltr'>ιι</span> <span class='ocrx_word' id='word_1_238' title='bbox 707 1646 854 1703; x_wconf 88' lang='lat' dir='ltr'>similitudo</span> <span class='ocrx_word' id='word_1_239' title='bbox 870 1643 1048 1738; x_wconf 62' lang='lat' dir='ltr'>&#39;confessim</span> <span class='ocrx_word' id='word_1_240' title='bbox 1058 1644 1096 1699; x_wconf 92' lang='lat' dir='ltr'>ibi</span> <span class='ocrx_word' id='word_1_241' title='bbox 1113 1647 1295 1719; x_wconf 86' lang='lat' dir='ltr'>pulchritudo,</span> <span class='ocrx_word' id='word_1_242' title='bbox 1306 1649 1344 1706; x_wconf 90' lang='lat' dir='ltr'>ibi</span> <span class='ocrx_word' id='word_1_243' title='bbox 1357 1652 1449 1708; x_wconf 90' lang='lat' dir='ltr'>decor.</span> <span class='ocrx_word' id='word_1_244' title='bbox 1463 1653 1490 1708; x_wconf 88' lang='lat' dir='ltr'>Si</span> <span class='ocrx_word' id='word_1_245' title='bbox 1505 1664 1614 1724; x_wconf 82' lang='lat' dir='ltr'>peccata</span> <span class='ocrx_word' id='word_1_246' title='bbox 1629 1666 1702 1724; x_wconf 91' lang='lat' dir='ltr'>sunt,</span> 
     </span>
     <span class='ocr_line' id='line_1_18' title="bbox 54 1732 1705 1814; baseline 0.008 -26"><span class='ocrx_word' id='word_1_247' title='bbox 54 1732 169 1804; x_wconf 79' lang='lat' dir='ltr'>templi3</span> <span class='ocrx_word' id='word_1_248' title='bbox 186 1736 344 1806; x_wconf 87' lang='lat' dir='ltr'>responde:</span> <span class='ocrx_word' id='word_1_249' title='bbox 365 1734 491 1806; x_wconf 72' lang='lat' dir='ltr'>Regnum</span> <span class='ocrx_word' id='word_1_250' title='bbox 512 1752 603 1792; x_wconf 90' lang='lat' dir='ltr'>meum</span> <span class='ocrx_word' id='word_1_251' title='bbox 627 1751 680 1792; x_wconf 92' lang='lat' dir='ltr'>non</span> <span class='ocrx_word' id='word_1_252' title='bbox 699 1744 740 1790; x_wconf 89' lang='lat' dir='ltr'>est</span> <span class='ocrx_word' id='word_1_253' title='bbox 754 1735 787 1791; x_wconf 91' lang='lat' dir='ltr'>de</span> <span class='ocrx_word' id='word_1_254' title='bbox 802 1736 854 1792; x_wconf 93' lang='lat' dir='ltr'>hoc</span> <span class='ocrx_word' id='word_1_255' title='bbox 907 1733 936 1787; x_wconf 93' lang='lat' dir='ltr'>in</span> <span class='ocrx_word' id='word_1_256' title='bbox 950 1732 1121 1791; x_wconf 88' lang='lat' dir='ltr'>confessione</span> <span class='ocrx_word' id='word_1_257' title='bbox 1134 1735 1257 1792; x_wconf 88' lang='lat' dir='ltr'>lavantur</span> <span class='ocrx_word' id='word_1_258' title='bbox 1272 1756 1279 1792; x_wconf 81' lang='lat' dir='ltr'><strong><em>z</em></strong></span> <span class='ocrx_word' id='word_1_259' title='bbox 1297 1740 1319 1794; x_wconf 91' lang='lat' dir='ltr'>si</span> <span class='ocrx_word' id='word_1_260' title='bbox 1340 1741 1410 1795; x_wconf 91' lang='lat' dir='ltr'>bona</span> <span class='ocrx_word' id='word_1_261' title='bbox 1423 1757 1518 1814; x_wconf 88' lang='lat' dir='ltr'>opera,</span> <span class='ocrx_word' id='word_1_262' title='bbox 1534 1744 1705 1802; x_wconf 89' lang='lat' dir='ltr'>confessione</span> 
     </span>
     <span class='ocr_line' id='line_1_19' title="bbox 53 1821 1706 1897; baseline 0.007 -20"><span class='ocrx_word' id='word_1_263' title='bbox 53 1822 173 1892; x_wconf 88' lang='lat' dir='ltr'>mundo;</span> <span class='ocrx_word' id='word_1_264' title='bbox 186 1821 320 1893; x_wconf 84' lang='lat' dir='ltr'>responde</span> <span class='ocrx_word' id='word_1_265' title='bbox 336 1841 343 1878; x_wconf 92' lang='lat'>:</span> <span class='ocrx_word' id='word_1_266' title='bbox 361 1824 480 1894; x_wconf 86' lang='lat' dir='ltr'>Tempus</span> <span class='ocrx_word' id='word_1_267' title='bbox 495 1839 586 1882; x_wconf 90' lang='lat' dir='ltr'>meum</span> <span class='ocrx_word' id='word_1_268' title='bbox 600 1825 719 1881; x_wconf 91' lang='lat' dir='ltr'>nondum</span> <span class='ocrx_word' id='word_1_269' title='bbox 734 1825 853 1890; x_wconf 87' lang='lat' dir='ltr'>advenit,</span> <span class='ocrx_word' id='word_1_270' title='bbox 906 1823 1139 1879; x_wconf 89' lang='lat' dir='ltr'>commendantur.</span> <span class='ocrx_word' id='word_1_271' title='bbox 1150 1825 1218 1880; x_wconf 92' lang='lat' dir='ltr'>Cum</span> <span class='ocrx_word' id='word_1_272' title='bbox 1232 1826 1304 1882; x_wconf 88' lang='lat' dir='ltr'>mala</span> <span class='ocrx_word' id='word_1_273' title='bbox 1319 1835 1364 1885; x_wconf 88' lang='lat' dir='ltr'>tua</span> <span class='ocrx_word' id='word_1_274' title='bbox 1380 1831 1527 1897; x_wconf 81' lang='lat' dir='ltr'>confiteris,</span> <span class='ocrx_word' id='word_1_275' title='bbox 1544 1833 1706 1889; x_wconf 88' lang='lat' dir='ltr'>sacrificium</span> 
     </span>
     <span class='ocr_line' id='line_1_20' title="bbox 54 1911 1708 1991; baseline 0.008 -27"><span class='ocrx_word' id='word_1_276' title='bbox 54 1920 162 1980; x_wconf 89' lang='lat' dir='ltr'>tempus</span> <span class='ocrx_word' id='word_1_277' title='bbox 186 1920 275 1966; x_wconf 87' lang='lat' dir='ltr'>autem</span> <span class='ocrx_word' id='word_1_278' title='bbox 298 1922 417 1966; x_wconf 85' lang='lat' dir='ltr'>restrum</span> <span class='ocrx_word' id='word_1_279' title='bbox 440 1928 548 1984; x_wconf 80' lang='lat' dir='ltr'>semper</span> <span class='ocrx_word' id='word_1_280' title='bbox 569 1922 610 1969; x_wconf 86' lang='lat' dir='ltr'>est</span> <span class='ocrx_word' id='word_1_281' title='bbox 626 1920 747 1986; x_wconf 89' lang='lat' dir='ltr'>paratum</span> <span class='ocrx_word' id='word_1_282' title='bbox 774 1932 781 1968; x_wconf 95' lang='lat'><strong>:</strong></span> <span class='ocrx_word' id='word_1_283' title='bbox 810 1931 855 1971; x_wconf 87' lang='lat' dir='ltr'>re·</span> <span class='ocrx_word' id='word_1_284' title='bbox 907 1918 948 1967; x_wconf 93' lang='lat' dir='ltr'>est</span> <span class='ocrx_word' id='word_1_285' title='bbox 964 1911 1021 1967; x_wconf 88' lang='lat' dir='ltr'>Deo</span> <span class='ocrx_word' id='word_1_286' title='bbox 1041 1911 1151 1983; x_wconf 91' lang='lat' dir='ltr'>spiritus</span> <span class='ocrx_word' id='word_1_287' title='bbox 1172 1914 1391 1973; x_wconf 88' lang='lat' dir='ltr'>contribulatus:</span> <span class='ocrx_word' id='word_1_288' title='bbox 1417 1933 1480 1973; x_wconf 91' lang='lat' dir='ltr'>cum</span> <span class='ocrx_word' id='word_1_289' title='bbox 1503 1921 1551 1976; x_wconf 87' lang='lat' dir='ltr'>Dei</span> <span class='ocrx_word' id='word_1_290' title='bbox 1566 1921 1708 1991; x_wconf 86' lang='lat' dir='ltr'>beneficia,</span> 
     </span>
     <span class='ocr_line' id='line_1_21' title="bbox 55 1998 1711 2069; baseline 0.009 -17"><span class='ocrx_word' id='word_1_291' title='bbox 55 1998 186 2069; x_wconf 89' lang='lat' dir='ltr'>sponde:</span> <span class='ocrx_word' id='word_1_292' title='bbox 203 1999 296 2056; x_wconf 87' lang='lat' dir='ltr'>Gloria</span> <span class='ocrx_word' id='word_1_293' title='bbox 309 2016 371 2056; x_wconf 90' lang='lat' dir='ltr'>mea</span> <span class='ocrx_word' id='word_1_294' title='bbox 388 2001 543 2058; x_wconf 87' lang='lat' dir='ltr'>abscondita</span> <span class='ocrx_word' id='word_1_295' title='bbox 562 2012 604 2058; x_wconf 89' lang='lat' dir='ltr'>est</span> <span class='ocrx_word' id='word_1_296' title='bbox 622 2018 682 2057; x_wconf 92' lang='lat' dir='ltr'>cum</span> <span class='ocrx_word' id='word_1_297' title='bbox 701 2002 809 2058; x_wconf 88' lang='lat' dir='ltr'>Christo</span> <span class='ocrx_word' id='word_1_298' title='bbox 827 2002 856 2057; x_wconf 94' lang='lat' dir='ltr'>in</span> <span class='ocrx_word' id='word_1_299' title='bbox 908 2001 1034 2056; x_wconf 90' lang='lat' dir='ltr'>immolas</span> <span class='ocrx_word' id='word_1_300' title='bbox 1055 2001 1112 2058; x_wconf 90' lang='lat' dir='ltr'>Deo</span> <span class='ocrx_word' id='word_1_301' title='bbox 1137 2001 1298 2059; x_wconf 86' lang='lat' dir='ltr'>sacrificinm</span> <span class='ocrx_word' id='word_1_302' title='bbox 1316 2005 1411 2061; x_wconf 88' lang='lat' dir='ltr'>laudis.</span> <span class='ocrx_word' id='word_1_303' title='bbox 1427 2008 1533 2064; x_wconf 87' lang='lat' dir='ltr'>Bonum</span> <span class='ocrx_word' id='word_1_304' title='bbox 1549 2009 1645 2067; x_wconf 82' lang='lat' dir='ltr'>animae</span> <span class='ocrx_word' id='word_1_305' title='bbox 1660 2028 1711 2067; x_wconf 91' lang='lat' dir='ltr'>or-</span> 
     </span>
     <span class='ocr_line' id='line_1_22' title="bbox 55 2088 1711 2174; baseline 0.005 -33"><span class='ocrx_word' id='word_1_306' title='bbox 55 2088 134 2156; x_wconf 89' lang='lat' dir='ltr'>Deo;</span> <span class='ocrx_word' id='word_1_307' title='bbox 150 2097 315 2145; x_wconf 83' lang='lat' dir='ltr'>comentem</span> <span class='ocrx_word' id='word_1_308' title='bbox 329 2089 452 2146; x_wconf 90' lang='lat' dir='ltr'>Christus</span> <span class='ocrx_word' id='word_1_309' title='bbox 466 2090 620 2161; x_wconf 88' lang='lat' dir='ltr'>apparuerit</span> <span class='ocrx_word' id='word_1_310' title='bbox 633 2091 688 2147; x_wconf 89' lang='lat' dir='ltr'>vita</span> <span class='ocrx_word' id='word_1_311' title='bbox 706 2105 778 2155; x_wconf 90' lang='lat' dir='ltr'>mea,</span> <span class='ocrx_word' id='word_1_312' title='bbox 795 2098 857 2146; x_wconf 91' lang='lat' dir='ltr'>tunc</span> <span class='ocrx_word' id='word_1_313' title='bbox 908 2095 1066 2144; x_wconf 83' lang='lat' dir='ltr'>nomentum</span> <span class='ocrx_word' id='word_1_314' title='bbox 1088 2090 1233 2157; x_wconf 88' lang='lat' dir='ltr'>confessio,</span> <span class='ocrx_word' id='word_1_315' title='bbox 1250 2109 1311 2164; x_wconf 85' lang='lat' dir='ltr'>quae</span> <span class='ocrx_word' id='word_1_316' title='bbox 1334 2101 1361 2148; x_wconf 91' lang='lat' dir='ltr'>et</span> <span class='ocrx_word' id='word_1_317' title='bbox 1379 2104 1546 2165; x_wconf 89' lang='lat' dir='ltr'>peccatorem</span> <span class='ocrx_word' id='word_1_318' title='bbox 1560 2107 1668 2174; x_wconf 75' lang='lat' dir='ltr'>purgat,</span> <span class='ocrx_word' id='word_1_319' title='bbox 1683 2107 1711 2156; x_wconf 81' lang='lat' dir='ltr'>er</span> 
     </span>
     <span class='ocr_line' id='line_1_23' title="bbox 56 2174 1711 2258; baseline -0.002 -25"><span class='ocrx_word' id='word_1_320' title='bbox 56 2185 83 2233; x_wconf 90' lang='lat' dir='ltr'>et</span> <span class='ocrx_word' id='word_1_321' title='bbox 97 2192 153 2249; x_wconf 79' lang='lat' dir='ltr'>ego</span> <span class='ocrx_word' id='word_1_322' title='bbox 167 2178 303 2249; x_wconf 87' lang='lat' dir='ltr'>apparebo</span> <span class='ocrx_word' id='word_1_323' title='bbox 317 2194 380 2234; x_wconf 91' lang='lat' dir='ltr'>cnm</span> <span class='ocrx_word' id='word_1_324' title='bbox 403 2180 461 2249; x_wconf 88' lang='lat' dir='ltr'>ipso</span> <span class='ocrx_word' id='word_1_325' title='bbox 480 2181 508 2234; x_wconf 89' lang='lat' dir='ltr'>in</span> <span class='ocrx_word' id='word_1_326' title='bbox 526 2178 611 2253; x_wconf 73' lang='lat' dir='ltr'>gloria</span> <span class='ocrx_word' id='word_1_327' title='bbox 626 2180 740 2252; x_wconf 79' lang='lat' dir='ltr'>(Colore.</span> <span class='ocrx_word' id='word_1_328' title='bbox 757 2195 799 2244; x_wconf 91' lang='lat' dir='ltr'>ur,</span> <span class='ocrx_word' id='word_1_329' title='bbox 814 2178 854 2250; x_wconf 82' lang='lat' dir='ltr'>i).</span> <span class='ocrx_word' id='word_1_330' title='bbox 904 2174 1008 2242; x_wconf 86' lang='lat' dir='ltr'>justum</span> <span class='ocrx_word' id='word_1_331' title='bbox 1033 2176 1119 2232; x_wconf 90' lang='lat' dir='ltr'>reddit</span> <span class='ocrx_word' id='word_1_332' title='bbox 1137 2178 1333 2251; x_wconf 81' lang='lat' dir='ltr'>purgatiorem.</span> <span class='ocrx_word' id='word_1_333' title='bbox 1358 2183 1468 2254; x_wconf 73' lang='lat' dir='ltr'>Absque</span> <span class='ocrx_word' id='word_1_334' title='bbox 1482 2184 1654 2243; x_wconf 88' lang='lat' dir='ltr'>confessione</span> <span class='ocrx_word' id='word_1_335' title='bbox 1666 2191 1711 2258; x_wconf 73' lang='lat' dir='ltr'>ju.</span> 
     </span>
     <span class='ocr_line' id='line_1_24' title="bbox 57 2264 1712 2349; baseline -0.001 -28"><span class='ocrx_word' id='word_1_336' title='bbox 57 2264 220 2338; x_wconf 86' lang='lat' dir='ltr'>Quanquam</span> <span class='ocrx_word' id='word_1_337' title='bbox 245 2268 309 2324; x_wconf 89' lang='lat' dir='ltr'>etsi</span> <span class='ocrx_word' id='word_1_338' title='bbox 332 2268 444 2340; x_wconf 79' lang='lat' dir='ltr'>gloriari</span> <span class='ocrx_word' id='word_1_339' title='bbox 470 2276 587 2339; x_wconf 86' lang='lat' dir='ltr'>oportet,</span> <span class='ocrx_word' id='word_1_340' title='bbox 603 2277 681 2339; x_wconf 86' lang='lat' dir='ltr'>potes</span> <span class='ocrx_word' id='word_1_341' title='bbox 703 2279 729 2324; x_wconf 93' lang='lat' dir='ltr'>tu</span> <span class='ocrx_word' id='word_1_342' title='bbox 750 2283 856 2340; x_wconf 90' lang='lat' dir='ltr'>quoque</span> <span class='ocrx_word' id='word_1_343' title='bbox 907 2272 965 2320; x_wconf 91' lang='lat' dir='ltr'>stus</span> <span class='ocrx_word' id='word_1_344' title='bbox 976 2265 1113 2335; x_wconf 80' lang='lat' dir='ltr'>judicetur</span> <span class='ocrx_word' id='word_1_345' title='bbox 1126 2265 1259 2338; x_wconf 75' lang='lat' dir='ltr'>ingratus,</span> <span class='ocrx_word' id='word_1_346' title='bbox 1279 2279 1307 2324; x_wconf 90' lang='grc' dir='ltr'>ιι</span> <span class='ocrx_word' id='word_1_347' title='bbox 1322 2281 1449 2341; x_wconf 85' lang='grc' dir='ltr'>ριιιιιιι</span> <span class='ocrx_word' id='word_1_348' title='bbox 1463 2282 1585 2330; x_wconf 90' lang='lat' dir='ltr'>mortuus</span> <span class='ocrx_word' id='word_1_349' title='bbox 1606 2285 1712 2349; x_wconf 66' lang='lat' dir='ltr'>reputa.</span> 
     </span>
     <span class='ocr_line' id='line_1_25' title="bbox 58 2354 1712 2435; baseline 0.004 -25"><span class='ocrx_word' id='word_1_350' title='bbox 58 2356 189 2428; x_wconf 77' lang='lat' dir='ltr'>ingenue,</span> <span class='ocrx_word' id='word_1_351' title='bbox 214 2366 292 2427; x_wconf 86' lang='lat' dir='ltr'>potes</span> <span class='ocrx_word' id='word_1_352' title='bbox 314 2372 418 2427; x_wconf 88' lang='lat' dir='ltr'>secure,</span> <span class='ocrx_word' id='word_1_353' title='bbox 434 2363 537 2412; x_wconf 89' lang='lat' dir='ltr'>tantum</span> <span class='ocrx_word' id='word_1_354' title='bbox 563 2357 590 2413; x_wconf 92' lang='lat' dir='ltr'>in</span> <span class='ocrx_word' id='word_1_355' title='bbox 613 2359 738 2414; x_wconf 89' lang='lat' dir='ltr'>Domino.</span> <span class='ocrx_word' id='word_1_356' title='bbox 754 2356 858 2415; x_wconf 87' lang='lat' dir='ltr'>Omitto</span> <span class='ocrx_word' id='word_1_357' title='bbox 910 2357 961 2411; x_wconf 89' lang='lat' dir='ltr'>tur.</span> <span class='ocrx_word' id='word_1_358' title='bbox 975 2357 999 2408; x_wconf 80' lang='lat' dir='ltr'>h</span> <span class='ocrx_word' id='word_1_359' title='bbox 1013 2362 1121 2409; x_wconf 91' lang='lat' dir='ltr'>mortuo</span> <span class='ocrx_word' id='word_1_360' title='bbox 1143 2354 1257 2428; x_wconf 91' lang='lat' dir='ltr'>quippe,</span> <span class='ocrx_word' id='word_1_361' title='bbox 1274 2364 1401 2429; x_wconf 86' lang='lat' dir='ltr'>tanquam</span> <span class='ocrx_word' id='word_1_362' title='bbox 1425 2361 1547 2430; x_wconf 92' lang='lat' dir='ltr'>quinon</span> <span class='ocrx_word' id='word_1_363' title='bbox 1571 2364 1616 2433; x_wconf 87' lang='lat' dir='ltr'>sit,</span> <span class='ocrx_word' id='word_1_364' title='bbox 1642 2367 1712 2435; x_wconf 84' lang='lat' dir='ltr'>perit</span> 
     </span>
     <span class='ocr_line' id='line_1_26' title="bbox 59 2441 1713 2524; baseline -0.001 -25"><span class='ocrx_word' id='word_1_365' title='bbox 59 2459 124 2499; x_wconf 87' lang='lat' dir='ltr'>sane</span> <span class='ocrx_word' id='word_1_366' title='bbox 142 2458 288 2511; x_wconf 92' lang='lat' dir='ltr'>coronam,</span> <span class='ocrx_word' id='word_1_367' title='bbox 312 2461 392 2516; x_wconf 86' lang='lat' dir='ltr'>quam</span> <span class='ocrx_word' id='word_1_368' title='bbox 421 2445 469 2500; x_wconf 92' lang='lat' dir='ltr'>tibi</span> <span class='ocrx_word' id='word_1_369' title='bbox 495 2445 628 2501; x_wconf 89' lang='lat' dir='ltr'>Dominus</span> <span class='ocrx_word' id='word_1_370' title='bbox 651 2446 811 2517; x_wconf 71' lang='lat' dir='ltr'>preparavit</span> <span class='ocrx_word' id='word_1_371' title='bbox 831 2445 858 2500; x_wconf 91' lang='lat' dir='ltr'>iu</span> <span class='ocrx_word' id='word_1_372' title='bbox 910 2441 1047 2497; x_wconf 90' lang='lat' dir='ltr'>confessio</span> <span class='ocrx_word' id='word_1_373' title='bbox 1070 2443 1168 2513; x_wconf 81' lang='lat' dir='ltr'>(tiocli.</span> <span class='ocrx_word' id='word_1_374' title='bbox 1184 2459 1255 2513; x_wconf 80' lang='lat' dir='ltr'>svn,</span> <span class='ocrx_word' id='word_1_375' title='bbox 1272 2446 1329 2514; x_wconf 75' lang='grc' dir='ltr'>ιι).</span> <span class='ocrx_word' id='word_1_376' title='bbox 1345 2446 1488 2504; x_wconf 78' lang='lat' dir='ltr'>Confessio</span> <span class='ocrx_word' id='word_1_377' title='bbox 1504 2449 1597 2522; x_wconf 77' lang='lat' dir='ltr'>igitur,</span> <span class='ocrx_word' id='word_1_378' title='bbox 1614 2467 1713 2524; x_wconf 69' lang='lat' dir='ltr'>peona.</span> 
     </span>
     <span class='ocr_line' id='line_1_27' title="bbox 60 2527 1714 2612; baseline 0.005 -23"><span class='ocrx_word' id='word_1_379' title='bbox 60 2541 204 2589; x_wconf 85' lang='lat' dir='ltr'>aeternum.</span> <span class='ocrx_word' id='word_1_380' title='bbox 220 2532 292 2590; x_wconf 84' lang='lat' dir='ltr'>Sileo</span> <span class='ocrx_word' id='word_1_381' title='bbox 307 2533 540 2604; x_wconf 88' lang='lat' dir='ltr'>repromissiones,</span> <span class='ocrx_word' id='word_1_382' title='bbox 556 2551 616 2607; x_wconf 80' lang='lat' dir='ltr'>qne</span> <span class='ocrx_word' id='word_1_383' title='bbox 630 2543 656 2590; x_wconf 90' lang='lat' dir='ltr'>te</span> <span class='ocrx_word' id='word_1_384' title='bbox 674 2537 701 2590; x_wconf 93' lang='lat' dir='ltr'>in</span> <span class='ocrx_word' id='word_1_385' title='bbox 720 2543 857 2606; x_wconf 92' lang='lat' dir='ltr'>posterum</span> <span class='ocrx_word' id='word_1_386' title='bbox 913 2527 977 2583; x_wconf 90' lang='lat' dir='ltr'>toris</span> <span class='ocrx_word' id='word_1_387' title='bbox 995 2536 1035 2583; x_wconf 91' lang='lat' dir='ltr'>est</span> <span class='ocrx_word' id='word_1_388' title='bbox 1048 2528 1113 2594; x_wconf 88' lang='lat' dir='ltr'>rita,</span> <span class='ocrx_word' id='word_1_389' title='bbox 1134 2529 1202 2598; x_wconf 87' lang='lat' dir='ltr'>justi</span> <span class='ocrx_word' id='word_1_390' title='bbox 1222 2533 1332 2603; x_wconf 71' lang='lat' dir='ltr'>gloria:</span> <span class='ocrx_word' id='word_1_391' title='bbox 1352 2540 1379 2588; x_wconf 90' lang='lat' dir='ltr'>et</span> <span class='ocrx_word' id='word_1_392' title='bbox 1395 2537 1546 2592; x_wconf 89' lang='lat' dir='ltr'>necessaria</span> <span class='ocrx_word' id='word_1_393' title='bbox 1566 2547 1608 2595; x_wconf 90' lang='lat' dir='ltr'>est</span> <span class='ocrx_word' id='word_1_394' title='bbox 1620 2556 1714 2612; x_wconf 89' lang='lat' dir='ltr'>pecca·</span> 
     </span>
     <span class='ocr_line' id='line_1_28' title="bbox 60 2616 1714 2698; baseline 0.006 -22"><span class='ocrx_word' id='word_1_395' title='bbox 60 2628 172 2678; x_wconf 86' lang='lat' dir='ltr'>manent</span> <span class='ocrx_word' id='word_1_396' title='bbox 192 2623 286 2694; x_wconf 89' lang='lat' dir='ltr'>:quod</span> <span class='ocrx_word' id='word_1_397' title='bbox 306 2621 368 2679; x_wconf 84' lang='lat' dir='ltr'>felix</span> <span class='ocrx_word' id='word_1_398' title='bbox 389 2639 489 2696; x_wconf 88' lang='lat' dir='ltr'>sponsa</span> <span class='ocrx_word' id='word_1_399' title='bbox 512 2624 677 2680; x_wconf 89' lang='lat' dir='ltr'>admittenda</span> <span class='ocrx_word' id='word_1_400' title='bbox 695 2639 725 2680; x_wconf 88' lang='lat' dir='ltr'>es</span> <span class='ocrx_word' id='word_1_401' title='bbox 743 2624 859 2681; x_wconf 82' lang='lat' dir='ltr'>revelata</span> <span class='ocrx_word' id='word_1_402' title='bbox 914 2616 975 2682; x_wconf 89' lang='lat' dir='ltr'>tori,</span> <span class='ocrx_word' id='word_1_403' title='bbox 991 2626 1017 2671; x_wconf 90' lang='grc' dir='ltr'>ιι</span> <span class='ocrx_word' id='word_1_404' title='bbox 1034 2618 1136 2686; x_wconf 83' lang='lat' dir='ltr'>justum</span> <span class='ocrx_word' id='word_1_405' title='bbox 1160 2618 1343 2676; x_wconf 89' lang='lat' dir='ltr'>mihilominus</span> <span class='ocrx_word' id='word_1_406' title='bbox 1367 2622 1453 2679; x_wconf 90' lang='lat' dir='ltr'>decet.</span> <span class='ocrx_word' id='word_1_407' title='bbox 1479 2624 1603 2698; x_wconf 90' lang='lat' dir='ltr'>Denique</span> <span class='ocrx_word' id='word_1_408' title='bbox 1625 2638 1714 2686; x_wconf 88' lang='lat' dir='ltr'>rectos</span> 
     </span>
     <span class='ocr_line' id='line_1_29' title="bbox 61 2703 1713 2787; baseline 0.004 -22"><span class='ocrx_word' id='word_1_409' title='bbox 61 2711 129 2768; x_wconf 88' lang='lat' dir='ltr'>facie</span> <span class='ocrx_word' id='word_1_410' title='bbox 141 2711 276 2782; x_wconf 86' lang='lat' dir='ltr'>speculari</span> <span class='ocrx_word' id='word_1_411' title='bbox 287 2710 401 2784; x_wconf 73' lang='lat' dir='ltr'>gloriam</span> <span class='ocrx_word' id='word_1_412' title='bbox 417 2714 510 2786; x_wconf 94' lang='lat' dir='ltr'>sponsi</span> <span class='ocrx_word' id='word_1_413' title='bbox 520 2713 572 2772; x_wconf 87' lang='lat' dir='ltr'>tui:</span> <span class='ocrx_word' id='word_1_414' title='bbox 584 2713 658 2785; x_wconf 91' lang='lat' dir='ltr'>quod</span> <span class='ocrx_word' id='word_1_415' title='bbox 674 2721 700 2769; x_wconf 88' lang='lat' dir='ltr'>te</span> <span class='ocrx_word' id='word_1_416' title='bbox 714 2713 765 2768; x_wconf 90' lang='lat' dir='ltr'>sibi</span> <span class='ocrx_word' id='word_1_417' title='bbox 780 2713 859 2769; x_wconf 87' lang='lat' dir='ltr'>arrhi-</span> <span class='ocrx_word' id='word_1_418' title='bbox 913 2705 990 2760; x_wconf 65' lang='lat' dir='ltr'>decet</span> <span class='ocrx_word' id='word_1_419' title='bbox 1004 2703 1123 2762; x_wconf 85' lang='lat' dir='ltr'>laudatio</span> <span class='ocrx_word' id='word_1_420' title='bbox 1138 2705 1224 2776; x_wconf 60' lang='lat' dir='ltr'>(Pell.</span> <span class='ocrx_word' id='word_1_421' title='bbox 1241 2721 1332 2774; x_wconf 68' lang='lat'>¹¹¹⁰,</span> <span class='ocrx_word' id='word_1_422' title='bbox 1356 2710 1395 2778; x_wconf 87' lang='lat' dir='ltr'>i).</span> <span class='ocrx_word' id='word_1_423' title='bbox 1421 2710 1524 2778; x_wconf 87' lang='lat' dir='ltr'>Serica,</span> <span class='ocrx_word' id='word_1_424' title='bbox 1539 2721 1565 2768; x_wconf 90' lang='grc' dir='ltr'>ιι</span> <span class='ocrx_word' id='word_1_425' title='bbox 1583 2731 1713 2787; x_wconf 83' lang='grc' dir='ltr'>ριιριιι,</span> 
     </span>
     <span class='ocr_line' id='line_1_30' title="bbox 61 2792 1717 2876; baseline 0.002 -20"><span class='ocrx_word' id='word_1_426' title='bbox 61 2800 169 2856; x_wconf 84' lang='lat' dir='ltr'>bitures</span> <span class='ocrx_word' id='word_1_427' title='bbox 182 2806 224 2855; x_wconf 87' lang='lat' dir='ltr'>est</span> <span class='ocrx_word' id='word_1_428' title='bbox 242 2800 400 2873; x_wconf 78' lang='lat' dir='ltr'>gloriosam,</span> <span class='ocrx_word' id='word_1_429' title='bbox 415 2816 471 2857; x_wconf 91' lang='lat' dir='ltr'>non</span> <span class='ocrx_word' id='word_1_430' title='bbox 492 2802 635 2858; x_wconf 85' lang='lat' dir='ltr'>habentem</span> <span class='ocrx_word' id='word_1_431' title='bbox 657 2801 789 2858; x_wconf 87' lang='lat' dir='ltr'>maculam</span> <span class='ocrx_word' id='word_1_432' title='bbox 812 2809 860 2856; x_wconf 91' lang='lat' dir='ltr'>aut</span> <span class='ocrx_word' id='word_1_433' title='bbox 914 2799 941 2849; x_wconf 91' lang='lat' dir='ltr'>et</span> <span class='ocrx_word' id='word_1_434' title='bbox 956 2792 1133 2848; x_wconf 89' lang='lat' dir='ltr'>tincturarum</span> <span class='ocrx_word' id='word_1_435' title='bbox 1148 2793 1227 2850; x_wconf 92' lang='lat' dir='ltr'>fucus</span> <span class='ocrx_word' id='word_1_436' title='bbox 1240 2795 1366 2853; x_wconf 92' lang='lat' dir='ltr'>decorem</span> <span class='ocrx_word' id='word_1_437' title='bbox 1381 2799 1493 2868; x_wconf 91' lang='lat' dir='ltr'>babent,</span> <span class='ocrx_word' id='word_1_438' title='bbox 1509 2802 1628 2859; x_wconf 91' lang='lat' dir='ltr'>sednon</span> <span class='ocrx_word' id='word_1_439' title='bbox 1647 2821 1717 2876; x_wconf 78' lang='lat' dir='ltr'>prm·</span> 
     </span>
     <span class='ocr_line' id='line_1_31' title="bbox 62 2880 1715 2964; baseline 0.001 -19"><span class='ocrx_word' id='word_1_440' title='bbox 62 2904 168 2962; x_wconf 70' lang='lat' dir='ltr'>rugam,</span> <span class='ocrx_word' id='word_1_441' title='bbox 189 2899 235 2944; x_wconf 92' lang='lat' dir='ltr'>aut</span> <span class='ocrx_word' id='word_1_442' title='bbox 258 2889 359 2962; x_wconf 89' lang='lat' dir='ltr'>aliquid</span> <span class='ocrx_word' id='word_1_443' title='bbox 382 2891 550 2961; x_wconf 78' lang='lat' dir='ltr'>hujusmodi3</span> <span class='ocrx_word' id='word_1_444' title='bbox 570 2891 641 2962; x_wconf 93' lang='lat' dir='ltr'>quod</span> <span class='ocrx_word' id='word_1_445' title='bbox 664 2898 690 2947; x_wconf 90' lang='lat' dir='ltr'>te</span> <span class='ocrx_word' id='word_1_446' title='bbox 712 2890 763 2944; x_wconf 89' lang='lat' dir='ltr'>sibi</span> <span class='ocrx_word' id='word_1_447' title='bbox 781 2890 859 2946; x_wconf 73' lang='lat' dir='ltr'>exhi·</span> <span class='ocrx_word' id='word_1_448' title='bbox 915 2882 990 2938; x_wconf 91' lang='lat' dir='ltr'>bent.</span> <span class='ocrx_word' id='word_1_449' title='bbox 1000 2880 1140 2954; x_wconf 86' lang='lat' dir='ltr'>Quidquid</span> <span class='ocrx_word' id='word_1_450' title='bbox 1152 2883 1203 2938; x_wconf 91' lang='lat' dir='ltr'>tale</span> <span class='ocrx_word' id='word_1_451' title='bbox 1212 2884 1333 2954; x_wconf 89' lang='lat' dir='ltr'>applices</span> <span class='ocrx_word' id='word_1_452' title='bbox 1343 2889 1462 2960; x_wconf 87' lang='lat' dir='ltr'>corpori,</span> <span class='ocrx_word' id='word_1_453' title='bbox 1473 2891 1585 2960; x_wconf 86' lang='lat' dir='ltr'>exponit</span> <span class='ocrx_word' id='word_1_454' title='bbox 1596 2896 1715 2964; x_wconf 86' lang='lat' dir='ltr'>speeiem</span> 
     </span>
     <span class='ocr_line' id='line_1_32' title="bbox 64 2970 1718 3052; baseline 0.003 -19"><span class='ocrx_word' id='word_1_455' title='bbox 64 2979 170 3035; x_wconf 91' lang='lat' dir='ltr'>biturus</span> <span class='ocrx_word' id='word_1_456' title='bbox 191 2986 233 3034; x_wconf 88' lang='lat' dir='ltr'>est</span> <span class='ocrx_word' id='word_1_457' title='bbox 246 2978 402 3052; x_wconf 73' lang='lat' dir='ltr'>gloriosam.</span> <span class='ocrx_word' id='word_1_458' title='bbox 423 2995 478 3035; x_wconf 92' lang='lat' dir='ltr'>non</span> <span class='ocrx_word' id='word_1_459' title='bbox 498 2981 642 3034; x_wconf 84' lang='lat' dir='ltr'>habentem</span> <span class='ocrx_word' id='word_1_460' title='bbox 665 2979 795 3036; x_wconf 89' lang='lat' dir='ltr'>maculam</span> <span class='ocrx_word' id='word_1_461' title='bbox 815 2988 861 3036; x_wconf 90' lang='lat' dir='ltr'>aut</span> <span class='ocrx_word' id='word_1_462' title='bbox 875 2970 899 3051; x_wconf 67' lang='grc' dir='ltr'><strong><em>Β</em></strong></span> <span class='ocrx_word' id='word_1_463' title='bbox 915 2987 1000 3039; x_wconf 89' lang='lat' dir='ltr'>suam,</span> <span class='ocrx_word' id='word_1_464' title='bbox 1015 2987 1070 3026; x_wconf 94' lang='lat' dir='ltr'>non</span> <span class='ocrx_word' id='word_1_465' title='bbox 1083 2971 1205 3041; x_wconf 89' lang='lat' dir='ltr'>deponit.</span> <span class='ocrx_word' id='word_1_466' title='bbox 1221 2973 1318 3028; x_wconf 88' lang='lat' dir='ltr'>Secum</span> <span class='ocrx_word' id='word_1_467' title='bbox 1340 2975 1458 3049; x_wconf 90' lang='lat' dir='ltr'>denique</span> <span class='ocrx_word' id='word_1_468' title='bbox 1473 2977 1553 3048; x_wconf 91' lang='lat' dir='ltr'>tollit,</span> <span class='ocrx_word' id='word_1_469' title='bbox 1569 2995 1632 3036; x_wconf 92' lang='lat' dir='ltr'>cum</span> <span class='ocrx_word' id='word_1_470' title='bbox 1649 2982 1718 3039; x_wconf 92' lang='lat' dir='ltr'>tolli-</span> 
     </span>
     <span class='ocr_line' id='line_1_33' title="bbox 63 3060 1717 3138; baseline 0.002 -16"><span class='ocrx_word' id='word_1_471' title='bbox 63 3083 169 3138; x_wconf 79' lang='lat' dir='ltr'>rugam,</span> <span class='ocrx_word' id='word_1_472' title='bbox 185 3073 232 3122; x_wconf 88' lang='lat' dir='ltr'>aut</span> <span class='ocrx_word' id='word_1_473' title='bbox 251 3064 352 3138; x_wconf 89' lang='lat' dir='ltr'>aliquid</span> <span class='ocrx_word' id='word_1_474' title='bbox 375 3068 552 3137; x_wconf 86' lang='lat' dir='ltr'>hujusmodi3</span> <span class='ocrx_word' id='word_1_475' title='bbox 568 3069 641 3138; x_wconf 91' lang='lat' dir='ltr'>quod</span> <span class='ocrx_word' id='word_1_476' title='bbox 655 3069 860 3124; x_wconf 76' lang='lat' dir='ltr'>eteruisexce·</span> <span class='ocrx_word' id='word_1_477' title='bbox 916 3067 961 3118; x_wconf 94' lang='lat' dir='ltr'>tur</span> <span class='ocrx_word' id='word_1_478' title='bbox 975 3061 1073 3133; x_wconf 91' lang='lat' dir='ltr'>ipsum.</span> <span class='ocrx_word' id='word_1_479' title='bbox 1094 3060 1178 3116; x_wconf 89' lang='lat' dir='ltr'>Porro</span> <span class='ocrx_word' id='word_1_480' title='bbox 1197 3063 1280 3118; x_wconf 91' lang='lat' dir='ltr'>decor</span> <span class='ocrx_word' id='word_1_481' title='bbox 1297 3063 1343 3135; x_wconf 90' lang='lat' dir='ltr'>qui</span> <span class='ocrx_word' id='word_1_482' title='bbox 1363 3080 1424 3120; x_wconf 92' lang='lat' dir='ltr'>cum</span> <span class='ocrx_word' id='word_1_483' title='bbox 1442 3074 1517 3123; x_wconf 77' lang='lat' dir='ltr'>veste</span> <span class='ocrx_word' id='word_1_484' title='bbox 1538 3067 1670 3137; x_wconf 87' lang='lat' dir='ltr'>induitur,</span> <span class='ocrx_word' id='word_1_485' title='bbox 1690 3078 1717 3128; x_wconf 89' lang='lat' dir='ltr'>et</span> 
     </span>
     <span class='ocr_line' id='line_1_34' title="bbox 64 3149 1716 3230; baseline 0.001 -20"><span class='ocrx_word' id='word_1_486' title='bbox 64 3164 161 3226; x_wconf 85' lang='lat' dir='ltr'>ptnrus</span> <span class='ocrx_word' id='word_1_487' title='bbox 175 3154 354 3225; x_wconf 82' lang='lat' dir='ltr'>amplexibus,</span> <span class='ocrx_word' id='word_1_488' title='bbox 370 3162 451 3226; x_wconf 90' lang='lat' dir='ltr'>ponet</span> <span class='ocrx_word' id='word_1_489' title='bbox 472 3156 568 3212; x_wconf 80' lang='lat' dir='ltr'>laevam</span> <span class='ocrx_word' id='word_1_490' title='bbox 587 3156 638 3210; x_wconf 91' lang='lat' dir='ltr'>sub</span> <span class='ocrx_word' id='word_1_491' title='bbox 659 3155 746 3227; x_wconf 89' lang='lat' dir='ltr'>capite</span> <span class='ocrx_word' id='word_1_492' title='bbox 768 3163 824 3223; x_wconf 88' lang='lat' dir='ltr'>tuo,</span> <span class='ocrx_word' id='word_1_493' title='bbox 836 3158 864 3211; x_wconf 90' lang='lat' dir='ltr'>et</span> <span class='ocrx_word' id='word_1_494' title='bbox 916 3165 978 3206; x_wconf 90' lang='lat' dir='ltr'>curn</span> <span class='ocrx_word' id='word_1_495' title='bbox 992 3158 1067 3206; x_wconf 83' lang='lat' dir='ltr'>veste</span> <span class='ocrx_word' id='word_1_496' title='bbox 1089 3149 1243 3222; x_wconf 88' lang='lat' dir='ltr'>deponitur,</span> <span class='ocrx_word' id='word_1_497' title='bbox 1262 3152 1346 3207; x_wconf 79' lang='lat' dir='ltr'>vesus</span> <span class='ocrx_word' id='word_1_498' title='bbox 1371 3155 1463 3224; x_wconf 92' lang='lat' dir='ltr'>procul</span> <span class='ocrx_word' id='word_1_499' title='bbox 1487 3154 1570 3213; x_wconf 88' lang='lat' dir='ltr'>dubio</span> <span class='ocrx_word' id='word_1_500' title='bbox 1594 3167 1645 3230; x_wconf 88' lang='lat' dir='ltr'>est,</span> <span class='ocrx_word' id='word_1_501' title='bbox 1660 3175 1716 3216; x_wconf 92' lang='grc' dir='ltr'>ιιι</span> 
     </span>
     <span class='ocr_line' id='line_1_35' title="bbox 64 3239 1019 3316; baseline -0.005 -17"><span class='ocrx_word' id='word_1_502' title='bbox 64 3244 178 3300; x_wconf 85' lang='lat' dir='ltr'>dextera</span> <span class='ocrx_word' id='word_1_503' title='bbox 200 3242 272 3299; x_wconf 90' lang='lat' dir='ltr'>illius</span> <span class='ocrx_word' id='word_1_504' title='bbox 289 3244 486 3316; x_wconf 84' lang='lat' dir='ltr'>amplexabitur</span> <span class='ocrx_word' id='word_1_505' title='bbox 500 3253 536 3301; x_wconf 91' lang='lat' dir='ltr'>te.</span> <span class='ocrx_word' id='word_1_506' title='bbox 555 3245 691 3302; x_wconf 87' lang='lat' dir='ltr'>Proetereo</span> <span class='ocrx_word' id='word_1_507' title='bbox 706 3245 794 3302; x_wconf 91' lang='lat' dir='ltr'>locum</span> <span class='ocrx_word' id='word_1_508' title='bbox 810 3260 863 3300; x_wconf 95' lang='lat' dir='ltr'>no·</span> <span class='ocrx_word' id='word_1_509' title='bbox 918 3239 1019 3297; x_wconf 85' lang='lat' dir='ltr'>restiti.</span> 
     </span>
     <span class='ocr_line' id='line_1_36' title="bbox 65 3329 1718 3408; baseline 0.003 -19"><span class='ocrx_word' id='word_1_510' title='bbox 65 3333 208 3398; x_wconf 85' lang='lat' dir='ltr'>minatum,</span> <span class='ocrx_word' id='word_1_511' title='bbox 226 3347 307 3405; x_wconf 89' lang='lat' dir='ltr'>quem</span> <span class='ocrx_word' id='word_1_512' title='bbox 322 3333 484 3406; x_wconf 71' lang='lat' dir='ltr'>virginitatis</span> <span class='ocrx_word' id='word_1_513' title='bbox 499 3333 678 3405; x_wconf 74' lang='lat' dir='ltr'>prerogativa</span> <span class='ocrx_word' id='word_1_514' title='bbox 698 3334 864 3408; x_wconf 70' lang='lat' dir='ltr'>singularem</span> <span class='ocrx_word' id='word_1_515' title='bbox 954 3329 1310 3403; x_wconf 64' lang='lat' dir='ltr'>supergradiamini</span> <span class='ocrx_word' id='word_1_516' title='bbox 1325 3330 1354 3386; x_wconf 90' lang='lat' dir='ltr'>iu</span> <span class='ocrx_word' id='word_1_517' title='bbox 1368 3332 1590 3406; x_wconf 76' lang='lat' dir='ltr'>malignantibus,</span> <span class='ocrx_word' id='word_1_518' title='bbox 1603 3344 1629 3393; x_wconf 92' lang='lat' dir='ltr'>et</span> <span class='ocrx_word' id='word_1_519' title='bbox 1644 3354 1718 3395; x_wconf 92' lang='lat' dir='ltr'>men·</span> 
     </span>
     <span class='ocr_line' id='line_1_37' title="bbox 66 3417 1716 3497; baseline 0.005 -21"><span class='ocrx_word' id='word_1_520' title='bbox 66 3421 159 3476; x_wconf 76' lang='lat' dir='ltr'>sfiliis</span> <span class='ocrx_word' id='word_1_521' title='bbox 172 3429 201 3477; x_wconf 93' lang='lat' dir='ltr'>et</span> <span class='ocrx_word' id='word_1_522' title='bbox 215 3419 321 3476; x_wconf 87' lang='lat' dir='ltr'>filiabus</span> <span class='ocrx_word' id='word_1_523' title='bbox 330 3421 358 3476; x_wconf 93' lang='lat' dir='ltr'>in</span> <span class='ocrx_word' id='word_1_524' title='bbox 373 3435 457 3495; x_wconf 76' lang='lat' dir='ltr'>regno</span> <span class='ocrx_word' id='word_1_525' title='bbox 472 3437 502 3477; x_wconf 90' lang='lat' dir='ltr'>es</span> <span class='ocrx_word' id='word_1_526' title='bbox 515 3422 607 3493; x_wconf 90' lang='lat' dir='ltr'>procul</span> <span class='ocrx_word' id='word_1_527' title='bbox 623 3421 708 3478; x_wconf 92' lang='lat' dir='ltr'>dubio</span> <span class='ocrx_word' id='word_1_528' title='bbox 722 3423 865 3479; x_wconf 86' lang='lat' dir='ltr'>sortitura.</span> <span class='ocrx_word' id='word_1_529' title='bbox 918 3419 1069 3476; x_wconf 82' lang='lat' dir='ltr'>dicentibus</span> <span class='ocrx_word' id='word_1_530' title='bbox 1083 3417 1311 3489; x_wconf 91' lang='lat' dir='ltr'>pulchritudinem</span> <span class='ocrx_word' id='word_1_531' title='bbox 1333 3420 1460 3489; x_wconf 89' lang='lat' dir='ltr'>alienam,</span> <span class='ocrx_word' id='word_1_532' title='bbox 1481 3425 1528 3479; x_wconf 89' lang='lat' dir='ltr'>ubi</span> <span class='ocrx_word' id='word_1_533' title='bbox 1553 3425 1716 3497; x_wconf 88' lang='lat' dir='ltr'>perdiderint</span> 
     </span>
     <span class='ocr_line' id='line_1_38' title="bbox 67 3508 1720 3584; baseline 0.005 -20"><span class='ocrx_word' id='word_1_534' title='bbox 67 3509 142 3566; x_wconf 88' lang='lat' dir='ltr'>Sileo</span> <span class='ocrx_word' id='word_1_535' title='bbox 153 3517 181 3566; x_wconf 90' lang='lat' dir='ltr'>ot</span> <span class='ocrx_word' id='word_1_536' title='bbox 193 3509 329 3566; x_wconf 90' lang='lat' dir='ltr'>canticum</span> <span class='ocrx_word' id='word_1_537' title='bbox 344 3509 409 3565; x_wconf 90' lang='lat' dir='ltr'>illud</span> <span class='ocrx_word' id='word_1_538' title='bbox 424 3525 536 3576; x_wconf 87' lang='lat' dir='ltr'>norum,</span> <span class='ocrx_word' id='word_1_539' title='bbox 551 3510 626 3582; x_wconf 91' lang='lat' dir='ltr'>quod</span> <span class='ocrx_word' id='word_1_540' title='bbox 640 3511 718 3584; x_wconf 81' lang='lat' dir='ltr'>virgo</span> <span class='ocrx_word' id='word_1_541' title='bbox 733 3527 796 3569; x_wconf 93' lang='lat' dir='ltr'>cum</span> <span class='ocrx_word' id='word_1_542' title='bbox 809 3514 868 3568; x_wconf 84' lang='lat' dir='ltr'>vir·</span> <span class='ocrx_word' id='word_1_543' title='bbox 920 3523 1009 3562; x_wconf 90' lang='lat' dir='ltr'>suam.</span> <span class='ocrx_word' id='word_1_544' title='bbox 1025 3508 1122 3563; x_wconf 87' lang='lat' dir='ltr'>Nativo</span> <span class='ocrx_word' id='word_1_545' title='bbox 1136 3509 1236 3580; x_wconf 90' lang='lat' dir='ltr'>qnippe</span> <span class='ocrx_word' id='word_1_546' title='bbox 1249 3517 1276 3564; x_wconf 89' lang='lat' dir='ltr'>et</span> <span class='ocrx_word' id='word_1_547' title='bbox 1295 3510 1400 3567; x_wconf 91' lang='lat' dir='ltr'>interno</span> <span class='ocrx_word' id='word_1_548' title='bbox 1424 3527 1453 3567; x_wconf 90' lang='lat' dir='ltr'>se</span> <span class='ocrx_word' id='word_1_549' title='bbox 1478 3512 1595 3584; x_wconf 91' lang='lat' dir='ltr'>produnt</span> <span class='ocrx_word' id='word_1_550' title='bbox 1620 3516 1720 3572; x_wconf 89' lang='lat' dir='ltr'>decoro</span> 
     </span>
     <span class='ocr_line' id='line_1_39' title="bbox 67 3597 1721 3673; baseline 0.003 -19"><span class='ocrx_word' id='word_1_551' title='bbox 67 3598 178 3673; x_wconf 68' lang='lat' dir='ltr'>pinibus</span> <span class='ocrx_word' id='word_1_552' title='bbox 202 3597 333 3671; x_wconf 74' lang='lat' dir='ltr'>singulari</span> <span class='ocrx_word' id='word_1_553' title='bbox 356 3599 530 3657; x_wconf 86' lang='lat' dir='ltr'>nibilominus</span> <span class='ocrx_word' id='word_1_554' title='bbox 543 3599 668 3668; x_wconf 87' lang='lat' dir='ltr'>dulcique</span> <span class='ocrx_word' id='word_1_555' title='bbox 685 3600 870 3657; x_wconf 88' lang='lat' dir='ltr'>modulamine</span> <span class='ocrx_word' id='word_1_556' title='bbox 919 3598 1017 3662; x_wconf 90' lang='lat' dir='ltr'>nudas,</span> <span class='ocrx_word' id='word_1_557' title='bbox 1033 3611 1095 3666; x_wconf 85' lang='lat' dir='ltr'>quae</span> <span class='ocrx_word' id='word_1_558' title='bbox 1109 3603 1180 3652; x_wconf 89' lang='lat' dir='ltr'>tanto</span> <span class='ocrx_word' id='word_1_559' title='bbox 1194 3597 1284 3654; x_wconf 89' lang='lat' dir='ltr'>studio</span> <span class='ocrx_word' id='word_1_560' title='bbox 1299 3607 1326 3655; x_wconf 89' lang='lat' dir='ltr'>et</span> <span class='ocrx_word' id='word_1_561' title='bbox 1344 3600 1430 3670; x_wconf 91' lang='lat' dir='ltr'>pretio</span> <span class='ocrx_word' id='word_1_562' title='bbox 1451 3601 1484 3656; x_wconf 91' lang='lat' dir='ltr'>de</span> <span class='ocrx_word' id='word_1_563' title='bbox 1499 3601 1614 3658; x_wconf 86' lang='lat' dir='ltr'>diversis</span> <span class='ocrx_word' id='word_1_564' title='bbox 1629 3612 1656 3659; x_wconf 90' lang='lat' dir='ltr'>ot</span> <span class='ocrx_word' id='word_1_565' title='bbox 1671 3620 1721 3660; x_wconf 86' lang='lat' dir='ltr'>va-</span> 
     </span>
     <span class='ocr_line' id='line_1_40' title="bbox 68 3684 1721 3762; baseline 0.002 -18"><span class='ocrx_word' id='word_1_566' title='bbox 68 3687 193 3744; x_wconf 85' lang='lat' dir='ltr'>canitnrs</span> <span class='ocrx_word' id='word_1_567' title='bbox 211 3688 299 3758; x_wconf 78' lang='lat' dir='ltr'>(sta),</span> <span class='ocrx_word' id='word_1_568' title='bbox 315 3686 450 3744; x_wconf 82' lang='lat' dir='ltr'>laetaberis</span> <span class='ocrx_word' id='word_1_569' title='bbox 465 3687 493 3743; x_wconf 90' lang='lat' dir='ltr'>in</span> <span class='ocrx_word' id='word_1_570' title='bbox 508 3689 580 3758; x_wconf 90' lang='lat' dir='ltr'>ipso,</span> <span class='ocrx_word' id='word_1_571' title='bbox 596 3696 624 3746; x_wconf 91' lang='lat' dir='ltr'>et</span> <span class='ocrx_word' id='word_1_572' title='bbox 637 3688 788 3744; x_wconf 77' lang='lat' dir='ltr'>letificabis</span> <span class='ocrx_word' id='word_1_573' title='bbox 802 3688 871 3745; x_wconf 87' lang='lat' dir='ltr'>clvi·</span> <span class='ocrx_word' id='word_1_574' title='bbox 921 3684 968 3739; x_wconf 91' lang='lat' dir='ltr'>riis</span> <span class='ocrx_word' id='word_1_575' title='bbox 984 3685 1125 3755; x_wconf 87' lang='lat' dir='ltr'>speciebus</span> <span class='ocrx_word' id='word_1_576' title='bbox 1137 3687 1197 3756; x_wconf 85' lang='lat' dir='ltr'>ejus</span> <span class='ocrx_word' id='word_1_577' title='bbox 1210 3701 1270 3759; x_wconf 88' lang='lat' dir='ltr'>quae</span> <span class='ocrx_word' id='word_1_578' title='bbox 1289 3689 1407 3758; x_wconf 79' lang='lat' dir='ltr'>praeterit</span> <span class='ocrx_word' id='word_1_579' title='bbox 1422 3689 1516 3762; x_wconf 79' lang='lat' dir='ltr'>flgurae</span> <span class='ocrx_word' id='word_1_580' title='bbox 1530 3694 1634 3760; x_wconf 92' lang='lat' dir='ltr'>mundi,</span> <span class='ocrx_word' id='word_1_581' title='bbox 1651 3694 1721 3750; x_wconf 88' lang='lat' dir='ltr'>foris</span> 
     </span>
     <span class='ocr_line' id='line_1_41' title="bbox 70 3771 1721 3853; baseline 0.002 -21"><span class='ocrx_word' id='word_1_582' title='bbox 70 3783 154 3832; x_wconf 86' lang='lat' dir='ltr'>tatem</span> <span class='ocrx_word' id='word_1_583' title='bbox 166 3776 228 3843; x_wconf 88' lang='lat' dir='ltr'>Dei,</span> <span class='ocrx_word' id='word_1_584' title='bbox 243 3783 365 3842; x_wconf 74' lang='lat' dir='ltr'>uanmns,</span> <span class='ocrx_word' id='word_1_585' title='bbox 381 3785 408 3833; x_wconf 92' lang='lat' dir='ltr'>et</span> <span class='ocrx_word' id='word_1_586' title='bbox 425 3777 569 3846; x_wconf 89' lang='lat' dir='ltr'>cursitans,</span> <span class='ocrx_word' id='word_1_587' title='bbox 584 3785 610 3833; x_wconf 89' lang='lat' dir='ltr'>et</span> <span class='ocrx_word' id='word_1_588' title='bbox 628 3792 744 3850; x_wconf 83' lang='lat' dir='ltr'>aequom</span> <span class='ocrx_word' id='word_1_589' title='bbox 763 3779 870 3850; x_wconf 79' lang='lat' dir='ltr'>hgnnm</span> <span class='ocrx_word' id='word_1_590' title='bbox 921 3773 972 3829; x_wconf 92' lang='lat' dir='ltr'>sihi</span> <span class='ocrx_word' id='word_1_591' title='bbox 995 3771 1131 3829; x_wconf 85' lang='lat' dir='ltr'>conficere</span> <span class='ocrx_word' id='word_1_592' title='bbox 1153 3780 1299 3847; x_wconf 76' lang='lat' dir='ltr'>satagunt,</span> <span class='ocrx_word' id='word_1_593' title='bbox 1322 3776 1394 3830; x_wconf 90' lang='lat' dir='ltr'>unde</span> <span class='ocrx_word' id='word_1_594' title='bbox 1421 3778 1506 3835; x_wconf 88' lang='lat' dir='ltr'>oculis</span> <span class='ocrx_word' id='word_1_595' title='bbox 1533 3779 1721 3853; x_wconf 84' lang='lat' dir='ltr'>insipientium</span> 
     </span>
     <span class='ocr_line' id='line_1_42' title="bbox 69 3857 1722 3939; baseline -0.001 -16"><span class='ocrx_word' id='word_1_596' title='bbox 69 3881 235 3939; x_wconf 88' lang='lat' dir='ltr'>quocunque</span> <span class='ocrx_word' id='word_1_597' title='bbox 257 3866 329 3922; x_wconf 88' lang='lat' dir='ltr'>ierit.</span> <span class='ocrx_word' id='word_1_598' title='bbox 353 3866 420 3923; x_wconf 90' lang='lat' dir='ltr'>lflnd</span> <span class='ocrx_word' id='word_1_599' title='bbox 445 3867 578 3938; x_wconf 89' lang='lat' dir='ltr'>siquidem</span> <span class='ocrx_word' id='word_1_600' title='bbox 602 3883 653 3924; x_wconf 90' lang='lat' dir='ltr'>nec</span> <span class='ocrx_word' id='word_1_601' title='bbox 675 3867 771 3924; x_wconf 91' lang='lat' dir='ltr'>oculus</span> <span class='ocrx_word' id='word_1_602' title='bbox 793 3865 871 3934; x_wconf 82' lang='lat' dir='ltr'>uidit,</span> <span class='ocrx_word' id='word_1_603' title='bbox 922 3869 1052 3931; x_wconf 91' lang='lat' dir='ltr'>apparent</span> <span class='ocrx_word' id='word_1_604' title='bbox 1075 3857 1215 3930; x_wconf 79' lang='lat' dir='ltr'>speciose.</span> <span class='ocrx_word' id='word_1_605' title='bbox 1241 3861 1385 3933; x_wconf 72' lang='lat' dir='ltr'>indignum</span> <span class='ocrx_word' id='word_1_606' title='bbox 1412 3865 1458 3918; x_wconf 92' lang='lat' dir='ltr'>tibi</span> <span class='ocrx_word' id='word_1_607' title='bbox 1479 3866 1580 3934; x_wconf 85' lang='lat' dir='ltr'>judica,</span> <span class='ocrx_word' id='word_1_608' title='bbox 1605 3868 1722 3926; x_wconf 89' lang='lat' dir='ltr'>formam</span> 
     </span>
     <span class='ocr_line' id='line_1_43' title="bbox 69 3947 1722 4028; baseline 0.001 -16"><span class='ocrx_word' id='word_1_609' title='bbox 69 3971 122 4012; x_wconf 90' lang='lat' dir='ltr'>nec</span> <span class='ocrx_word' id='word_1_610' title='bbox 136 3953 210 4010; x_wconf 81' lang='grc' dir='ltr'>ιιιιι</span> <span class='ocrx_word' id='word_1_611' title='bbox 223 3954 336 4022; x_wconf 86' lang='lat' dir='ltr'>audivit,</span> <span class='ocrx_word' id='word_1_612' title='bbox 353 3971 403 4012; x_wconf 92' lang='lat' dir='ltr'>nec</span> <span class='ocrx_word' id='word_1_613' title='bbox 417 3955 445 4010; x_wconf 92' lang='lat' dir='ltr'>in</span> <span class='ocrx_word' id='word_1_614' title='bbox 458 3971 507 4012; x_wconf 94' lang='lat' dir='ltr'>cor</span> <span class='ocrx_word' id='word_1_615' title='bbox 523 3956 641 4012; x_wconf 88' lang='lat' dir='ltr'>hominis</span> <span class='ocrx_word' id='word_1_616' title='bbox 656 3954 787 4022; x_wconf 87' lang='lat' dir='ltr'>ascendit,</span> <span class='ocrx_word' id='word_1_617' title='bbox 800 3956 871 4027; x_wconf 90' lang='lat' dir='ltr'>qnod</span> <span class='ocrx_word' id='word_1_618' title='bbox 924 3948 1070 4020; x_wconf 88' lang='lat' dir='ltr'>apellibus</span> <span class='ocrx_word' id='word_1_619' title='bbox 1093 3947 1219 4014; x_wconf 90' lang='lat' dir='ltr'>murium,</span> <span class='ocrx_word' id='word_1_620' title='bbox 1235 3957 1263 4003; x_wconf 89' lang='lat' dir='ltr'>et</span> <span class='ocrx_word' id='word_1_621' title='bbox 1286 3949 1414 4019; x_wconf 91' lang='lat' dir='ltr'>operibus</span> <span class='ocrx_word' id='word_1_622' title='bbox 1437 3954 1569 4009; x_wconf 87' lang='lat' dir='ltr'>vermium</span> <span class='ocrx_word' id='word_1_623' title='bbox 1595 3957 1722 4028; x_wconf 85' lang='lat' dir='ltr'>mutuari,</span> 
     </span>
     <span class='ocr_line' id='line_1_44' title="bbox 70 4034 1723 4117; baseline 0.001 -18"><span class='ocrx_word' id='word_1_624' title='bbox 70 4043 120 4101; x_wconf 91' lang='lat' dir='ltr'>tibi</span> <span class='ocrx_word' id='word_1_625' title='bbox 134 4049 316 4114; x_wconf 83' lang='lat' dir='ltr'>praeparatum</span> <span class='ocrx_word' id='word_1_626' title='bbox 330 4052 381 4111; x_wconf 92' lang='lat' dir='ltr'>est,</span> <span class='ocrx_word' id='word_1_627' title='bbox 397 4050 424 4100; x_wconf 91' lang='lat' dir='ltr'>et</span> <span class='ocrx_word' id='word_1_628' title='bbox 441 4044 485 4100; x_wconf 91' lang='lat' dir='ltr'>oui</span> <span class='ocrx_word' id='word_1_629' title='bbox 500 4054 524 4101; x_wconf 91' lang='grc' dir='ltr'>ιι</span> <span class='ocrx_word' id='word_1_630' title='bbox 540 4045 684 4116; x_wconf 82' lang='lat' dir='ltr'>praeparari</span> <span class='ocrx_word' id='word_1_631' title='bbox 699 4050 816 4117; x_wconf 88' lang='lat' dir='ltr'>oportet.</span> <span class='ocrx_word' id='word_1_632' title='bbox 924 4046 970 4094; x_wconf 89' lang='lat' dir='ltr'>tua</span> <span class='ocrx_word' id='word_1_633' title='bbox 990 4035 1036 4093; x_wconf 89' lang='lat' dir='ltr'>tibi</span> <span class='ocrx_word' id='word_1_634' title='bbox 1057 4034 1184 4092; x_wconf 89' lang='lat' dir='ltr'>sufficiat.</span> <span class='ocrx_word' id='word_1_635' title='bbox 1200 4036 1247 4092; x_wconf 92' lang='lat' dir='ltr'>lllc</span> <span class='ocrx_word' id='word_1_636' title='bbox 1270 4044 1311 4092; x_wconf 88' lang='lat' dir='ltr'>est</span> <span class='ocrx_word' id='word_1_637' title='bbox 1330 4054 1411 4094; x_wconf 90' lang='lat' dir='ltr'>verus</span> <span class='ocrx_word' id='word_1_638' title='bbox 1433 4040 1613 4115; x_wconf 89' lang='lat' dir='ltr'>propriusque</span> <span class='ocrx_word' id='word_1_639' title='bbox 1627 4045 1723 4115; x_wconf 75' lang='lat' dir='ltr'>quus·</span> 
     </span>
     <span class='ocr_line' id='line_1_45' title="bbox 108 4124 1724 4206; baseline 0.002 -18"><span class='ocrx_word' id='word_1_640' title='bbox 108 4137 139 4189; x_wconf 76' lang='lat'>³.</span> <span class='ocrx_word' id='word_1_641' title='bbox 154 4133 219 4189; x_wconf 76' lang='lat' dir='ltr'>llaec</span> <span class='ocrx_word' id='word_1_642' title='bbox 229 4147 296 4205; x_wconf 78' lang='lat' dir='ltr'>ergo</span> <span class='ocrx_word' id='word_1_643' title='bbox 321 4132 507 4205; x_wconf 79' lang='lat' dir='ltr'>praetermitto,</span> <span class='ocrx_word' id='word_1_644' title='bbox 522 4148 582 4206; x_wconf 83' lang='lat' dir='ltr'>quae</span> <span class='ocrx_word' id='word_1_645' title='bbox 607 4133 633 4188; x_wconf 89' lang='grc' dir='ltr'>ιι</span> <span class='ocrx_word' id='word_1_646' title='bbox 652 4131 742 4189; x_wconf 87' lang='grc' dir='ltr'>ιιιιιι</span> <span class='ocrx_word' id='word_1_647' title='bbox 756 4131 873 4204; x_wconf 80' lang='lat' dir='ltr'>nepesin</span> <span class='ocrx_word' id='word_1_648' title='bbox 925 4124 1030 4198; x_wconf 87' lang='lat' dir='ltr'>querci</span> <span class='ocrx_word' id='word_1_649' title='bbox 1045 4124 1136 4191; x_wconf 89' lang='lat' dir='ltr'>decor,</span> <span class='ocrx_word' id='word_1_650' title='bbox 1151 4124 1198 4196; x_wconf 93' lang='lat' dir='ltr'>qui</span> <span class='ocrx_word' id='word_1_651' title='bbox 1210 4125 1284 4181; x_wconf 90' lang='lat' dir='ltr'>nulla</span> <span class='ocrx_word' id='word_1_652' title='bbox 1302 4125 1477 4197; x_wconf 82' lang='lat' dir='ltr'>interjacente</span> <span class='ocrx_word' id='word_1_653' title='bbox 1501 4131 1613 4188; x_wconf 88' lang='lat' dir='ltr'>materia</span> <span class='ocrx_word' id='word_1_654' title='bbox 1631 4148 1680 4206; x_wconf 89' lang='lat' dir='ltr'>per</span> <span class='ocrx_word' id='word_1_655' title='bbox 1693 4149 1724 4191; x_wconf 89' lang='lat' dir='ltr'>se</span> 
     </span>
     <span class='ocr_line' id='line_1_46' title="bbox 72 4214 1723 4296; baseline 0.001 -16"><span class='ocrx_word' id='word_1_656' title='bbox 72 4229 141 4280; x_wconf 90' lang='lat' dir='ltr'>sunt</span> <span class='ocrx_word' id='word_1_657' title='bbox 154 4221 203 4278; x_wconf 90' lang='lat' dir='ltr'>tibi</span> <span class='ocrx_word' id='word_1_658' title='bbox 219 4240 227 4277; x_wconf 72' lang='grc' dir='ltr'>ε</span> <span class='ocrx_word' id='word_1_659' title='bbox 241 4222 387 4292; x_wconf 77' lang='lat' dir='ltr'>presentia</span> <span class='ocrx_word' id='word_1_660' title='bbox 406 4231 509 4278; x_wconf 89' lang='lat' dir='ltr'>tantmn</span> <span class='ocrx_word' id='word_1_661' title='bbox 526 4223 633 4293; x_wconf 76' lang='lat' dir='ltr'>ioquin,</span> <span class='ocrx_word' id='word_1_662' title='bbox 653 4238 685 4278; x_wconf 90' lang='lat' dir='ltr'>ea</span> <span class='ocrx_word' id='word_1_663' title='bbox 701 4222 798 4296; x_wconf 90' lang='lat' dir='ltr'>loquor</span> <span class='ocrx_word' id='word_1_664' title='bbox 812 4237 874 4293; x_wconf 84' lang='lat' dir='ltr'>quoe</span> <span class='ocrx_word' id='word_1_665' title='bbox 926 4217 1005 4271; x_wconf 77' lang='lat' dir='ltr'>inest·</span> <span class='ocrx_word' id='word_1_666' title='bbox 1019 4214 1043 4271; x_wconf 92' lang='grc' dir='ltr'><strong>Ο</strong></span> <span class='ocrx_word' id='word_1_667' title='bbox 1059 4230 1140 4286; x_wconf 74' lang='lat' dir='ltr'>quem</span> <span class='ocrx_word' id='word_1_668' title='bbox 1163 4214 1270 4271; x_wconf 88' lang='lat' dir='ltr'>docenti</span> <span class='ocrx_word' id='word_1_669' title='bbox 1292 4215 1391 4273; x_wconf 85' lang='lat' dir='ltr'>rubore</span> <span class='ocrx_word' id='word_1_670' title='bbox 1412 4233 1500 4289; x_wconf 74' lang='lat' dir='ltr'>genas</span> <span class='ocrx_word' id='word_1_671' title='bbox 1521 4220 1654 4279; x_wconf 89' lang='lat' dir='ltr'>suffundit</span> <span class='ocrx_word' id='word_1_672' title='bbox 1667 4223 1723 4282; x_wconf 87' lang='lat' dir='ltr'>rir-</span> 
     </span>
     <span class='ocr_line' id='line_1_47' title="bbox 72 4286 1727 4385; baseline 0 -16"><span class='ocrx_word' id='word_1_673' title='bbox 72 4314 107 4370; x_wconf 89' lang='lat' dir='ltr'>de</span> <span class='ocrx_word' id='word_1_674' title='bbox 122 4310 251 4382; x_wconf 90' lang='lat' dir='ltr'>primitiis</span> <span class='ocrx_word' id='word_1_675' title='bbox 264 4311 374 4382; x_wconf 90' lang='lat' dir='ltr'>spiritus</span> <span class='ocrx_word' id='word_1_676' title='bbox 384 4313 440 4382; x_wconf 84' lang='lat' dir='ltr'>jam</span> <span class='ocrx_word' id='word_1_677' title='bbox 455 4319 542 4381; x_wconf 89' lang='lat' dir='ltr'>tenes,</span> <span class='ocrx_word' id='word_1_678' title='bbox 565 4311 658 4381; x_wconf 90' lang='lat' dir='ltr'>sponsi</span> <span class='ocrx_word' id='word_1_679' title='bbox 677 4312 765 4376; x_wconf 84' lang='lat' dir='ltr'>xenia,</span> <span class='ocrx_word' id='word_1_680' title='bbox 781 4312 874 4367; x_wconf 81' lang='lat' dir='ltr'>arrhas</span> <span class='ocrx_word' id='word_1_681' title='bbox 887 4286 915 4375; x_wconf 56' lang='grc' dir='ltr'>Β</span> <span class='ocrx_word' id='word_1_682' title='bbox 927 4304 1022 4378; x_wconf 83' lang='lat' dir='ltr'>gineas</span> <span class='ocrx_word' id='word_1_683' title='bbox 1041 4301 1154 4375; x_wconf 76' lang='lat' dir='ltr'>ingeniti</span> <span class='ocrx_word' id='word_1_684' title='bbox 1167 4318 1274 4377; x_wconf 72' lang='lat' dir='ltr'>gemma</span> <span class='ocrx_word' id='word_1_685' title='bbox 1296 4304 1407 4377; x_wconf 90' lang='lat' dir='ltr'>pudoris</span> <span class='ocrx_word' id='word_1_686' title='bbox 1420 4305 1426 4359; x_wconf 93' lang='lat' dir='ltr'>l</span> <span class='ocrx_word' id='word_1_687' title='bbox 1443 4324 1504 4381; x_wconf 85' lang='lat' dir='ltr'>quae</span> <span class='ocrx_word' id='word_1_688' title='bbox 1523 4309 1629 4368; x_wconf 85' lang='lat' dir='ltr'>inaures</span> <span class='ocrx_word' id='word_1_689' title='bbox 1651 4314 1727 4385; x_wconf 76' lang='lat' dir='ltr'>regi·</span> 
     </span>
     <span class='ocr_line' id='line_1_48' title="bbox 72 4392 1727 4476; baseline 0.001 -19"><span class='ocrx_word' id='word_1_690' title='bbox 72 4397 258 4471; x_wconf 88' lang='lat' dir='ltr'>sponsalitias,</span> <span class='ocrx_word' id='word_1_691' title='bbox 273 4399 474 4456; x_wconf 87' lang='lat' dir='ltr'>benedictiones</span> <span class='ocrx_word' id='word_1_692' title='bbox 495 4398 655 4463; x_wconf 86' lang='lat' dir='ltr'>dulcedinis,</span> <span class='ocrx_word' id='word_1_693' title='bbox 677 4398 705 4454; x_wconf 93' lang='lat' dir='ltr'>in</span> <span class='ocrx_word' id='word_1_694' title='bbox 728 4399 826 4470; x_wconf 91' lang='lat' dir='ltr'>quibus</span> <span class='ocrx_word' id='word_1_695' title='bbox 851 4407 876 4454; x_wconf 93' lang='grc' dir='ltr'>ιι</span> <span class='ocrx_word' id='word_1_696' title='bbox 929 4409 1024 4450; x_wconf 90' lang='lat' dir='ltr'>narum</span> <span class='ocrx_word' id='word_1_697' title='bbox 1038 4392 1101 4446; x_wconf 94' lang='lat' dir='ltr'>huic</span> <span class='ocrx_word' id='word_1_698' title='bbox 1123 4393 1370 4463; x_wconf 73' lang='lat' dir='ltr'>comparabuntur?</span> <span class='ocrx_word' id='word_1_699' title='bbox 1389 4395 1446 4452; x_wconf 89' lang='lat' dir='ltr'>Nec</span> <span class='ocrx_word' id='word_1_700' title='bbox 1469 4397 1606 4456; x_wconf 89' lang='lat' dir='ltr'>inferioris</span> <span class='ocrx_word' id='word_1_701' title='bbox 1622 4401 1727 4476; x_wconf 74' lang='lat' dir='ltr'>insigne</span> 
     </span>
     <span class='ocr_line' id='line_1_49' title="bbox 73 4479 1727 4561; baseline 0.001 -17"><span class='ocrx_word' id='word_1_702' title='bbox 73 4487 221 4561; x_wconf 78' lang='lat' dir='ltr'>praevenit,</span> <span class='ocrx_word' id='word_1_703' title='bbox 235 4503 314 4559; x_wconf 80' lang='lat' dir='ltr'>(luem</span> <span class='ocrx_word' id='word_1_704' title='bbox 338 4497 365 4544; x_wconf 90' lang='lat' dir='ltr'>et</span> <span class='ocrx_word' id='word_1_705' title='bbox 378 4489 597 4554; x_wconf 90' lang='lat' dir='ltr'>subsecuturum,</span> <span class='ocrx_word' id='word_1_706' title='bbox 613 4497 695 4558; x_wconf 87' lang='lat' dir='ltr'>atque</span> <span class='ocrx_word' id='word_1_707' title='bbox 714 4487 788 4559; x_wconf 90' lang='lat' dir='ltr'>quod</span> <span class='ocrx_word' id='word_1_708' title='bbox 801 4488 877 4545; x_wconf 90' lang='lat' dir='ltr'>deest</span> <span class='ocrx_word' id='word_1_709' title='bbox 929 4483 1036 4539; x_wconf 91' lang='lat' dir='ltr'>decoris</span> <span class='ocrx_word' id='word_1_710' title='bbox 1049 4479 1193 4550; x_wconf 89' lang='lat' dir='ltr'>disciplina</span> <span class='ocrx_word' id='word_1_711' title='bbox 1206 4479 1326 4551; x_wconf 81' lang='lat' dir='ltr'>praefert.</span> <span class='ocrx_word' id='word_1_712' title='bbox 1341 4481 1361 4540; x_wconf 94' lang='lat'>0</span> <span class='ocrx_word' id='word_1_713' title='bbox 1375 4499 1456 4555; x_wconf 90' lang='lat' dir='ltr'>quam</span> <span class='ocrx_word' id='word_1_714' title='bbox 1471 4488 1651 4556; x_wconf 82' lang='lat' dir='ltr'>compositum</span> <span class='ocrx_word' id='word_1_715' title='bbox 1666 4489 1727 4545; x_wconf 89' lang='lat' dir='ltr'>red-</span> 
     </span>
     <span class='ocr_line' id='line_1_50' title="bbox 74 4569 1726 4650; baseline 0.001 -16"><span class='ocrx_word' id='word_1_716' title='bbox 74 4576 275 4650; x_wconf 86' lang='lat' dir='ltr'>oompleturum</span> <span class='ocrx_word' id='word_1_717' title='bbox 291 4584 440 4650; x_wconf 80' lang='lat' dir='ltr'>exspectas.</span> <span class='ocrx_word' id='word_1_718' title='bbox 455 4577 513 4643; x_wconf 89' lang='lat' dir='ltr'>llle,</span> <span class='ocrx_word' id='word_1_719' title='bbox 533 4576 578 4635; x_wconf 91' lang='lat' dir='ltr'>ille</span> <span class='ocrx_word' id='word_1_720' title='bbox 597 4576 625 4632; x_wconf 94' lang='lat' dir='ltr'>in</span> <span class='ocrx_word' id='word_1_721' title='bbox 647 4576 764 4632; x_wconf 90' lang='lat' dir='ltr'>medium</span> <span class='ocrx_word' id='word_1_722' title='bbox 786 4578 878 4632; x_wconf 87' lang='lat' dir='ltr'>veniat</span> <span class='ocrx_word' id='word_1_723' title='bbox 930 4574 969 4629; x_wconf 93' lang='lat' dir='ltr'>dit</span> <span class='ocrx_word' id='word_1_724' title='bbox 994 4587 1103 4628; x_wconf 93' lang='lat' dir='ltr'>omnem</span> <span class='ocrx_word' id='word_1_725' title='bbox 1127 4569 1252 4640; x_wconf 89' lang='lat' dir='ltr'>puellaris</span> <span class='ocrx_word' id='word_1_726' title='bbox 1275 4572 1399 4642; x_wconf 87' lang='lat' dir='ltr'>corporis</span> <span class='ocrx_word' id='word_1_727' title='bbox 1418 4581 1526 4645; x_wconf 91' lang='lat' dir='ltr'>statum,</span> <span class='ocrx_word' id='word_1_728' title='bbox 1552 4577 1652 4632; x_wconf 90' lang='lat' dir='ltr'>nedum</span> <span class='ocrx_word' id='word_1_729' title='bbox 1676 4576 1726 4650; x_wconf 87' lang='lat' dir='ltr'>[nl.</span> 
     </span>
     <span class='ocr_line' id='line_1_51' title="bbox 75 4659 1729 4739; baseline 0 -17"><span class='ocrx_word' id='word_1_730' title='bbox 75 4681 185 4722; x_wconf 89' lang='lat' dir='ltr'>summo</span> <span class='ocrx_word' id='word_1_731' title='bbox 198 4665 296 4723; x_wconf 89' lang='lat' dir='ltr'>decore</span> <span class='ocrx_word' id='word_1_732' title='bbox 313 4665 477 4739; x_wconf 90' lang='lat' dir='ltr'>spectabilis,</span> <span class='ocrx_word' id='word_1_733' title='bbox 492 4665 559 4738; x_wconf 91' lang='lat' dir='ltr'>ipsis</span> <span class='ocrx_word' id='word_1_734' title='bbox 583 4680 692 4739; x_wconf 93' lang='lat' dir='ltr'>quoqne</span> <span class='ocrx_word' id='word_1_735' title='bbox 711 4664 815 4738; x_wconf 78' lang='lat' dir='ltr'>angelis</span> <span class='ocrx_word' id='word_1_736' title='bbox 829 4665 878 4720; x_wconf 90' lang='lat' dir='ltr'>ad·</span> <span class='ocrx_word' id='word_1_737' title='bbox 930 4677 981 4719; x_wconf 91' lang='lat' dir='ltr'>nec</span> <span class='ocrx_word' id='word_1_738' title='bbox 1004 4660 1068 4733; x_wconf 85' lang='lat' dir='ltr'>non]</span> <span class='ocrx_word' id='word_1_739' title='bbox 1088 4669 1115 4717; x_wconf 92' lang='lat' dir='ltr'>et</span> <span class='ocrx_word' id='word_1_740' title='bbox 1138 4660 1236 4715; x_wconf 91' lang='lat' dir='ltr'>mentis</span> <span class='ocrx_word' id='word_1_741' title='bbox 1258 4659 1389 4729; x_wconf 86' lang='lat' dir='ltr'>habitum,</span> <span class='ocrx_word' id='word_1_742' title='bbox 1413 4661 1573 4735; x_wconf 81' lang='lat' dir='ltr'>disciplinal</span> <span class='ocrx_word' id='word_1_743' title='bbox 1589 4664 1729 4722; x_wconf 91' lang='lat' dir='ltr'>Cervicem</span> 
     </span>
     <span class='ocr_line' id='line_1_52' title="bbox 76 4747 1730 4829; baseline -0.002 -20"><span class='ocrx_word' id='word_1_744' title='bbox 76 4754 219 4811; x_wconf 89' lang='lat' dir='ltr'>mirandus</span> <span class='ocrx_word' id='word_1_745' title='bbox 234 4763 370 4813; x_wconf 85' lang='lat' dir='ltr'>ornatus:</span> <span class='ocrx_word' id='word_1_746' title='bbox 396 4763 423 4811; x_wconf 93' lang='lat' dir='ltr'>et</span> <span class='ocrx_word' id='word_1_747' title='bbox 445 4756 582 4829; x_wconf 89' lang='lat' dir='ltr'>proferant</span> <span class='ocrx_word' id='word_1_748' title='bbox 600 4754 701 4827; x_wconf 90' lang='lat' dir='ltr'>siquid</span> <span class='ocrx_word' id='word_1_749' title='bbox 725 4755 813 4810; x_wconf 91' lang='lat' dir='ltr'>simile</span> <span class='ocrx_word' id='word_1_750' title='bbox 827 4755 878 4809; x_wconf 89' lang='lat' dir='ltr'>ha·</span> <span class='ocrx_word' id='word_1_751' title='bbox 932 4748 1074 4816; x_wconf 88' lang='lat' dir='ltr'>submittit,</span> <span class='ocrx_word' id='word_1_752' title='bbox 1096 4747 1171 4820; x_wconf 90' lang='lat' dir='ltr'>pouit</span> <span class='ocrx_word' id='word_1_753' title='bbox 1191 4747 1343 4818; x_wconf 90' lang='lat' dir='ltr'>supercilia,</span> <span class='ocrx_word' id='word_1_754' title='bbox 1371 4750 1507 4820; x_wconf 90' lang='lat' dir='ltr'>componit</span> <span class='ocrx_word' id='word_1_755' title='bbox 1528 4751 1641 4819; x_wconf 91' lang='lat' dir='ltr'>vultum,</span> <span class='ocrx_word' id='word_1_756' title='bbox 1663 4752 1730 4826; x_wconf 73' lang='lat' dir='ltr'>ligat</span> 
     </span>
     <span class='ocr_line' id='line_1_53' title="bbox 77 4836 1729 4917; baseline -0.003 -17"><span class='ocrx_word' id='word_1_757' title='bbox 77 4845 147 4902; x_wconf 87' lang='lat' dir='ltr'>beot</span> <span class='ocrx_word' id='word_1_758' title='bbox 160 4841 222 4899; x_wconf 82' lang='lat' dir='ltr'>filiae</span> <span class='ocrx_word' id='word_1_759' title='bbox 241 4843 395 4915; x_wconf 83' lang='lat' dir='ltr'>Babylonis,</span> <span class='ocrx_word' id='word_1_760' title='bbox 419 4860 534 4916; x_wconf 88' lang='lat' dir='ltr'>querum</span> <span class='ocrx_word' id='word_1_761' title='bbox 557 4859 622 4902; x_wconf 83' lang='lat' dir='ltr'>vere</span> <span class='ocrx_word' id='word_1_762' title='bbox 637 4843 723 4917; x_wconf 76' lang='lat' dir='ltr'>gloria</span> <span class='ocrx_word' id='word_1_763' title='bbox 738 4842 764 4896; x_wconf 91' lang='lat' dir='ltr'>in</span> <span class='ocrx_word' id='word_1_764' title='bbox 779 4841 880 4898; x_wconf 91' lang='lat' dir='ltr'>confu·</span> <span class='ocrx_word' id='word_1_765' title='bbox 931 4840 1036 4905; x_wconf 86' lang='lat' dir='ltr'>oculos,</span> <span class='ocrx_word' id='word_1_766' title='bbox 1051 4836 1196 4892; x_wconf 90' lang='lat' dir='ltr'>cachinnos</span> <span class='ocrx_word' id='word_1_767' title='bbox 1219 4836 1338 4903; x_wconf 87' lang='lat' dir='ltr'>cohibet,</span> <span class='ocrx_word' id='word_1_768' title='bbox 1359 4839 1514 4895; x_wconf 87' lang='lat' dir='ltr'>moderatur</span> <span class='ocrx_word' id='word_1_769' title='bbox 1528 4839 1659 4911; x_wconf 75' lang='lat' dir='ltr'>linguam,</span> <span class='ocrx_word' id='word_1_770' title='bbox 1674 4858 1729 4915; x_wconf 77' lang='lat' dir='ltr'>gu-</span> 
     </span>
     <span class='ocr_line' id='line_1_54' title="bbox 78 4924 1732 5005; baseline 0.002 -17"><span class='ocrx_word' id='word_1_771' title='bbox 78 4932 169 4988; x_wconf 88' lang='lat' dir='ltr'>sione.</span> <span class='ocrx_word' id='word_1_772' title='bbox 194 4933 345 4989; x_wconf 85' lang='lat' dir='ltr'>induuntur</span> <span class='ocrx_word' id='word_1_773' title='bbox 359 4948 478 5005; x_wconf 89' lang='lat' dir='ltr'>purpura</span> <span class='ocrx_word' id='word_1_774' title='bbox 496 4940 522 4987; x_wconf 90' lang='lat' dir='ltr'>et</span> <span class='ocrx_word' id='word_1_775' title='bbox 535 4933 627 5004; x_wconf 84' lang='lat' dir='ltr'>bysso,</span> <span class='ocrx_word' id='word_1_776' title='bbox 642 4931 666 4986; x_wconf 94' lang='lat' dir='ltr'>ei</span> <span class='ocrx_word' id='word_1_777' title='bbox 681 4928 796 4986; x_wconf 90' lang='lat' dir='ltr'>subinde</span> <span class='ocrx_word' id='word_1_778' title='bbox 810 4943 880 4985; x_wconf 89' lang='lat' dir='ltr'>con-</span> <span class='ocrx_word' id='word_1_779' title='bbox 932 4928 985 4984; x_wconf 90' lang='lat' dir='ltr'>lam</span> <span class='ocrx_word' id='word_1_780' title='bbox 1009 4926 1106 4991; x_wconf 88' lang='lat' dir='ltr'>frenat,</span> <span class='ocrx_word' id='word_1_781' title='bbox 1130 4925 1198 4980; x_wconf 89' lang='lat' dir='ltr'>iram</span> <span class='ocrx_word' id='word_1_782' title='bbox 1221 4926 1305 4993; x_wconf 89' lang='lat' dir='ltr'>sedat,</span> <span class='ocrx_word' id='word_1_783' title='bbox 1330 4924 1428 4982; x_wconf 91' lang='lat' dir='ltr'>format</span> <span class='ocrx_word' id='word_1_784' title='bbox 1451 4928 1596 4984; x_wconf 91' lang='lat' dir='ltr'>incessum.</span> <span class='ocrx_word' id='word_1_785' title='bbox 1620 4931 1732 4992; x_wconf 86' lang='lat' dir='ltr'>Talibus</span> 
     </span>
     <span class='ocr_line' id='line_1_55' title="bbox 78 5013 1731 5094; baseline -0.001 -15"><span class='ocrx_word' id='word_1_786' title='bbox 78 5021 195 5079; x_wconf 85' lang='lat' dir='ltr'>scientia</span> <span class='ocrx_word' id='word_1_787' title='bbox 207 5022 413 5094; x_wconf 78' lang='lat' dir='ltr'>pannosaJ&#39;acet</span> <span class='ocrx_word' id='word_1_788' title='bbox 435 5039 442 5076; x_wconf 92' lang='lat'>:</span> <span class='ocrx_word' id='word_1_789' title='bbox 462 5019 566 5092; x_wconf 76' lang='lat' dir='ltr'>fulgent</span> <span class='ocrx_word' id='word_1_790' title='bbox 588 5019 745 5090; x_wconf 90' lang='lat' dir='ltr'>monilibus,</span> <span class='ocrx_word' id='word_1_791' title='bbox 760 5016 882 5073; x_wconf 90' lang='lat' dir='ltr'>moribus</span> <span class='ocrx_word' id='word_1_792' title='bbox 932 5018 1009 5074; x_wconf 88' lang='lat' dir='ltr'>decet</span> <span class='ocrx_word' id='word_1_793' title='bbox 1023 5014 1159 5087; x_wconf 80' lang='lat' dir='ltr'>pudicitie</span> <span class='ocrx_word' id='word_1_794' title='bbox 1177 5020 1280 5072; x_wconf 88' lang='lat' dir='ltr'>vestem</span> <span class='ocrx_word' id='word_1_795' title='bbox 1305 5013 1435 5084; x_wconf 76' lang='lat' dir='ltr'>distingui</span> <span class='ocrx_word' id='word_1_796' title='bbox 1456 5017 1621 5088; x_wconf 75' lang='lat' dir='ltr'>margaritis.</span> <span class='ocrx_word' id='word_1_797' title='bbox 1637 5021 1731 5078; x_wconf 87' lang='lat' dir='ltr'>Istius-</span> 
     </span>
     <span class='ocr_line' id='line_1_56' title="bbox 79 5102 1734 5181; baseline -0.009 -11"><span class='ocrx_word' id='word_1_798' title='bbox 79 5111 204 5170; x_wconf 84' lang='lat' dir='ltr'>sordent.</span> <span class='ocrx_word' id='word_1_799' title='bbox 220 5111 244 5166; x_wconf 88' lang='lat' dir='ltr'><strong>E</strong></span> <span class='ocrx_word' id='word_1_800' title='bbox 266 5118 360 5169; x_wconf 87' lang='lat' dir='ltr'>eontra</span> <span class='ocrx_word' id='word_1_801' title='bbox 379 5120 406 5166; x_wconf 90' lang='lat' dir='ltr'>tu</span> <span class='ocrx_word' id='word_1_802' title='bbox 430 5109 499 5167; x_wconf 87' lang='lat' dir='ltr'>foris</span> <span class='ocrx_word' id='word_1_803' title='bbox 519 5124 647 5181; x_wconf 85' lang='lat' dir='ltr'>pannosa,</span> <span class='ocrx_word' id='word_1_804' title='bbox 664 5108 737 5165; x_wconf 89' lang='lat' dir='ltr'>intus</span> <span class='ocrx_word' id='word_1_805' title='bbox 760 5105 883 5177; x_wconf 89' lang='lat' dir='ltr'>speciosa</span> <span class='ocrx_word' id='word_1_806' title='bbox 933 5105 1005 5161; x_wconf 91' lang='lat' dir='ltr'>modi</span> <span class='ocrx_word' id='word_1_807' title='bbox 1021 5103 1186 5161; x_wconf 89' lang='lat' dir='ltr'>circumdata</span> <span class='ocrx_word' id='word_1_808' title='bbox 1199 5102 1328 5160; x_wconf 86' lang='lat' dir='ltr'>varietate</span> <span class='ocrx_word' id='word_1_809' title='bbox 1341 5103 1493 5175; x_wconf 81' lang='lat' dir='ltr'>virginitas,</span> <span class='ocrx_word' id='word_1_810' title='bbox 1508 5108 1552 5163; x_wconf 93' lang='lat' dir='ltr'>cui</span> <span class='ocrx_word' id='word_1_811' title='bbox 1567 5109 1659 5180; x_wconf 65' lang='lat' dir='ltr'>plurim</span> <span class='ocrx_word' id='word_1_812' title='bbox 1673 5127 1734 5168; x_wconf 69' lang='lat' dir='ltr'>me.</span> 
     </span>
     <span class='ocr_line' id='line_1_57' title="bbox 81 5190 1734 5272; baseline 0 -18"><span class='ocrx_word' id='word_1_813' title='bbox 81 5200 252 5272; x_wconf 86' lang='lat' dir='ltr'>resplendes,</span> <span class='ocrx_word' id='word_1_814' title='bbox 276 5200 325 5256; x_wconf 88' lang='lat' dir='ltr'>sed</span> <span class='ocrx_word' id='word_1_815' title='bbox 346 5199 445 5256; x_wconf 80' lang='lat' dir='ltr'>divinia</span> <span class='ocrx_word' id='word_1_816' title='bbox 471 5199 637 5271; x_wconf 84' lang='lat' dir='ltr'>aspectibus,</span> <span class='ocrx_word' id='word_1_817' title='bbox 664 5212 718 5254; x_wconf 91' lang='lat' dir='ltr'>nou</span> <span class='ocrx_word' id='word_1_818' title='bbox 745 5196 881 5252; x_wconf 91' lang='lat' dir='ltr'>humanis.</span> <span class='ocrx_word' id='word_1_819' title='bbox 934 5196 988 5250; x_wconf 92' lang='lat' dir='ltr'>rito</span> <span class='ocrx_word' id='word_1_820' title='bbox 1002 5209 1056 5250; x_wconf 95' lang='lat' dir='ltr'>non</span> <span class='ocrx_word' id='word_1_821' title='bbox 1072 5192 1233 5265; x_wconf 74' lang='lat' dir='ltr'>praefertur?</span> <span class='ocrx_word' id='word_1_822' title='bbox 1243 5190 1403 5262; x_wconf 69' lang='lat' dir='ltr'>inpelleret</span> <span class='ocrx_word' id='word_1_823' title='bbox 1417 5192 1541 5267; x_wconf 71' lang='lat' dir='ltr'>Angelus</span> <span class='ocrx_word' id='word_1_824' title='bbox 1555 5197 1637 5255; x_wconf 91' lang='lat' dir='ltr'>babet</span> <span class='ocrx_word' id='word_1_825' title='bbox 1651 5198 1734 5272; x_wconf 70' lang='lat' dir='ltr'>virgi-</span> 
     </span>
     <span class='ocr_line' id='line_1_58' title="bbox 80 5281 1736 5362; baseline -0.001 -15"><span class='ocrx_word' id='word_1_826' title='bbox 80 5292 159 5347; x_wconf 90' lang='lat' dir='ltr'>lntus</span> <span class='ocrx_word' id='word_1_827' title='bbox 173 5292 217 5346; x_wconf 89' lang='lat' dir='ltr'>est</span> <span class='ocrx_word' id='word_1_828' title='bbox 239 5289 312 5362; x_wconf 93' lang='lat' dir='ltr'>quod</span> <span class='ocrx_word' id='word_1_829' title='bbox 334 5289 461 5358; x_wconf 90' lang='lat' dir='ltr'>delectat,</span> <span class='ocrx_word' id='word_1_830' title='bbox 477 5290 541 5362; x_wconf 88' lang='lat' dir='ltr'>quia</span> <span class='ocrx_word' id='word_1_831' title='bbox 565 5289 636 5344; x_wconf 85' lang='lat' dir='ltr'>intus</span> <span class='ocrx_word' id='word_1_832' title='bbox 653 5295 695 5344; x_wconf 89' lang='lat' dir='ltr'>est</span> <span class='ocrx_word' id='word_1_833' title='bbox 710 5300 790 5359; x_wconf 90' lang='lat' dir='ltr'>quem</span> <span class='ocrx_word' id='word_1_834' title='bbox 809 5283 883 5340; x_wconf 91' lang='lat' dir='ltr'>dele·</span> <span class='ocrx_word' id='word_1_835' title='bbox 934 5285 1056 5351; x_wconf 88' lang='lat' dir='ltr'>nitatem,</span> <span class='ocrx_word' id='word_1_836' title='bbox 1071 5281 1185 5336; x_wconf 88' lang='lat' dir='ltr'>sednon</span> <span class='ocrx_word' id='word_1_837' title='bbox 1199 5294 1306 5336; x_wconf 90' lang='lat' dir='ltr'>carnem</span> <span class='ocrx_word' id='word_1_838' title='bbox 1322 5298 1329 5334; x_wconf 78' lang='lat' dir='ltr'><em>z</em></span> <span class='ocrx_word' id='word_1_839' title='bbox 1346 5296 1410 5337; x_wconf 90' lang='lat' dir='ltr'>sane</span> <span class='ocrx_word' id='word_1_840' title='bbox 1425 5281 1537 5356; x_wconf 90' lang='lat' dir='ltr'>felicior,</span> <span class='ocrx_word' id='word_1_841' title='bbox 1546 5300 1624 5358; x_wconf 88' lang='lat' dir='ltr'>quam</span> <span class='ocrx_word' id='word_1_842' title='bbox 1639 5286 1736 5350; x_wconf 79' lang='lat' dir='ltr'>fortior</span> 
     </span>
    </p>
   </div>
   <div class='ocr_carea' id='block_1_3' title="bbox 78 5367 1735 5540">
    <p class='ocr_par' dir='ltr' id='par_1_3' title="bbox 78 5367 1735 5540">
     <span class='ocr_line' id='line_1_59' title="bbox 78 5367 1735 5473; baseline -0.004 -17"><span class='ocrx_word' id='word_1_843' title='bbox 78 5398 81 5409; x_wconf 84' lang='lat'>&#39;</span> <span class='ocrx_word' id='word_1_844' title='bbox 118 5397 197 5471; x_wconf 77' lang='lat'>(313)</span> <span class='ocrx_word' id='word_1_845' title='bbox 220 5399 262 5454; x_wconf 89' lang='lat' dir='ltr'>lta</span> <span class='ocrx_word' id='word_1_846' title='bbox 287 5395 463 5471; x_wconf 88' lang='lat' dir='ltr'>manuscripti</span> <span class='ocrx_word' id='word_1_847' title='bbox 498 5402 525 5453; x_wconf 85' lang='lat' dir='ltr'>et</span> <span class='ocrx_word' id='word_1_848' title='bbox 552 5392 723 5469; x_wconf 86' lang='lat' dir='ltr'>antiquiores</span> <span class='ocrx_word' id='word_1_849' title='bbox 755 5389 886 5449; x_wconf 90' lang='lat' dir='ltr'>editiones</span> <span class='ocrx_word' id='word_1_850' title='bbox 936 5370 963 5425; x_wconf 53' lang='lat'>1¹¹</span> <span class='ocrx_word' id='word_1_851' title='bbox 977 5371 1028 5471; x_wconf 42' lang='grc' dir='ltr'>ιιι</span> <span class='ocrx_word' id='word_1_852' title='bbox 1042 5375 1130 5470; x_wconf 36' lang='lat' dir='ltr'>parte..</span> <span class='ocrx_word' id='word_1_853' title='bbox 1138 5367 1263 5468; x_wconf 52' lang='lat' dir='ltr'>Ofillius</span> <span class='ocrx_word' id='word_1_854' title='bbox 1276 5375 1303 5425; x_wconf 59' lang='grc' dir='ltr'>θ*</span> <span class='ocrx_word' id='word_1_855' title='bbox 1321 5370 1446 5473; x_wconf 33' lang='lat' dir='ltr'>wilm-⁸</span> <span class='ocrx_word' id='word_1_856' title='bbox 1458 5371 1535 5431; x_wconf 64' lang='lat' dir='ltr'>V‘l&#39;df</span> <span class='ocrx_word' id='word_1_857' title='bbox 1550 5384 1661 5434; x_wconf 70' lang='lat' dir='ltr'>⁰l11⁸l¹¹⁸</span> <span class='ocrx_word' id='word_1_858' title='bbox 1673 5377 1735 5450; x_wconf 61' lang='lat'><strong>5⁵¹0,</strong></span> 
     </span>
     <span class='ocr_line' id='line_1_60' title="bbox 81 5457 1511 5540; baseline -0.005 -11"><span class='ocrx_word' id='word_1_859' title='bbox 81 5471 170 5540; x_wconf 76' lang='lat' dir='ltr'>Alias,</span> <span class='ocrx_word' id='word_1_860' title='bbox 186 5473 351 5529; x_wconf 75' lang='lat' dir='ltr'>molatura.</span> <span class='ocrx_word' id='word_1_861' title='bbox 939 5477 985 5535; x_wconf 86' lang='lat' dir='ltr'>qur</span> <span class='ocrx_word' id='word_1_862' title='bbox 1003 5467 1031 5517; x_wconf 93' lang='lat' dir='ltr'>et</span> <span class='ocrx_word' id='word_1_863' title='bbox 1043 5457 1148 5533; x_wconf 75' lang='lat' dir='ltr'>angelis</span> <span class='ocrx_word' id='word_1_864' title='bbox 1165 5466 1252 5531; x_wconf 83' lang='lat' dir='ltr'>possit</span> <span class='ocrx_word' id='word_1_865' title='bbox 1269 5474 1331 5516; x_wconf 89' lang='lat' dir='ltr'>esse</span> <span class='ocrx_word' id='word_1_866' title='bbox 1350 5461 1511 5522; x_wconf 79' lang='lat' dir='ltr'>invidiosus.</span> 
     </span>
    </p>
   </div>
   <div class='ocr_carea' id='block_1_4' title="bbox 0 0 1901 5940">
    <p class='ocr_par' dir='ltr' id='par_1_4' title="bbox 0 0 1901 5940">
     <span class='ocr_line' id='line_1_61' title="bbox 0 0 1901 5940; baseline 0 0"><span class='ocrx_word' id='word_1_867' title='bbox 0 0 1901 5940; x_wconf 95' lang='lat' dir='ltr'> </span> 
     </span>
    </p>
   </div>
  </div>
 </body>
</html>
