3728 5940
732 232 910 296 seurota.

1591 234 1647 299 l‘lb

84 354 324 426 epraesentialiter
346 365 373 412 et
398 357 579 415 communiter
604 366 790 416 tractaremus.
805 372 830 452 fl
845 358 1005 428 illustrarit,
1030 366 1058 415 et
1082 358 1231 430 Sareptena
1254 359 1355 417 mulier
1378 360 1412 418 sd
1435 376 1530 420 eorum
1550 378 1646 420 vocem

84 459 146 499 vero
161 460 193 498 ex
215 444 313 500 divinae
330 446 515 517 dispositionis
533 447 645 503 arbitrio
659 447 687 503 in
701 448 790 505 medio
844 447 986 504 innumera
1009 464 1073 505 vasa
1094 447 1128 503 de
1150 448 1260 505 modico
1282 449 1353 517 oleo,
1374 449 1447 521 quod
1470 451 1600 507 babuerat
1616 453 1643 508 iu

98 533 131 588 ad
146 534 291 603 regendum
307 535 395 590 navim
419 535 546 593 Ecclesiae
569 535 714 601 constituti,
730 536 788 593 cir-

84 621 241 678 aerlentinm
261 623 438 694 procellarnm
453 624 626 682 inundatione
639 625 787 681 contundi-

83 717 110 766 ut
124 726 179 766 non
194 713 266 782 quod
281 713 416 777 volumus,
431 715 479 768 sed
505 715 578 786 qnod
593 716 727 779 nolumus,
743 713 787 769 la-

84 815 110 864 s;
126 809 153 855 et
175 811 308 871 susceptae
331 801 570 858 administrationis
584 802 675 859 cilicio
689 803 786 875 alliga·

83 886 151 943 ande
167 889 199 940 ad
222 896 345 957 optatum
365 890 452 945 locum
468 906 591 962 gressum
606 890 715 947 {lectore
729 905 785 946 non

83 990 149 1031 tus:
175 977 370 1046 perspiritum
396 988 422 1032 et
445 978 547 1034 litteras
575 988 680 1036 nostres
706 979 784 1035 robis

83 1064 160 1119 ntism
183 1065 351 1134 exhibemus,
379 1075 421 1135 et,
450 1076 583 1139 quatenus
611 1069 782 1137 permittitur,

83 1160 121 1208 tle
135 1167 167 1207 ac
181 1151 316 1210 desiderio
329 1166 418 1211 vestro
434 1171 485 1211 nos
505 1156 649 1212 conventui
662 1172 784 1228 pressen-

83 1257 92 1312 ;
113 1241 255 1311 cupientes
277 1243 442 1313 quidemst
466 1255 564 1316 quanto
584 1245 784 1316 possumusal-

83 1337 212 1402 ugantes,
228 1341 257 1386 ut
272 1340 299 1388 et
314 1347 362 1388 uos
385 1334 558 1403 conjunctum
572 1335 649 1391 nobis
664 1345 782 1391 vestrum

84 1435 112 1474 m
126 1419 256 1486 babeatis,
273 1430 299 1475 et
312 1420 340 1476 in
357 1423 494 1478 communi
518 1440 601 1493 super
624 1440 673 1481 rios
695 1424 784 1479 omni·

83 1505 107 1562 is
120 1507 168 1562 Dei
182 1509 299 1578 gratiam
313 1510 477 1580 propensius
491 1510 650 1581 imploretis.
662 1513 691 1567 ln
705 1528 783 1568 mon-

83 1594 180 1664 tnidem
204 1597 303 1653 vertice
328 1598 538 1665 constantinii
558 1600 676 1672 undique
692 1609 783 1659 vento·

83 1684 166 1740 stibus
178 1687 379 1756 propulsamur,
387 1702 527 1757 speramus
537 1703 588 1744 nos
597 1705 629 1744 es
643 1690 692 1745 Dei
708 1690 781 1746 dono

83 1778 155 1828 lenus
179 1775 205 1827 in
235 1783 308 1830 tanto
338 1775 443 1832 turbine
471 1792 552 1846 posse
575 1777 734 1844 subsistere,
757 1778 780 1833 si

82 1877 139 1916 tum
162 1869 312 1917 vestrarum
334 1863 512 1921 interventum
534 1866 606 1938 apud
619 1866 706 1921 Deum
722 1882 779 1923 me·

83 1965 120 2004 rus
131 1950 264 2007 obtinere.
280 1953 314 2007 Ut
329 1963 419 2008 antem
434 1953 508 2025 apud
523 1968 586 2010 eum
600 1955 635 2011 de
650 1954 779 2013 orationi-

83 2040 154 2093 tstris
178 2050 328 2111 promptam
358 2056 464 2112 semper
490 2043 629 2099 valeamus
657 2045 778 2102 invenire

82 2141 127 2190 m,
149 2135 176 2182 et
202 2130 275 2198 quod
301 2129 402 2184 nostris
430 2130 535 2187 meritis
561 2148 616 2188 non
644 2133 776 2200 valemus,

94 2214 332 2274 intercessionibus
353 2235 552 2290 assequamur:
571 2234 697 2294 optamus
711 2223 777 2279 cha·

82 2312 225 2360 suestram
247 2306 281 2361 de
303 2306 344 2360 his¹
363 2324 424 2379 quae
447 2309 481 2364 ad
494 2309 576 2364 Deum
593 2318 665 2374 tlttnl,
683 2311 716 2365 de
729 2311 777 2365 ob-

82 2392 116 2447 tia
129 2393 243 2459 ordinis,
260 2395 293 2449 de
309 2396 433 2451 custodia
446 2397 602 2467 disciplinae,
619 2397 655 2453 ita
669 2414 776 2469 semper

82 2477 213 2545 illicitam,
239 2489 266 2535 ut
288 2482 449 2553 contemptis
471 2498 532 2553 quae
555 2493 628 2538 retro
647 2494 721 2553 sunt,
737 2486 774 2539 ita

81 2570 217 2625 anteriora
238 2586 457 2642 unumquemque
478 2577 599 2626 uestrum
617 2573 773 2642 extendere,

82 2663 102 2712 ta
125 2659 213 2713 nubes
235 2659 262 2712 in
285 2658 411 2728 operibus
432 2661 530 2714 vestris
552 2668 687 2730 appareat,
711 2677 772 2732 quac

83 2761 112 2800 os
139 2755 251 2818 vestras,
274 2748 418 2819 quominus
444 2747 479 2801 ad
506 2747 593 2801 Deum
622 2757 772 2818 penetrent,

81 2832 226 2904 aliquanda
241 2833 398 2904 praepedire.

841 535 962 608 lecytho,
987 535 1101 607 replerit
1121 536 1175 607 (lll
1196 537 1259 610 Req.
1285 553 1351 604 xvir,
1378 540 1422 610 to,
1448 539 1503 610 lt).
1519 539 1590 597 Sane
1605 540 1644 598 illi

844 625 976 697 primitias
1000 623 1117 696 Spiritus
1141 633 1311 694 acceperunt,
1335 635 1363 683 et
1386 626 1475 684 oleum
1503 626 1643 686 suavstatis

842 725 936 768 eorum
950 712 983 766 ad
998 727 1049 768 nos
1064 727 1150 781 mque
1169 712 1291 767 delinxit.

877 803 903 855 3.
925 800 1003 859 Unde
1023 798 1198 874 cogitandum
1218 800 1296 857 vobis
1310 809 1351 858 est
1364 803 1493 860 attentius
1508 812 1536 860 et
1549 820 1638 877 agen·

840 888 914 952 dum,
943 896 971 943 ut
992 903 1045 943 non
1070 888 1241 960 degeneretis
1263 889 1296 944 de
1310 905 1404 946 eorum
1418 891 1571 962 uirtutibus,
1588 893 1636 950 sed

838 977 934 1051 quales
948 976 1038 1033 inistis
1053 977 1080 1031 in
1095 977 1230 1048 germine,
1245 977 1303 1034 sitis
1317 980 1399 1034 etism
1413 980 1440 1036 in
1455 981 1592 1055 vlrgulto:
1609 994 1637 1040 et

838 1066 884 1139 qui
908 1084 940 1123 ex
964 1066 1003 1122 eis
1024 1066 1086 1123 vitae
1109 1066 1212 1122 semina
1235 1069 1403 1140 suscepistis,
1427 1070 1500 1126 idem
1518 1086 1581 1128 cum
1597 1077 1637 1130 eis

839 1169 952 1228 germen
966 1153 1097 1221 alteratis,
1113 1162 1140 1209 et
1154 1151 1284 1211 fructum.
1296 1156 1439 1211 Intuemini
1454 1157 1568 1229 qualiter
1583 1159 1636 1227 illi,

840 1258 957 1315 quorum
980 1242 1121 1314 lampades
1150 1242 1370 1320 exstinguuntur,
1397 1244 1431 1300 ds
1456 1246 1518 1303 oleo
1546 1254 1637 1304 vestro

838 1339 967 1402 exoptant
981 1330 1117 1403 accipere,
1132 1332 1258 1401 etmulti,
1268 1332 1312 1404 qui
1325 1341 1553 1405 computruerunt
1568 1335 1638 1394 sicin

835 1422 960 1491 jumenta
987 1420 1014 1473 in
1040 1428 1159 1476 stercore
1187 1435 1251 1489 suo,
1268 1424 1301 1475 ad
1327 1431 1481 1495 respectum
1510 1439 1638 1495 supernae

838 1509 932 1579 gratiae
959 1506 1086 1581 regimini
1114 1515 1206 1565 vestro
1233 1509 1378 1575 committi,
1411 1518 1438 1566 et
1465 1512 1634 1569 orationibus

837 1595 993 1652 desiderant
1007 1595 1203 1652 commendari.
1221 1595 1254 1650 Et
1270 1595 1397 1669 quonism
1416 1597 1463 1652 lilii
1478 1600 1569 1656 seculi
1584 1600 1635 1655 hu-

833 1685 880 1756 jus
907 1700 955 1743 sos
977 1684 1124 1740 renitentes
1147 1684 1230 1739 etiam
1254 1685 1288 1739 ad
1314 1683 1434 1758 regimen
1463 1686 1506 1742 sui
1529 1689 1633 1743 trahere

837 1770 995 1837 moliuntur,
1020 1782 1047 1826 et
1069 1771 1102 1826 de
1124 1771 1214 1842 quiete
1234 1770 1470 1844 contemplationis
1492 1780 1519 1829 et
1531 1774 1631 1832 deserti

836 1859 943 1916 silentio
966 1860 1061 1916 volunt
1081 1874 1129 1917 vos
1152 1858 1295 1931 aliquoties
1322 1862 1354 1914 sd
1384 1860 1574 1932 occupationes
1601 1870 1629 1920 et

835 1948 944 2020 negotia
956 1963 1100 2020 revocare3
1117 1948 1149 2003 ad
1165 1947 1263 2004 mentis
1283 1949 1391 2004 ocntrrm
1408 1958 1512 2018 patrum
1527 1959 1631 2007 vestro·

835 2053 896 2094 rum
923 2036 1047 2094 instituta
1074 2037 1205 2104 reducite,
1231 2045 1259 2091 et
1282 2035 1472 2109 propheticum
1500 2037 1631 2096 habentes

834 2124 998 2197 exemplum,
1018 2125 1109 2197 eligite
1131 2125 1218 2198 magis
1240 2125 1339 2194 abjecti
1361 2139 1421 2181 esse
1435 2125 1557 2183 iudomo
1572 2129 1631 2199 Dei,

832 2228 915 2285 quam
924 2212 1048 2270 habitare
1058 2212 1086 2268 in
1096 2212 1220 2269 tentoriis
1231 2220 1405 2284 peccatorum
1415 2215 1630 2290 (Psalmxurtr,

835 2300 890 2371 ll).
905 2300 940 2356 Et
962 2300 1026 2373 qnia
1048 2300 1116 2356 nihil
1140 2300 1247 2357 habetis
1267 2300 1341 2373 quod
1356 2315 1409 2356 non
1424 2301 1581 2373 accepistis;
1597 2304 1632 2362 de

832 2389 950 2446 Domino
964 2389 992 2444 in
1015 2388 1143 2455 bonitate,
1165 2389 1200 2444 dc
1222 2387 1300 2443 robis
1323 2395 1415 2444 autem
1436 2387 1463 2443 in
1478 2391 1633 2452 bumilitate

832 2480 940 2548 sentito,
957 2478 1030 2534 nude
1044 2477 1117 2532 illius
1131 2477 1280 2532 rideamini
1294 2475 1408 2549 vestigia
1419 2477 1505 2551 sequi,
1517 2478 1563 2552 qui
1574 2480 1630 2538 eit:

833 2566 1003 2624 commata
1012 2565 1080 2623 bene
1087 2564 1329 2638 [scantindics'tq
1339 2566 1410 2636 Quia
1422 2570 1496 2624 serus¹
1504 2569 1627 2626 inutiles

830 2654 1169 2727 sanctasanctorum).
1183 2654 1210 2710 Si
1226 2652 1299 2709 enim
1314 2670 1415 2728 genera
1430 2653 1596 2730 linguarum,
1605 2660 1629 2715 si

828 2744 943 2817 gratiam
956 2742 1111 2810 sanitatum,
1133 2742 1158 2799 si
1182 2743 1361 2817 prophetandi
1382 2743 1523 2801 scientiam
1546 2761 1627 2804 acce-

827 2833 917 2903 pistis;
934 2831 958 2888 si
973 2833 1055 2889 verba
1073 2840 1163 2889 uestra
1185 2832 1298 2888 meliora
1321 2839 1395 2900 sunt,
1419 2832 1474 2889 imo
1496 2832 1622 2907 fragran-

82 2923 167 2978 uotits
182 2924 282 2994 itaque,
305 2921 354 2977 filii
380 2922 558 2990 dilectissimi,
578 2923 726 2981 convenitis
742 2927 768 2982 in
784 2933 806 3012 c
823 2923 895 2977 liora
916 2919 1064 2992 unguentis
1088 2920 1211 2991 optimis,
1238 2920 1260 2975 si
1282 2919 1399 2977 mundus
1414 2929 1549 2979 reveretur
1564 2938 1622 2991 vos,

83 3013 117 3070 de
130 3013 297 3086 corrigendis
312 3029 372 3084 quae
384 3013 413 3068 in
427 3014 561 3086 aliquibus
575 3024 693 3070 restrum
708 3031 767 3072 cor·
822 3018 849 3066 et
862 3009 890 3066 in
904 3010 989 3066 odore
1002 3020 1203 3082 unguentorum
1214 3015 1365 3064 uestrorum
1375 3024 1487 3066 currere
1501 3010 1620 3067 delecta·

82 3109 170 3166 sunt,
186 3111 214 3157 et
227 3101 378 3158 statuendis
398 3118 458 3174 quae
482 3103 516 3157 ad
530 3104 680 3159 animarum
694 3105 767 3160 satn-
821 3105 877 3163 turt
895 3097 955 3167 ejus
968 3111 1038 3169 opus
1050 3104 1154 3154 aenum
1168 3104 1209 3153 est
1224 3112 1293 3164 csse,
1309 3096 1355 3169 qui
1365 3096 1404 3154 sil
1419 3116 1426 3153 :
1441 3100 1526 3156 Pater
1538 3116 1619 3160 meas

82 3189 229 3263 protectum
246 3191 348 3246 ordinis
362 3190 461 3247 luerint
475 3194 631 3262 statuenda,
646 3207 766 3249 commu·
819 3186 1002 3259 usquemodo
1017 3190 1153 3258 operator
1166 3185 1258 3254 (loon.
1275 3200 1304 3253 v,
1321 3184 1376 3256 tt).

81 3293 148 3334 uam
170 3280 277 3344 habeto,
302 3280 429 3352 quoniam
453 3280 499 3353 qni
523 3281 630 3337 modica
648 3281 763 3354 spernit,

82 3383 97 3422 u
112 3361 325 3437 decidit'OEccli.
341 3384 403 3434 xrs,
421 3367 458 3439 l),
473 3385 524 3426 nec
536 3386 568 3426 ea
583 3385 644 3442 quse
659 3369 764 3427 ntinora

989 3271 1165 3330 EPISTOLA
1181 3272 1341 3331 cccxxiii
1353 3274 1440 3346 (728).

963 3376 1001 3419 au
1028 3377 1160 3420 noutnou
1189 3377 1282 3419 etesia
1310 3377 1469 3423 suasuros.

83 3472 96 3510 r
118 3456 146 3512 iu
169 3457 255 3522 vobis,
279 3458 431 3513 incorrecta
452 3458 605 3530 relinquite.
631 3459 764 3516 inutiliter
817 3453 992 3514 laetaturae
1007 3454 1128 3520 litteras,
1144 3454 1204 3513 aeto
1219 3458 1249 3510 ct
1263 3455 1374 3526 assecta
1387 3454 1499 3526 plena,
1509 3473 1528 3512 a
1543 3457 1614 3515 Pon-

82 3552 145 3599 trtss
158 3544 273 3601 ciuitatis
298 3546 406 3601 obserat
432 3545 483 3617 [ol.
498 3546 645 3618 obsersatl,
660 3548 707 3620 qui
719 3549 762 3604 vel
854 3522 928 3608 tifissf
949 3525 986 3581 ad
1002 3526 1166 3612 tantillum
1189 3527 1321 3598 scriptas·
1349 3528 1496 3597 Hortatur,
1517 3531 1560 3612 at,
1580 3544 1614 3586 ea

82 3632 204 3698 bremen,
229 3634 301 3686 unde
324 3631 519 3703 ingrediantur,
536 3634 661 3690 hostibus
679 3635 761 3690 relin-
851 3596 1046 3654 mmmm
1059 3601 1159 3669 ΨΜ
1171 3600 1265 3668 som
1283 3613 1388 3662 ΝΜ*
1406 3597 1453 3655 led
1472 3617 1559 3672 W
1579 3615 1615 3657 ἰθ

82 3727 180 3785 ΗΜ,
204 3720 309 3773 dicem
331 3721 475 3792 scriptum,
494 3743 506 3774 c
525 3721 597 3777 Idem
618 3722 684 3778 facit
696 3738 761 3777 m·
851 3681 899 3721 sas
915 3666 1027 3722 &dunas
1042 3669 1199 3739 deliciosos.
1216 3666 1347 3724 abbatem
1365 3670 1462 3725 l'ream
1478 3672 1535 3727 Fon
1562 3687 1610 3726 am

851 3751 870 3790 a
882 3739 1057 3807 protectura
1070 3754 1123 3794 aaa
1136 3739 1311 3794 abstractam
1325 3741 1466 3810 queritur.

81 3806 168 3879 decta,
185 3809 256 3879 quod
281 3817 376 3863 ventus
400 3808 518 3877 irruens;
537 3829 550 3861 a
570 3817 619 3868 et:
639 3833 651 3861 a
668 3812 761 3869 litant
851 3822 1043 3878 Amantissimo
1058 3825 1127 3894 patri
1141 3831 1168 3880 et
1180 3824 1291 3879 domino
1307 3824 1447 3892 Eousmm,
1460 3826 1512 3883 Dei
1525 3829 1613 3901 gratia

85 3896 759 3971 ;Vid011⁰⁰ht¹¹³ti⁸⁸l01¹³·”Respiciledluoewt
815 3925 922 3968 summo
949 3909 1093 3980 Pontifici,
1123 3911 1208 3967 trater
1234 3913 1402 3971 Bassianus
1428 3914 1614 3974 Clarae-Vallis

84 3999 128 4040 res
151 3992 249 4056 patres,
273 3984 319 4056 qui
349 3993 469 4040 nostrum
498 4003 604 4043 sacrum
632 3987 760 4045 Ordinem
814 3999 1033 4070 priminianum,
1048 3998 1225 4056 modinumid
1239 4001 1312 4072 quod
1327 4011 1380 4057 est.

84 4085 125 4140 ⁰¹3
149 4083 175 4128 et
198 4074 374 4141 considerate,
392 4075 507 4145 qualiter
528 4077 623 4133 re¹5⁰1⁰
647 4080 759 4144 mund&
851 4092 876 4144 l.
900 4088 961 4145 Vox
986 4087 1097 4167 tthuris
1121 4087 1214 4144 audita
1238 4095 1280 4144 sst
1302 4087 1330 4144 in
1350 4088 1471 4161 capitulo
1490 4099 1610 4149 nostro:

81 4162 161 4235 mptis
176 4163 314 4230 omnibus,
329 4163 443 4220 molluit
457 4174 579 4223 mortuos
593 4181 657 4223 suot
676 4183 759 4239 tept—
774 4213 798 4291 ss
814 4176 1019 4246 exsultavimus,
1045 4184 1072 4234 et
1092 4175 1216 4235 delectati
1239 4191 1344 4234 sumas.
1368 4178 1450 4235 Plane
1473 4180 1610 4253 eloquium

81 4252 154 4319 istis,
178 4253 212 4307 td
235 4253 407 4309 ⁸⁰¹il1¹di¹10¹¹¹
421 4254 589 4322 milleium,
611 4256 684 4312 unde
698 4256 759 4314 aliis
812 4273 926 4334 castum,
951 4264 1085 4323 lerridnm
1108 4267 1176 4334 zelo,
1200 4276 1308 4323 cnutum
1335 4268 1462 4326 scientia.
1489 4269 1613 4342 Spiritus

81 4356 184 4415 equens
217 4342 395 4399 ministerium
421 4345 623 4416 satagentibus,
648 4347 699 4416 ipsi
724 4349 756 4404 ad
810 4354 872 4410 vitae
887 4354 1005 4422 spirabat
1020 4355 1047 4410 in
1063 4353 1167 4421 litteris,
1185 4353 1296 4425 spiritus
1310 4357 1466 4426 uehemens,
1483 4360 1610 4418 intonans

81 4443 122 4483 esu
135 4445 196 4484 eum
211 4430 292 4486 biania
306 4431 434 4488 sederunt
448 4433 537 4503 ldae..
547 4448 577 4502 x,
594 4437 638 4502 ³9,
654 4436 712 4504 4⁰),
727 4444 759 4492 ul
810 4452 837 4499 et
850 4443 1007 4516 increpans,
1024 4451 1051 4499 et
1063 4445 1195 4500 aemulans
1218 4459 1271 4501 nos
1288 4445 1337 4502 Dei
1360 4448 1541 4508 emulatione.
1557 4451 1608 4507 Fa-

81 4516 168 4573 berius
190 4520 299 4576 coeleste
322 4535 421 4576 manua
446 4521 626 4594 perciperent,
656 4532 756 4596 quanto
811 4542 879 4598 teor,
895 4547 950 4590 non
965 4532 1043 4590 laniis
1056 4532 1172 4590 dixerim
1194 4532 1260 4606 quid
1277 4549 1323 4590 me
1337 4535 1456 4606 amplius
1469 4537 1609 4595 delectarit

102 4606 137 4660 ah
174 4608 290 4681 AEgypto
327 4607 524 4668 discessissent.
554 4610 606 4683 ipsi
644 4612 756 4683 quidem
808 4620 835 4676 in
851 4621 913 4695 illis,
936 4631 1024 4682 vestra
1049 4622 1214 4698 benignitas,
1231 4639 1266 4679 an
1290 4631 1382 4682 nostra
1397 4625 1514 4693 utilitum
1530 4626 1609 4682 incli-

81 4702 143 4753 sunt
168 4698 201 4752 de
223 4705 295 4753 terra
319 4707 346 4753 et
368 4698 402 4754 de
424 4699 587 4773 cognatione
601 4718 663 4772 sua;
678 4704 755 4763 obliti
808 4719 870 4766 nata
883 4712 1022 4782 majestas,
1039 4728 1072 4766 an
1092 4720 1182 4768 erecta
1202 4711 1353 4779 bumilitas;
1378 4713 1508 4770 mordens
1526 4729 1608 4770 sere-

81 4783 168 4852 tulum
192 4802 283 4852 snum,
298 4795 326 4845 et
339 4786 449 4843 domum
463 4789 547 4861 patris
561 4791 603 4845 sui
620 4809 626 4846 :
642 4801 670 4848 et
682 4807 753 4864 quo·
808 4799 880 4866 ritas,
897 4815 931 4854 an
944 4801 1068 4859 muleens
1081 4799 1235 4872 paternitas.
1259 4800 1314 4867 Qui
1338 4800 1365 4855 in
1389 4800 1469 4856 nobis
1487 4810 1606 4873 quantu-

81 4889 102 4926 ει
125 4889 219 4930 eornm
243 4876 362 4946 speciem
375 4876 540 4947 concupivit,
556 4892 678 4937 crescere
692 4880 754 4938 lecit
807 4888 984 4961 lumcumque
1006 4887 1164 4944 esuriebant
1184 4887 1329 4960 justitiam,
1349 4886 1443 4944 relecti
1463 4896 1543 4956 sunt3
1558 4889 1605 4962 qui

81 4968 188 5030 gentem
213 4979 350 5036 magnam,
376 4973 404 5020 et
430 4980 516 5038 usque
545 4967 578 5021 ad
601 4975 752 5025 extremum
806 4977 907 5046 minus,
932 4977 1085 5048 compuncti
1110 4985 1187 5047 sunt,
1204 4976 1251 5047 qni
1270 4975 1481 5048 minimelltl),
1497 4978 1604 5035 confusi

80 5061 145 5102 errae
169 5051 332 5123 propagines
355 5066 449 5109 eorum
474 5053 606 5121 ermodit,
626 5056 663 5109 ita
677 5057 751 5128 quod
804 5074 878 5127 sunt.
894 5067 945 5138 lta,
958 5080 1061 5138 quaeso,
1073 5065 1109 5122 ita
1121 5066 1223 5137 jugiter
1237 5063 1351 5120 iacietis.
1369 5064 1527 5122 Sollicitudo
1541 5084 1603 5139 quae

95 5133 224 5192 claritatis
234 5153 327 5193 eorum
340 5139 496 5196 universum
510 5158 610 5214 colpus
622 5143 750 5202 Ecclesiae
802 5154 930 5212 omnibus
950 5154 1074 5222 debetur,
1097 5155 1172 5212 nullo
1195 5153 1278 5212 modo
1300 5155 1355 5228 his,
1377 5156 1478 5231 quibus
1500 5158 1604 5232 specia-

80 5298 180 5369 icripla
194 5313 267 5353 auno
281 5299 380 5355 Christi
399 5304 478 5357 {15⁰-
802 5315 978 5382 ascensione,
1002 5331 1030 5372 n.
1053 5318 1086 5380 6;
1115 5315 1178 5370 item
1201 5330 1355 5373 sermonem
1377 5319 1404 5375 in
1427 5318 1600 5378 Dedicatione

87 5370 125 5426 lta
149 5370 175 5452 in
194 5369 290 5442 quovis
313 5371 417 5455 ordine,
444 5373 616 5455 quantumuis
642 5385 745 5450 sancto,
802 5388 933 5453 ecclesias,
956 5402 985 5441 n.
1010 5389 1036 5456 3,
1058 5392 1086 5443 et
1099 5403 1253 5444 sermonem
1275 5390 1309 5443 ³⁰
1323 5390 1358 5446 de
1373 5390 1498 5465 dirersis,
1514 5410 1541 5453 n.
1560 5397 1597 5450 t:

80 5451 122 5500 tur
134 5442 162 5497 hr
185 5450 241 5498 tres
263 5442 403 5499 homanum
419 5444 543 5514 ordines;
559 5460 610 5503 nec
624 5462 744 5522 unquam
800 5460 833 5516 ad
849 5461 909 5516 haen
923 5471 1076 5517 sermonem
1090 5459 1123 5516 ts
1139 5458 1167 5515 in
1183 5458 1304 5529 Cantica,
1321 5476 1349 5518 n.
1365 5464 1393 5521 t.

80 5513 211 5572 lominica
224 5514 302 5584 pales
316 5515 412 5572 deerit.
429 5515 496 5573 Vide
514 5531 668 5578 sennonem
684 5525 701 5580 3
715 5520 743 5580 in
