3728 5940
88 219 132 292 ἢ
726 219 898 289 PWd'lbss
915 219 1112 287 uenustus.
1712 223 1755 291 ὅ)

87 348 163 406 enim
181 347 280 408 dicilur
294 361 345 421 per
369 345 525 420 prophetam
539 347 574 402 de
588 345 688 411 sancus
711 346 884 419 animalibus,
900 348 965 422 quia
987 364 1049 407 cum
1064 347 1141 406 lieret
1154 364 1205 405 ror
1220 364 1304 420 supra
1327 349 1534 416 firmamentum,
1558 351 1631 422 quod
1655 349 1745 407 immi·

86 437 171 500 nebat
183 436 265 509 capiti
276 452 383 508 eorum,
398 437 523 502 stabunt,
539 439 568 496 ei
581 435 784 497 submittebant
799 438 861 497 olas
874 454 940 497 suos
955 437 1065 510 (dacem
1082 440 1121 506 r).-
1137 460 1151 490 ι
1166 439 1204 494 sie
1219 438 1307 504 liodie,
1325 460 1338 491 s
1354 439 1449 511 inquit,
1468 439 1592 512 «ubique
1615 448 1747 497 terrarum

86 527 244 599 spirituales
262 527 375 597 quique,
390 525 517 596 loquente
531 540 565 582 eo
584 542 631 583 scu
648 534 791 593 tractante„
806 535 878 585 stant
901 527 1026 584 emendo
1040 527 1200 600 perstanti,
1225 538 1251 583 et
1274 528 1399 583 sensibus
1422 529 1482 598 ejus
1506 529 1547 584 vel
1564 527 1748 601 intelligentiis

85 616 250 674 submittunt
263 630 361 671 sensus
373 613 416 670 uel
431 613 621 685 intelligentias
635 631 708 675 suas.
732 616 876 674 Testantur
890 617 941 675 boc
960 617 1059 688 scripta
1082 617 1142 686 ejus
1166 618 1233 687 (lo),
1257 638 1268 667 t
1291 625 1342 673 etc.
1358 618 1453 673 lderito
1475 617 1589 687 proinde
1612 617 1746 675 Caesarius

85 704 320 764 lleistcrbaoeosis
342 703 491 761 monachus
506 703 543 759 ait
558 713 658 761 tautam
673 704 758 763 luisse
771 707 832 774 ejus
857 705 1053 770 auctmitatem,
1070 724 1083 756 ι
1100 717 1128 762 ιιι
1143 722 1190 776 per
1205 705 1287 762 nnius
1300 720 1333 760 os
1346 705 1476 762 Barnardi
1490 705 1631 779 purpurati
1645 716 1745 778 patres,

85 810 175 868 regas,
195 792 385 866 principesque
408 801 552 861 terrarum,
567 795 644 866 qnasi
659 810 708 866 per
721 810 867 854 commune
880 795 973 851 mundi
991 795 1139 864 oraculum,
1152 796 1328 867 loquerentur
1346 795 1404 866 (Π)
1421 816 1433 846 ι
1451 795 1513 851 liae
1527 796 1611 851 sancti
1626 794 1747 852 doctoris

84 883 249 940 existimatio
263 884 298 937 ad
310 893 429 938 nostram
445 897 529 953 usque
547 891 653 939 mmmm
671 892 820 958 propagata
839 892 890 952 est,
906 891 936 940 ut
952 882 1030 939 fidem
1046 883 1150 940 iaciunt
1170 885 1315 940 illustrium
1333 884 1453 940 uirorum
1474 885 1509 939 de
1523 899 1556 940 eo
1579 883 1745 941 testimoniet

84 971 229 1044 inquibus
252 971 503 1027 Bartholomaeusa
531 971 702 1041 martyribus,
723 972 860 1043 piissimus
875 972 921 1028 ille
944 973 1116 1030 Bracareusis
1139 975 1259 1043 antistes,
1275 972 1513 1042 bernardicultor,
1536 983 1562 1028 et
1588 973 1743 1039 admirator,

83 1076 144 1119 noa
157 1060 312 1118 inferiorem
325 1059 415 1116 locum
433 1059 557 1117 obtinere
570 1060 663 1118 debet.

123 1149 237 1207 xxvu.
252 1149 327 1205 lianc
340 1163 422 1220 porro
440 1149 626 1206 auctoritatem
640 1165 703 1207 cum
718 1150 803 1206 multa
816 1153 843 1207 ei
855 1151 954 1208 virenti
973 1151 1161 1216 conciliabant,
1181 1161 1236 1207 turn
1253 1152 1368 1208 maxims
1392 1151 1489 1208 eximia
1505 1152 1567 1222 ejus
1581 1149 1609 1205 in
1633 1147 1746 1206 bonori-

85 1242 143 1299 bus
159 1239 226 1310 ipsis
240 1239 389 1309 humilitas,
404 1253 459 1312 quo
474 1239 551 1304 nibil,
566 1239 654 1311 ipsius
671 1241 799 1297 Bernardi
813 1239 926 1312 judicto,
941 1240 1161 1314 sublimiusque).
1177 1241 1250 1296 Audi
1265 1241 1431 1297 Ernaldum:
1452 1260 1465 1292 u
1481 1239 1601 1295 Plurima
1615 1237 1744 1295 autemin

86 1344 150 1385 eum
163 1327 314 1398 probabilia
332 1337 358 1383 et
371 1327 451 1383 laude
469 1327 552 1400 digna
565 1340 737 1386 concurrunt.
758 1329 813 1386 stri
829 1346 944 1403 namque
958 1331 1118 1394 doctrinam,
1134 1331 1178 1385 alii
1195 1335 1325 1386 mirantur
1338 1330 1475 1386 miracula.
1497 1330 1553 1401 ligo
1566 1327 1688 1400 quidem,
1707 1325 1747 1382 ait

85 1416 144 1486 ille,
178 1417 220 1471 bis
242 1413 369 1473 omnibus
392 1416 525 1475 honorem
538 1415 646 1474 deiero:
662 1417 711 1473 sed
726 1434 782 1489 prae
797 1418 936 1484 omnibus,
952 1427 1079 1490 quantum
1096 1420 1122 1473 iu
1137 1435 1180 1473 me
1193 1428 1243 1486 est,
1261 1421 1313 1474 boc
1336 1417 1478 1474 sublimius
1502 1418 1582 1488 duco,
1603 1418 1655 1471 boc
1679 1428 1744 1488 pro·

86 1505 343 1576 pensiuspraedico,
367 1505 440 1577 quod
463 1520 526 1563 cnm
542 1516 613 1564 emet
626 1522 673 1563 ras
697 1507 844 1577 electionis,
870 1516 899 1565 et
921 1523 1020 1565 nomeu
1042 1507 1141 1563 Christi
1160 1523 1252 1564 coram
1273 1509 1397 1580 gentibus
1421 1514 1448 1562 et
1469 1507 1580 1578 regibus
1596 1504 1677 1561 ferret
1700 1504 1743 1559 io·

86 1593 212 1664 trepidus
223 1611 233 1666 ι
246 1610 308 1651 cum
326 1593 464 1651 obedirent
482 1595 508 1651 ei
522 1594 659 1669 principes
676 1597 782 1666 mundi,
797 1605 825 1652 et
839 1597 873 1652 ad
893 1604 990 1654 nutum
1003 1598 1063 1667 eius
1078 1596 1105 1651 in
1120 1598 1192 1653 omni
1213 1598 1321 1652 natione
1335 1605 1439 1652 starent
1453 1594 1587 1666 episcopi;
1606 1609 1668 1650 cunt
1685 1592 1746 1664 ipsa
1791 1606 1795 1613 “

85 1684 208 1740 Romana
232 1683 353 1741 Ecclesia
365 1683 498 1758 singulari
519 1681 660 1758 privilegio
675 1687 734 1755 ejus
747 1693 922 1742 veneraretur
940 1685 1065 1753 consilia,
1077 1695 1104 1741 et
1118 1685 1193 1758 quasi
1208 1685 1329 1759 generali
1343 1684 1474 1759 legatione
1494 1698 1632 1748 concessa,
1648 1683 1744 1752 subje-

84 1773 172 1829 cisset
183 1772 209 1828 ei
224 1781 320 1847 gentes
329 1781 357 1830 et
370 1788 470 1844 regna;
483 1789 545 1831 cum
560 1774 650 1839 edam,
662 1775 733 1846 qnod
748 1775 895 1846 gloriosius
906 1775 1052 1847 iudicatur,
1068 1775 1137 1830 lacta
1151 1775 1212 1844 ojus
1222 1781 1250 1829 et
1263 1775 1344 1829 verba
1359 1773 1583 1829 confirmarentur
1592 1770 1742 1825 miraculis:

85 1877 227 1934 nunquam
242 1862 370 1932 excessit,
386 1877 615 1934 nunqusmsupra
626 1878 657 1919 se
672 1865 701 1917 in
714 1863 883 1919 mirabilibus
897 1862 1061 1919 ambulavit:
1076 1863 1125 1918 sed
1138 1864 1172 1917 dc
1182 1878 1211 1918 se
1225 1878 1330 1932 semper
1342 1861 1477 1918 humiliter
1488 1860 1618 1929 sentiens,
1633 1872 1745 1915 senera-

86 1950 183 2006 biliam
200 1964 314 2021 operum
327 1965 381 2006 non
397 1967 425 2007 se
450 1958 589 2008 auctorem
611 1951 734 2018 credidit,
749 1952 797 2007 sed
823 1950 992 2022 minianum,
1009 1960 1036 2007 et
1060 1968 1121 2007 cum
1135 1963 1208 2007 esset
1222 1955 1345 2008 omnium
1356 1952 1460 2021 iudicio
1482 1965 1612 2017 summus,
1628 1963 1678 2004 suo
1693 1946 1745 2004 sibi

82 2037 191 2107 iudicio
213 2039 337 2096 constitit
352 2038 461 2097 infimus
484 2039 583 2111 (19).»
607 2039 714 2112 Quippe
735 2060 746 2090 ι
772 2040 894 2097 vincebat
917 2040 1108 2098 sublimitatem
1132 2039 1249 2098 nominis
1271 2041 1411 2096 humilitas
1433 2041 1544 2096 cordis:
1569 2054 1619 2095 uec
1642 2045 1744 2092 tantum

87 2135 197 2200 poterat
210 2128 353 2185 universus
367 2143 429 2185 enm
444 2129 560 2186 mundus
573 2128 680 2202 erigere
691 2140 820 2202 quantum
837 2145 867 2186 se
881 2128 941 2203 ipsa
954 2131 1073 2201 dejicere
1086 2131 1162 2187 solus
1176 2131 1244 2201 (20).
1260 2150 1271 2180 ι
1288 2129 1380 2202 Neque
1394 2144 1458 2186 vero
1471 2137 1544 2184 tanta
1557 2129 1598 2182 sui
1614 2125 1743 2183 demissio

86 2224 114 2272 et
129 2216 247 2285 abiectio
260 2218 412 2292 proiectum
427 2219 488 2288 ejus
500 2218 571 2288 apud
586 2219 653 2275 alios
666 2218 814 2285 minuebat,
830 2219 883 2274 irno
898 2219 1014 2291 amplius
1028 2222 1151 2292 augebat⁴
1176 2239 1187 2269 ι
1208 2219 1341 2276 Nimirum
1355 2234 1410 2290 qno
1425 2216 1561 2284 humilior,
1581 2231 1614 2274 eo
1636 2230 1744 2287 semper

85 2303 181 2363 utilior
195 2302 245 2360 luit
258 2305 359 2378 populo
373 2303 424 2362 Dei
438 2304 467 2361 in
481 2305 559 2362 omni
570 2303 692 2363 doctrina
706 2306 814 2362 salutari
829 2304 898 2378 (ali.
914 2326 927 2358 r

123 2390 250 2450 xxvia.
264 2392 351 2451 Patris
364 2394 500 2450 sanctitati
513 2410 547 2449 ex
562 2410 639 2466 aquo
654 2395 835 2467 respondebat
855 2394 1029 2452 sanctimonia
1052 2394 1179 2460 liliorum,
1194 2412 1255 2467 quse
1269 2395 1297 2450 in
1313 2395 1395 2467 patris
1409 2396 1489 2454 etiam
1511 2394 1627 2467 gloriam
1641 2392 1741 2447 redun-

85 2479 178 2538 dabat.
191 2480 280 2538 Testis
292 2481 351 2551 ipsa
364 2481 486 2539 Romana
499 2482 586 2551 curia,
602 2498 661 2555 quae
677 2482 863 2540 innocentium
877 2483 912 2538 ad
926 2482 1144 2547 Claram-Vallem
1158 2485 1285 2542 comitata
1301 2494 1353 2541 est.
1370 2506 1382 2535 ι
1396 2484 1505 2539 Flebant
1520 2500 1542 2550 οι
1555 2480 1650 2552 isropi,
1662 2481 1746 2536 llebat

86 2569 147 2640 ipsc
163 2585 286 2625 summus
300 2569 439 2642 pontilex3
453 2583 481 2627 et
493 2585 588 2627 omnes
611 2571 778 2628 mirabantur
791 2572 1015 2645 congregationis
1036 2571 1109 2629 illius
1130 2573 1299 2643 gravitatem,
1312 2573 1406 2645 quod
1400 2590 1427 2628 ιιι
1441 2580 1495 2626 tam
1516 2569 1631 2628 solemni
1644 2568 1745 2640 gaudio

85 2659 161 2716 oculi
175 2659 300 2715 omnium
315 2662 391 2718 humi
415 2660 505 2727 defixi,
521 2677 653 2735 nusquam
672 2663 833 2738 vagabunda
851 2661 1007 2720 curiositate
1025 2662 1267 2732 circumferentur,
1289 2663 1336 2718 sed
1359 2659 1507 2730 complosis
1524 2657 1669 2731 palpebris,
1692 2656 1747 2727 ipsi

86 2747 223 2804 neminem
245 2747 378 2818 silerent,
391 2757 419 2811 ct
432 2753 466 2809 sb
481 2751 606 2808 omnibus
630 2751 797 2809 viderentur.
812 2751 905 2809 Nihil
898 2768 926 2807 m
939 2752 1058 2809 ecclesis
1079 2752 1125 2806 illa
1137 2751 1203 2808 vidit
1223 2752 1362 2807 Romanus
1376 2752 1446 2823 quod
1462 2761 1584 2820 cuperet.
1608 2749 1687 2804 Nulla
1706 2734 1747 2801 ibi

84 2836 207 2907 supellex
221 2851 315 2894 eorum
339 2838 493 2897 sollicitavit
509 2850 661 2910 aspectum;
684 2841 770 2897 nihil
763 2857 791 2897 ιιι
814 2841 941 2908 oratorio,
964 2840 1015 2898 nisi
1029 2843 1118 2897 nudos
1136 2841 1262 2899 viderunt
1285 2840 1412 2912 parietes.
1437 2837 1643 2895 Solismoribus
1665 2842 1746 2906 poto·

85 2934 126 2980 rat
139 2925 242 2984 initiare
255 2926 374 2999 ambitio,
390 2944 439 2985 nec
453 2928 585 2987 damnosa
599 2940 704 3001 poterat
723 2946 784 2987 esse
799 2931 926 2986 iratribus
940 2931 1096 2999 hujusmodi
1120 2931 1220 3001 praeda,
1237 2946 1297 2986 cum
1312 2929 1397 2984 minui
1412 2944 1464 2984 nnn
1490 2936 1584 2998 posset
1610 2930 1746 2997 asportata

85 3014 184 3089 religio
197 3015 266 3087 (ιι).
288 3036 302 3070 ι
326 3018 375 3073 llis
387 3017 522 3073 columnis
544 3033 578 3075 ac
596 3019 730 3091 praesidiis
754 3019 820 3077 lulla
834 3027 892 3076 erat
914 3020 1044 3076 bernardi
1066 3020 1221 3087 auctoritas,
1246 3020 1313 3073 adeo
1332 3026 1395 3074 utu
1422 3017 1601 3073 austeritatem
1627 3013 1746 3070 suauitas

84 3119 194 3159 morum
217 3105 332 3176 tolleret,
356 3106 541 3165 auctoritatem
564 3109 691 3165 sauctitas
716 3120 908 3167 conservaret:
934 3108 1012 3180 quasi
1035 3110 1069 3164 de
1097 3109 1168 3164 eoelo
1192 3107 1307 3162 allerens
1337 3104 1404 3161 inter
1432 3105 1555 3160 homines
1581 3102 1744 3159 miraculum

82 3191 221 3262 quoddam
244 3194 402 3266 conquisitas
420 3194 492 3254 atiud
516 3197 603 3252 Deum
622 3197 768 3269 plusquam
791 3199 916 3262 humasse
929 3192 1068 3257 {minatis
1079 3197 1152 3267 (23).
1176 3197 1258 3269 Porro
1276 3195 1446 3250 sanctitatem
1459 3192 1534 3248 illam
1552 3191 1744 3262 asperitatem

85 3280 284 3337 attestabantur
307 3282 443 3354 miracula,
468 3300 531 3356 quse
545 3285 613 3341 adeo
631 3285 703 3341 clara
725 3296 752 3340 et
767 3285 884 3343 illustria
905 3285 1024 3350 lar-rura,
1051 3295 1084 3356 pt
1104 3285 1260 3365 apameiae
1279 3283 1438 3355 aduersarii.
1451 3299 1483 3341 ea
1498 3283 1665 3352 faterentur,
1692 3286 1743 3337 tam

84 3369 181 3425 crebra
195 3378 221 3425 et
234 3368 394 3441 frequentia,
412 3378 442 3434 ot
455 3373 608 3430 bernardus
621 3373 679 3444 ipse
695 3374 909 3447 obstupesceret,
926 3373 998 3445 apud
1012 3370 1174 3429 Gaul'ridum
1187 3376 1285 3444 (unire
1327 3412 1333 3419 ‚
1356 3409 1363 3426 .
1422 3393 1448 3412 ⁰·

121 3457 231 3515 XXIX.
246 3460 307 3516 Non
320 3460 418 3516 mnam
432 3461 556 3533 proinde,
571 3461 594 3517 si
610 3472 709 3517 tansum
725 3463 812 3532 potuit
824 3465 886 3532 ejus
897 3460 1059 3530 auctoritas,
1069 3463 1185 3532 primum
1199 3463 1309 3533 quidem
1325 3481 1339 3512 r
1355 3460 1425 3517 circs
1439 3459 1665 3524 resuscitandum,
1686 3477 1699 3508 ι
1715 3466 1746 3513 ut

85 3543 254 3603 Guiilelmns
266 3549 393 3621 loquitur,
408 3549 436 3604 iu
454 3551 635 3608 monasterico
649 3551 745 3608 ordine
767 3551 1058 3625 antiqoerertgmms»
1069 3553 1212 3608 leuiorem.
1227 3550 1300 3620 (lbi,-
1311 3569 1330 3615 s
1347 3549 1455 3614 deindo,
1470 3565 1502 3603 ox
1524 3546 1664 3613 Gaulrido,
1684 3567 1695 3598 ι
1717 3545 1744 3600 in

83 3632 286 3693 Catholicorum
309 3637 431 3694 moribus
451 3638 632 3711 corrigendis,
653 3639 681 3696 in
705 3640 922 3696 shismaticorum
946 3641 1081 3696 furoribus
1103 3640 1326 3713 comprimendis,
1346 3644 1384 3696 in·
1397 3638 1584 3696 hatencorum
1608 3635 1746 3692 erroribus

83 3723 338 3797 matronasque).
362 3746 375 3779 ιι
392 3726 471 3798 Quod
486 3735 542 3786 lum
556 3744 590 3785 ex
604 3729 663 3798 ejus
677 3728 750 3801 Vita,
766 3737 823 3786 tum
837 3746 869 3784 ox
883 3728 1006 3798 ejusdem
1021 3729 1138 3803 scriptis,
1154 3728 1272 3787 aramme
1286 3744 1318 3784 ex
1334 3727 1456 3800 epistolis
1468 3724 1642 3783 manifestum
1655 3731 1707 3780 est.

169 3847 243 3922 3111.
258 3879 294 3892 -
308 3851 351 3907 De
363 3853 502 3909 beroardi
515 3855 645 3928 profectu
658 3855 691 3910 ιἰι
705 3853 889 3910 aerummis
907 3854 1031 3912 moribus
1045 3854 1223 3921 clericorum,
1244 3852 1460 3918 monachorum,
1477 3856 1506 3908 et
1522 3852 1671 3908 laicorum.

119 3973 214 4030 XXX.
226 3972 375 4048 Corruptos
388 3975 431 4031 sui
445 3977 534 4034 saeculi
546 3993 637 4033 mores
649 3978 750 4049 passim
765 3977 842 4050 luget
856 3992 887 4032 ac
901 3979 1022 4048 deplorat
1032 3978 1076 4032 uir
1085 3986 1204 4044 sanctus,
1220 3976 1335 4032 maxime
1346 3978 1372 4031 in
1384 3977 1510 4031 Ecclesia
1525 3974 1666 4040 ministris,
1676 3987 1745 4045 quo-

81 4078 144 4118 rum
161 4062 308 4136 plerosque
323 4063 358 4119 ad
372 4065 514 4122 meliorem
532 4067 639 4138 frugem
654 4065 778 4123 adduxit:
797 4067 867 4123 adeo
885 4075 915 4122 ut
930 4074 986 4122 tota
1007 4066 1134 4123 Ecclesia
1146 4081 1179 4122 ac
1193 4064 1270 4133 cleri,
1286 4063 1417 4135 imprimis
1433 4063 1572 4128 Gallicani,
1587 4062 1669 4116 iacies
1688 4060 1744 4121 suis
1800 4052 1803 4057 ’

82 4151 195 4207 monitis
209 4167 242 4207 ae
254 4153 425 4210 sermonibus
443 4154 550 4228 penitus
573 4156 716 4212 immutata
734 4155 822 4226 luerit,
838 4163 865 4212 et
880 4155 907 4212 in
922 4155 1059 4228 antiquum
1076 4157 1159 4212 decus
1183 4153 1316 4210 restituta.
1332 4153 1437 4224 Quippe
1461 4151 1627 4224 Eugenium,
1650 4149 1742 4206 virum

82 4239 298 4307 sancdssimum,
313 4243 441 4300 Romanae
464 4243 524 4300 sedi
542 4245 735 4315 suppeditatis,
756 4255 835 4316 atque
849 4245 877 4301 in
892 4261 925 4300 eo
948 4245 1083 4300 Romanos
1108 4242 1248 4314 pontifices
1263 4258 1358 4298 omnes
1373 4246 1405 4296 ad
1431 4247 1574 4299 reclamet
1596 4238 1745 4313 legitimam

83 4344 142 4385 suae
165 4328 306 4404 dignitatis
327 4331 588 4389 administrationem
613 4333 729 4388 erudivit
755 4344 780 4388 et
805 4333 938 4405 accendit,
964 4333 1038 4388 libris
1059 4333 1140 4388 editis
1159 4335 1194 4387 de
1218 4331 1450 4396 consideratione,
1477 4331 1557 4403 plane
1581 4328 1689 4383 divinis.
1715 4329 1744 4384 ln

81 4416 218 4489 episcopis
242 4420 385 4476 Heoricum
409 4421 603 4488 Sunonensem,
625 4422 792 4493 Stephanum
809 4421 995 4490 l‘arisieusem,
1020 4424 1141 4493 aliosque
1170 4422 1317 4491 permultos
1339 4422 1374 4475 ab
1401 4419 1491 4476 aulico
1514 4417 1622 4476 vivendi
1644 4431 1744 4490 genere

82 4507 115 4561 ad
132 4521 224 4562 mores
244 4511 392 4582 episcopali
410 4512 504 4567 ordine
523 4511 621 4587 dignos
635 4510 789 4567 reuocauit:
813 4512 912 4567 multos
926 4511 1035 4567 etiame
1059 4510 1125 4583 suis,
1142 4512 1169 4566 iu
1184 4510 1298 4566 aliorum
1323 4511 1489 4583 eaernpium,
1513 4508 1657 4579 episcopos
1682 4521 1744 4577 pro·

80 4593 144 4650 tulit
164 4594 231 4667 (27).
256 4597 368 4656 clericis
382 4597 509 4656 omnibus
531 4599 658 4656 salutaria
683 4599 783 4656 monita
807 4599 880 4655 dedit
893 4597 922 4655 in
945 4615 1071 4655 serruone
1087 4598 1120 4653 de
1143 4598 1339 4662 Conuersione,
1365 4596 1399 4654 ad
1423 4597 1546 4654 clericos.
1572 4597 1639 4666 Quae
1653 4595 1745 4651 omnis

82 4682 105 4736 si
119 4683 182 4754 quis
196 4695 320 4743 accurate
336 4687 426 4742 videre
450 4687 532 4757 eupit,
550 4688 621 4761 legat
636 4689 734 4744 librum
757 4697 862 4751 sentum
884 4687 919 4742 de
936 4687 996 4743 Vita
1019 4687 1105 4743 sancti
1128 4687 1255 4743 bernardi
1277 4686 1373 4758 gallice
1388 4686 1468 4753 edita,
1493 4687 1583 4754 cuius,
1606 4683 1673 4738 Vitae
1689 4690 1743 4739 tres

81 4766 146 4827 libri
162 4774 327 4843 posteriores
349 4793 382 4832 er
396 4779 454 4848 ejus
478 4777 583 4849 scriptis
606 4793 781 4850 magnacum
807 4778 904 4849 pietate
923 4785 949 4830 et
968 4792 1030 4830 cum
1050 4776 1150 4849 insigni
1173 4776 1277 4832 delectu
1301 4777 1418 4833 contexti
1433 4781 1505 4841 sunt,
1536 4775 1575 4828 De
1590 4771 1701 4828 moribis
1717 4779 1744 4828 et

84 4857 176 4916 officio
196 4862 388 4936 episcoporum
403 4865 515 4940 legenda
539 4865 673 4937 imprimis
696 4865 811 4935 epistola
833 4864 1039 4937 quadragesima
1062 4866 1180 4920 secunda
1204 4865 1238 4920 ad
1253 4865 1397 4921 Henrieum
1422 4865 1615 4929 Sunonensem,
1640 4877 1700 4932 qum
1714 4859 1744 4916 in

84 4947 259 5009 Tractatuum
273 4952 387 5011 classem
400 4955 482 5013 modo
493 4965 565 5013 tomo
580 4955 702 5013 secundo
715 4955 797 5012 relata
812 4965 863 5014 est.
874 4955 968 5011 llerito
984 4954 1074 5024 itaque
1089 4955 1116 5009 iu
1133 4955 1201 5011 libro
1216 4956 1250 5009 de
1265 4954 1401 5026 episeopis
1416 4950 1631 5009 virdunensibus
1643 4950 1743 5008 dicitur

122 5126 181 5200 (lb)
207 5130 501 5200 Valentiorum.
978 5133 1036 5200 (22)
1055 5131 1252 5196 ictoelrbrou,
1269 5149 1296 5186 n.
1313 5135 1339 5184 6.

123 5200 185 5271 (17)
204 5177 417 5269 Demiroculis
437 5206 481 5262 tib.
499 5223 559 5274 xiv,
575 5221 635 5278 cap.
654 5209 697 5262 l'l.
979 5202 1035 5276 (23)
1050 5203 1128 5269 loru
1145 5205 1212 5258 libro
1227 5219 1268 5269 ιιι
1286 5218 1313 5257 ιι.
1331 5205 1374 5271 bl,
1391 5211 1417 5257 et
1431 5202 1535 5271 libror
1552 5221 1577 5260 n.
1600 5206 1644 5259 28.

121 5274 181 5338 (lb)
201 5275 325 5332 Romilio
339 5292 368 5332 m
384 5277 422 5332 De
438 5278 706 5351 laudibusVirginis‚
721 5294 748 5332 n.
770 5281 796 5333 9.
978 5276 1037 5415 (ιι)
1027 5275 1129 5342 pluit,
1145 5274 1213 5328 liure
1230 5289 1273 5337 ιιι,
1287 5290 1314 5326 n
1331 5274 1378 5326 ιθ.

135 5345 181 5407 ib)
205 5345 357 5404 Vstoelrbro
371 5363 442 5413 ιιι.
460 5352 504 5405 25.
993 5349 1026 5401 25
1052 5345 1220 5411 Guillelmus,
1236 5344 1283 5402 lib
1299 5360 1319 5414 1,
1336 5360 1364 5401 n
1380 5346 1425 5400 il.

135 5415 183 5558 ιθ)
201 5415 471 5488 lbid.,librou1,n
491 5423 535 5478 aa.
977 5414 1204 5559 (legdaulridus,
1222 5415 1268 5472 lib.
1285 5389 1327 5482 ui,
1349 5433 1375 5474 n.
1394 5419 1438 5472 lu

135 5486 169 5541 al
203 5487 286 5557 ibid..
300 5505 331 5547 n
344 5493 372 5547 8.
990 5490 1024 5543 ιι
1053 5456 1352 5558 asturicensis.
