3728 5940
584 214 587 222 ’
634 248 637 258 v
708 214 805 278 amsa
823 216 868 278 ab
886 213 1018 280 milas
1031 217 1162 281 hahiti.
1208 236 1221 253 ··

554 542 610 642 S.
630 541 1000 646 BERHABDI
1032 544 1331 646 ananus

370 756 470 866 DE
521 755 785 871 LAUDE
845 755 1087 872 NOVAE
1149 758 1496 874 M1L1T1AE

585 995 677 1106 ΑΙ)
702 993 982 1110 MlLtThs
1012 997 1269 1113 TEMPLI

843 1215 1006 1296 tisun.

253 1504 256 1514 '
354 1513 440 1572 ΜΔ
455 1515 650 1574 PROLOGUS.
914 1522 1059 1615 goingulo
1074 1522 1201 1577 nobiliter
1220 1521 1382 1593 insignitur,⁸
1406 1520 1532 1592 quiahoc
1554 1534 1608 1575 non
1634 1518 1749 1575 aestimet

143 1604 252 1658 llusoru
267 1603 343 1659 militi
357 1603 467 1672 Christi,
483 1613 510 1661 et
526 1605 657 1678 magistro
671 1606 773 1663 ttttitiae
788 1609 898 1672 Christi,
954 1612 1027 1666 omni
1051 1609 1226 1664 admiratione
1251 1609 1452 1682 dignissimum,
1475 1607 1549 1679 quod
1568 1606 1635 1662 adeo
1664 1605 1750 1676 liquet

105 1692 272 1746 Bassianus
286 1691 474 1749 Clarae-Valhs
488 1692 547 1750 solo
562 1695 673 1751 nomine
686 1694 779 1763 abbas,
797 1697 899 1751 bonum
955 1714 1015 1755 esse
1029 1698 1186 1753 insolitum?
1201 1694 1357 1769 lmpavidus
1376 1695 1498 1767 proiecto
1527 1695 1615 1761 milas,
1635 1700 1663 1749 et
1677 1691 1750 1750 omni

106 1786 246 1835 certamen
264 1788 379 1838 certare.
954 1796 1078 1857 exparte
1099 1800 1222 1850 securus,
1242 1785 1287 1856 qui
1308 1794 1337 1840 ut
1355 1799 1455 1855 corpus
1470 1782 1542 1850 ferri,
1564 1783 1605 1839 sic
1628 1781 1750 1838 animum

142 1867 239 1933 Semel,
255 1873 282 1923 et
303 1868 434 1933 secundo,
456 1877 483 1923 ot
498 1869 587 1935 tertio,
612 1867 640 1924 ni
663 1869 753 1936 fallor,
771 1871 900 1942 petiistis
955 1873 1015 1930 fidei
1048 1875 1131 1930 lorica
1154 1874 1286 1928 induitur.
1315 1872 1444 1945 Utrisque
1472 1871 1601 1926 nimirum
1631 1868 1751 1925 munitus

107 1971 160 2024 me,
178 1955 257 2029 lingo
270 1955 439 2024 charissime,
451 1965 481 2013 ut
494 1957 541 2012 tibi
552 1958 660 2030 tuisque
670 1959 899 2017 commilitonibus
955 1962 1046 2027 armis,
1062 1979 1111 2019 nee
1123 1962 1275 2017 daemonem
1289 1961 1374 2026 timet,
1390 1976 1442 2018 nec
1455 1960 1604 2015 hominem.
1615 1959 1673 2015 Nec
1686 1972 1751 2013 vero

107 2044 254 2100 scriberem
288 2044 483 2101 exhortationis
513 2061 684 2117 sermonem
713 2057 741 2104 et
769 2048 900 2105 adversus
955 2060 1069 2106 mortem
1097 2051 1230 2118 tormidet,
1247 2049 1293 2120 qui
1312 2049 1381 2106 muri
1403 2042 1550 2106 desiderat.
1578 2046 1648 2116 Quid
1676 2044 1749 2103 enim

107 2131 231 2188 hostilem
260 2132 440 2204 tyrannidem,
468 2132 533 2204 quia
560 2136 680 2191 lanceam
706 2151 762 2192 non
794 2136 898 2201 liceret,
953 2141 994 2195 uel
1009 2139 1113 2203 vivens,
1138 2139 1181 2196 vel
1197 2137 1315 2194 moriens
1329 2145 1442 2203 metuat,
1457 2137 1501 2194 cui
1515 2135 1609 2194 viuere
1626 2132 1751 2191 Christus

106 2221 207 2291 stylum
227 2221 383 2278 vibrarem:
411 2237 537 2278 asserens
559 2223 637 2281 vobis
655 2239 709 2281 non
725 2241 819 2295 parum
840 2225 899 2281 iore
953 2236 1002 2296 est,
1018 2236 1045 2284 et
1061 2226 1270 2285 morilucrum?
1289 2226 1347 2282 Stat
1371 2227 1478 2299 quidem
1493 2224 1608 2281 fidenter
1621 2223 1750 2279 libenter·

107 2308 245 2378 adjutorii,
262 2306 284 2363 si
297 2324 366 2381 qrros
380 2310 463 2365 armis
477 2325 531 2367 non
547 2327 670 2384 possum,
682 2313 778 2369 litteris
792 2314 898 2369 anima·
954 2332 1008 2389 que
1028 2332 1076 2385 pru
1094 2316 1217 2381 Christo;
1234 2315 1281 2369 sed
1307 2313 1392 2388 magia
1411 2311 1485 2384 cupit
1499 2311 1622 2377 dissolvi,
1639 2319 1666 2365 et
1693 2325 1753 2367 esse

109 2411 175 2452 rem.
192 2396 289 2452 Distuli
318 2413 383 2454 sane
413 2399 593 2472 aliquandiu;
612 2415 666 2457 nou
689 2402 762 2473 quod
776 2411 898 2459 contem·
953 2420 1016 2462 eum
1030 2403 1137 2461 Christo
1153 2421 1160 2457 ε
1176 2402 1228 2460 hoc
1242 2402 1315 2457 enirn
1335 2401 1442 2458 melius.
1464 2400 1562 2457 Securi
1585 2399 1668 2471 igitur
1688 2413 1751 2470 pro·

108 2485 197 2541 nanda
222 2485 357 2543 videretur
381 2487 485 2558 petitio,
511 2487 559 2543 sed
582 2503 617 2544 ne
636 2489 702 2546 levis
725 2506 900 2562 praecepsque
953 2493 1049 2558 cedite,
1073 2491 1182 2557 milites,
1210 2499 1237 2544 et
1256 2488 1390 2560 intrepido
1409 2487 1499 2544 animo
1520 2486 1646 2543 inimicos
1664 2486 1753 2543 crusis

107 2572 259 2643 culparetur
274 2574 405 2642 assensio,
428 2575 539 2647 siquod
560 2577 658 2632 melius
677 2577 771 2633 melior
789 2577 900 2649 implere
954 2580 1051 2634 Christi
1064 2578 1214 2650 propellite,
1236 2578 1302 2633 certi
1317 2575 1382 2649 quie
1395 2592 1482 2650 nequa
1497 2590 1580 2642 mors,
1596 2589 1684 2646 neque
1698 2573 1752 2630 vita

107 2660 251 2730 sustineret,
273 2677 464 2733 presumerem
478 2663 631 2736 imperitus,
647 2672 673 2721 et
690 2679 734 2720 rea
752 2665 898 2721 admodum
954 2676 1079 2739 poterunt
1096 2682 1144 2724 vos
1170 2682 1297 2737 separare
1317 2681 1334 2720 a
1357 2665 1484 2721 charitato
1498 2663 1558 2731 Dei,
1579 2678 1640 2735 quae
1667 2661 1750 2719 estin

107 2750 260 2807 necessaria
269 2767 317 2822 per
331 2767 373 2807 me
389 2750 479 2806 minus
492 2749 562 2807 forte
575 2753 716 2810 commoda
731 2753 898 2813 redderetur.
953 2756 1059 2812 Christo
1071 2757 1147 2822 lesu;
1165 2754 1231 2812 illud
1247 2769 1314 2810 sane
1327 2753 1468 2810 vobiscum
1484 2752 1512 2808 in
1533 2751 1606 2809 omni
1632 2749 1752 2822 periculo

86 2902 88 2906 .
108 2838 207 2894 Verum
222 2837 316 2893 videus
327 2855 369 2895 me
383 2839 541 2909 longasatis
555 2841 741 2910 hujusoernodi
755 2851 899 2913 exspecta·
916 2809 938 2887 Β
954 2844 1115 2917 replicantes
1140 2859 1146 2898 :
1163 2846 1226 2902 Sive
1245 2845 1377 2912 memor,
1396 2843 1454 2900 siue
1476 2842 1611 2906 moritur,
1639 2841 1752 2898 Domini

106 2925 179 2982 tione
199 2925 367 2998 frustratum,
395 2942 430 2983 ne
455 2928 511 2997 jam
528 2927 616 2999 magis
641 2930 723 2998 nolle,
747 2947 829 3002 quam
846 2948 899 2987 non
954 2949 1051 2991 remea
1071 2934 1159 3002 (hom.
1176 2948 1236 2996 xsv,
1266 2935 1305 2999 8).
1334 2930 1421 3000 Quam
1441 2929 1554 3003 gloriosi
1579 2935 1750 2984 revertuntur

106 3029 185 3085 posse
199 3014 315 3083 viderer,
331 3016 439 3072 tandem
453 3031 504 3088 ego
521 3016 631 3090 quidem
645 3019 718 3089 qnod
732 3020 807 3091 potui
821 3020 875 3076 laci
891 3039 898 3075 :
954 3022 1070 3078 victores
1083 3021 1117 3075 de
1132 3020 1241 3090 praeliol
1262 3034 1346 3092 quam
1363 3019 1436 3073 beati
1452 3016 1605 3073 moriuntur
1619 3023 1752 3087 martyres

105 3101 191 3159 lector
203 3103 314 3175 judicet,
330 3120 364 3160 an
377 3103 506 3162 satisfeci.
528 3104 688 3179 Quanquam
704 3107 755 3165 etsi
771 3108 814 3164 nui
830 3108 900 3164 sorte
954 3110 981 3164 in
997 3107 1105 3179 praeliol
1121 3108 1224 3176 Gaude,
1244 3107 1322 3163 sortis
1336 3106 1447 3172 athleta,
1462 3105 1484 3160 si
1498 3103 1569 3159 vivis
1582 3111 1609 3158 et
1622 3103 1708 3159 vincis
1723 3101 1761 3167 in,

105 3199 151 3247 aut
164 3191 276 3248 minime
300 3194 414 3264 placeat,
439 3202 485 3249 aut
512 3210 566 3251 non
581 3194 711 3265 suffieint;
738 3212 792 3253 uon
810 3205 899 3254 tamen
954 3196 1071 3253 Domino
1089 3215 1095 3253 :
1111 3196 1159 3252 sed
1182 3196 1266 3269 magis
1279 3194 1382 3251 exsulta
1402 3201 1428 3250 et
1449 3191 1574 3266 gloriare,
1591 3192 1615 3246 si
1637 3190 1751 3247 moreris

105 3278 215 3338 interest
239 3297 306 3348 mea,
322 3281 369 3356 qni
394 3292 448 3339 tuae
462 3297 512 3352 pro
540 3299 603 3340 meo
624 3299 718 3356 sapere
746 3300 800 3342 non
823 3284 897 3341 dolui
954 3294 980 3340 ot
1010 3284 1132 3358 jungeris
1162 3283 1286 3341 Domino.
1317 3283 1379 3340 Vita
1406 3281 1517 3353 quidem
1542 3279 1691 3346 fructuosa,
1722 3286 1750 3335 et

105 3368 246 3425 rotunntt.
954 3373 1065 3430 victoria
1079 3372 1198 3445 gloriosa
1214 3373 1279 3430 :sed
1295 3371 1403 3445 utrique
1417 3384 1492 3425 mors
1507 3383 1585 3425 sacra
1597 3369 1659 3439 juro
1673 3382 1748 3439 prae·

362 3458 476 3516 CAPUT
497 3460 641 3517 PRlllUbl.
954 3462 1072 3534 ponitur.
1084 3462 1152 3518 Nem
1162 3461 1186 3516 si
1200 3462 1271 3518 beati
1280 3460 1327 3536 qui
1338 3460 1366 3516 in
1379 3459 1495 3518 Domino
1510 3456 1670 3523 moriuntur,
1685 3472 1749 3512 num

134 3606 135 3609 Ἴ
319 3548 356 3600 Dc
373 3545 455 3601 leude
470 3563 550 3603 noum
559 3549 683 3604 mititte.
953 3549 1037 3607 multo
1052 3551 1137 3623 magi<
1152 3550 1198 3621 qui
1212 3566 1262 3620 pro
1276 3549 1392 3605 Domino
1406 3547 1586 3604 moriuntur?
1716 3537 1719 3542 ’

143 3634 167 3686 i.
185 3628 287 3686 Novam
310 3630 412 3688 militias
425 3648 512 3703 genus
532 3642 622 3690 ortum
645 3651 731 3705 nuper
745 3636 854 3692 auditur
871 3637 899 3692 in
988 3640 1014 3689 i.
1031 3637 1066 3690 Et
1078 3637 1188 3704 quidem
1202 3637 1259 3691 siae
1273 3636 1301 3691 in
1316 3636 1394 3701 lecto,
1415 3634 1473 3691 sias
1487 3634 1516 3688 in
1531 3633 1603 3688 hello
1618 3632 1678 3704 quis
1694 3647 1751 3687 mo·

106 3718 192 3783 terris,
208 3725 236 3773 et
249 3719 276 3773 in
289 3718 336 3773 illa
347 3720 469 3790 regione,
481 3735 562 3792 quam
572 3721 635 3777 olim
647 3722 674 3776 in
688 3738 899 3794 earnepraasens
954 3724 1033 3790 uitur,
1047 3723 1164 3793 pretiosa
1180 3723 1231 3779 erit
1252 3721 1312 3777 sine
1336 3721 1419 3776 dubio
1434 3721 1461 3775 in
1477 3725 1627 3789 conspeetu
1640 3720 1750 3775 Domini

77 3801 79 3807 '
106 3806 225 3862 visitavit
241 3806 340 3863 Oriens
353 3821 386 3863 ex
401 3808 455 3862 alto
472 3826 478 3864 ι
493 3817 521 3863 ut
535 3808 607 3865 unde
622 3817 687 3865 tuno
699 3809 728 3865 in
743 3809 900 3867 fortitudine
954 3826 1028 3866 mors
1047 3820 1201 3866 sanctorum
1213 3811 1284 3880 ejus.
1307 3808 1440 3865 Ceterum
1455 3808 1482 3864 in
1503 3807 1576 3864 bello
1599 3811 1675 3862 tanto
1688 3821 1751 3877 pro-

107 3911 202 3950 manus
213 3910 271 3952 auae
281 3895 453 3952 tenebrarum
468 3888 604 3968 principes
619 3898 781 3964 exturbavit,
797 3898 861 3954 inde
874 3908 901 3954 et
958 3900 1026 3955 fecto
1036 3898 1194 3971 pretiosior,
1209 3904 1311 3969 quanto
1327 3904 1354 3950 et
1369 3895 1522 3968 gloriosior.
1537 3894 1561 3953 0
1579 3895 1631 3952 sits
1644 3910 1749 3963 secura,

105 3985 187 4039 modo
201 3985 322 4055 ipsorum
337 3983 476 4052 satellites,
498 3983 569 4041 lilios
584 3984 752 4053 diffidentiae,
769 3985 797 4042 in
812 4003 894 4043 manu
959 3987 1002 4041 ubi
1018 4002 1085 4057 pura
1102 3983 1284 4043 conscientia!
1313 3984 1347 4050 0,
1372 3987 1491 4056 inquam,
1507 3984 1560 4040 uita
1577 3999 1685 4042 meurs.
1705 3983 1753 4039 ubi

105 4070 336 4129 lortiumsnornm
353 4072 501 4145 dissipatos
514 4075 684 4147 exterminet,
699 4073 802 4131 iaciens
816 4076 898 4131 etiam
917 4071 938 4151 Β
954 4077 1055 4155 absque
1068 4074 1212 4131 formidine
1230 4072 1316 4133 Mb
1345 4087 1419 4129 mors
1447 4078 1628 4142 exspectatur,
1654 4069 1709 4126 imo
1724 4079 1753 4126 et

108 4175 179 4216 nune
192 4160 403 4232 redemptionem
427 4162 515 4233 plebis
537 4179 605 4231 auae,
622 4171 649 4219 at
674 4178 781 4219 rursum
795 4164 901 4237 erigens
955 4171 1100 4235 exoptatur
1123 4180 1184 4221 cum
1203 4162 1354 4226 dulcedine,
1375 4169 1402 4217 et
1429 4160 1561 4232 excipitur
1587 4157 1750 4215 devotione!

106 4262 192 4305 cornu
215 4250 309 4306 salutis
331 4250 358 4304 in
391 4250 473 4308 domo
496 4251 581 4308 David
603 4252 679 4322 pueri
703 4252 755 4310 sui.
780 4254 899 4323 Novum,
955 4253 1056 4310 Overe
1070 4259 1165 4308 sancta
1179 4258 1207 4309 et
1224 4259 1283 4307 tuta
1300 4248 1504 4321 astutiamque
1526 4249 1560 4305 ad
1583 4242 1685 4319 duplici
1707 4246 1753 4303 illo

108 4336 229 4408 inquam,
245 4337 348 4394 militias
365 4353 464 4412 genus,
478 4349 504 4396 et
518 4340 625 4396 seculis
639 4340 809 4411 inexpertum
823 4360 828 4395 :
846 4358 901 4412 qua
955 4341 1074 4412 periculo
1088 4355 1199 4410 prorsus
1209 4339 1304 4413 libem,
1313 4354 1369 4414 quo
1382 4338 1411 4394 in
1425 4336 1565 4396 hominnm
1575 4352 1664 4412 genum
1673 4335 1753 4403 solet,

107 4425 216 4496 gemino
244 4426 344 4495 pariter
370 4425 497 4486 conflictu
520 4427 723 4501 infatigabiliter
738 4429 898 4497 decertatur,
953 4429 1107 4502 frequenter
1121 4428 1276 4498 periclitari,
1295 4428 1342 4484 ubi
1357 4429 1487 4485 duntaxat
1502 4426 1624 4483 Christus
1642 4433 1753 4481 nonest

109 4521 165 4568 tum
190 4513 320 4571 adversus
345 4529 454 4573 carnem
476 4525 504 4573 et
531 4517 701 4590 sanguinem,
727 4526 784 4574 tnm
806 4527 901 4575 contra
953 4533 1035 4575 cansa
1047 4516 1191 4574 militandi.
1207 4517 1318 4587 Quoties
1330 4530 1448 4590 namque
1461 4512 1636 4587 congrederis
1649 4519 1690 4580 tn,
1706 4513 1753 4586 qui

108 4601 259 4674 spiritualia
272 4603 403 4677 nequitiae
417 4604 444 4660 in
458 4607 613 4664 eoelestibna
636 4606 721 4678 (125).
745 4607 780 4664 Bt
793 4607 902 4681 quidem
953 4606 1076 4662 militiam
1093 4605 1190 4662 militas
1217 4607 1383 4673 secularem,
1400 4604 1550 4660 timendum
1571 4599 1694 4668 omnino,
1718 4607 1761 4656 no·

108 4689 154 4745 ubi
178 4691 244 4750 solis
262 4691 367 4750 viribus
390 4694 513 4768 corporis
539 4709 670 4765 corporeo
698 4694 803 4751 fortiter
831 4695 899 4752 hosti
955 4703 1001 4751 aut
1019 4694 1370 4768 occidasbostemquidem
1392 4692 1421 4747 in
1443 4699 1613 4763 carpeneto
1636 4703 1702 4746 vero
1725 4689 1753 4745 in

108 4776 250 4849 resistitur,
266 4781 293 4836 id
317 4781 428 4854 quidem
448 4798 500 4859 ego
523 4793 576 4840 tam
600 4798 655 4839 noa
680 4783 775 4856 indico
790 4783 899 4851 mirum,
954 4782 1043 4839 anima
1060 4804 1067 4839 ι
1083 4793 1129 4840 aut
1144 4783 1212 4840 iortc
1227 4791 1256 4838 tu
1275 4780 1407 4838 occidaris
1421 4780 1456 4836 ab
1471 4779 1528 4847 illo,
1545 4787 1572 4835 et
1594 4778 1622 4833 in
1636 4791 1753 4850 corporo

107 4878 191 4934 quam
217 4884 267 4925 nee
295 4885 385 4927 rarum
412 4871 548 4928 existimo.
565 4871 619 4930 Sed
647 4879 675 4928 at
696 4872 805 4944 quaudo
818 4872 902 4929 animi
954 4871 1088 4940 simul,et
1110 4871 1249 4927 inanima.
1274 4869 1315 4926 lix
1337 4868 1428 4928 cordis
1450 4882 1547 4938 nempe
1569 4865 1680 4933 aflectu,
1696 4881 1752 4922 noa

107 4951 204 5010 virtuto
217 4956 289 5012 uitiis
306 4960 364 5017 sive
379 4959 520 5016 daemoniis
534 4959 634 5016 bellum
650 4959 788 5026 indicitur,
800 4975 834 5017 ne
848 4961 901 5018 hoc
954 4959 1017 5016 belli
1040 4966 1148 5029 eventu,
1174 4966 1301 5032 pensatur
1323 4958 1367 5016 vel
1390 4955 1552 5030 perieulum,
1576 4954 1620 5012 vel
1643 4954 1753 5013 meloda

107 5039 216 5112 quidem
230 5045 352 5100 mirabile
365 5047 415 5102 etsi
432 5048 565 5104 landabile
585 5047 709 5115 dixerim,
725 5063 788 5104 curn
803 5050 900 5119 plenus
953 5047 1100 5105 christiani.
1124 5047 1151 5104 si
1174 5049 1244 5104 bona
1266 5046 1344 5104 luerit
1369 5061 1451 5104 causa
1473 5043 1629 5119 pugnantis,
1652 5057 1752 5117 pugne

104 5131 246 5188 monacbis
273 5139 400 5190 cernatur
417 5136 545 5193 mundus.
560 5135 694 5193 Caeterum
708 5153 771 5194 oum
786 5146 900 5210 uterque
952 5138 1041 5193 exitus
1056 5138 1141 5192 malus
1156 5136 1244 5193 exitus
1254 5151 1315 5193 esse
1325 5150 1379 5193 non
1390 5133 1493 5206 poterit
1504 5149 1512 5197 ς
1522 5131 1752 5191 sicutnecbonus

105 5218 186 5275 homo
199 5234 250 5276 suo
269 5219 384 5295 quisque
411 5222 503 5295 gladio
531 5231 656 5295 potenter
669 5225 832 5300 accingitur,
847 5243 900 5285 sno
916 5225 1117 5321 uindicabitur
1139 5225 1211 5293 linis,
1227 5225 1275 5281 ubi
1296 5239 1379 5282 causa
1403 5236 1459 5280 non
1482 5224 1561 5289 bona,
1584 5228 1612 5278 et
1639 5219 1753 5278 intentio

141 5343 215 5424 (tib)
233 5343 328 5401 Petrus
342 5344 512 5429 Venerabilis
525 5346 621 5405 eadem
636 5349 690 5433 lare
702 5350 785 5430 habet
807 5351 836 5417 ill
850 5351 896 5408 lib.
952 5351 1094 5481 doglieem
1106 5352 1281 5421 conflictum,
1290 5350 1431 5417 dehetis
1440 5346 1571 5407 monachi
1585 5344 1751 5416 uirtutem.

100 5429 139 5479 vt,
156 5416 269 5540 epistola
281 5419 325 5472 ib.
345 5418 414 5501 Qasr
430 5436 488 5476 reon
503 5419 629 5486 loelclur,
640 5429 740 5504 .¹¹¹q¹¹!²¹
766 5423 828 5496 quir
840 5438 898 5482 nco
952 5440 993 5480 ms
1005 5423 1059 5481 iter
1072 5422 1193 5480 actibus.

98 5500 170 5542 ecre
181 5489 232 5551 tet,
243 5503 408 5560 processuro
418 5507 486 5562 uos,
501 5507 560 5551 oon
569 5489 605 5550 od
619 5494 789 5566 simplicem,
800 5494 847 5553 red
862 5495 899 5553 od
