3728 5940
72 218 125 279 706

819 208 999 272 aestuent.

1663 200 1720 279 'tlt

71 345 217 400 claustrum
237 351 285 399 aut
297 342 487 400 monasterium
504 341 595 399 decuit
608 339 630 395 is
646 338 765 394 habitus:
781 352 868 410 quos·
882 336 1035 432 gessique,
1052 334 1293 409 praeternaturalia
1317 336 1388 394 illins
1410 337 1542 407 bliraculi,
1556 357 1611 414 quo
1630 343 1717 415 mains

74 449 129 505 que
148 433 268 489 seleseo
292 445 401 498 vestire,
423 449 455 489 ea
477 447 532 487 non
552 439 614 485 sunt
630 428 766 500 qualitate,
783 443 865 499 quam

73 519 152 576 nobis
167 527 268 575 statuta
282 531 373 575 nostra
394 518 580 590 praemittunt.
603 515 671 572 Cum
683 515 754 570 enim
768 530 865 570 mona-

73 609 116 663 chi
131 615 241 680 etymon
257 608 291 664 sit
304 608 420 664 solitudo
435 617 462 664 et
476 606 594 671 tristitia,
617 604 753 678 quomodo
777 605 868 659 solita·

74 697 113 753 rio
136 697 280 753 convenire
300 705 416 768 possunt
442 695 605 752 vestimenta
642 700 813 763 sumptuosa,
841 700 869 747 et

72 785 165 841 mundi
179 801 308 857 pompam
324 785 492 842 redolentia?
512 785 548 839 Et
560 783 695 856 quomodo
710 781 780 836 tristi
798 797 868 852 qua-

72 874 150 929 drant
164 874 264 930 laetitiae
285 882 313 931 et
334 873 520 930 exsultationis
542 871 684 945 vestigia?
702 869 819 940 Sufficit,
832 868 869 924 fili

71 962 120 1027 mi,
136 964 279 1031 monacho,
294 963 369 1034 qnod
383 969 475 1020 sancto
482 962 609 1035 apostolo
621 960 703 1016 Paulo
718 967 869 1031 supererat,

72 1050 175 1106 scilicet
189 1050 330 1107 comedere
345 1052 417 1123 quod
433 1058 557 1107 naturam
576 1057 604 1107 et
615 1048 698 1105 vitam
719 1053 871 1103 sustentare

72 1144 190 1208 poterat,
207 1145 233 1192 et
256 1137 454 1209 vestimentum,
472 1137 546 1211 quod
568 1152 668 1208 corpus
683 1143 798 1209 tegeret.
819 1131 872 1202 Qui

73 1227 144 1282 enim
164 1225 226 1297 plus
241 1225 318 1298 petit,
339 1227 429 1298 potius
443 1227 598 1284 Pharisaeus
619 1223 761 1297 hypocrita
792 1221 873 1278 nobis

73 1313 186 1381 dicetur,
199 1312 245 1386 qui
267 1312 366 1372 uestitu
381 1315 513 1372 honorem
526 1320 651 1382 venatur,
666 1326 747 1384 quam
756 1325 875 1383 pauper-

75 1400 138 1455 tatis
148 1400 311 1472 evangelicae
325 1402 475 1475 discipulus
484 1412 511 1458 et
526 1404 656 1459 imitator.

110 1489 201 1545 fNon
215 1488 273 1544 haec
287 1489 343 1547 vita
356 1498 406 1555 est,
422 1505 500 1562 quam
525 1505 569 1547 me
595 1496 623 1546 et
644 1497 671 1545 te
689 1485 782 1544 docuit
799 1493 875 1559 pater

75 1583 102 1630 et
116 1578 296 1646 praedeeessor
310 1585 401 1634 noster
417 1577 568 1634 bernardus
594 1572 682 1633 felicis
707 1574 874 1632 recordatio-

921 432 989 480 mter
1010 424 1154 481 mulierum
1172 433 1251 480 nams
1274 440 1327 482 non
1352 426 1480 499 surrexit,
1496 438 1578 502 capnt
1597 438 1716 489 οιιοιιιιι·

921 520 1042 569 tumeat.

956 603 982 656 t.
1003 600 1227 671 Quandoquidem
1249 616 1314 674 ergo
1338 610 1377 657 tot
1400 603 1469 659 male
1490 603 1638 676 perierunt,
1652 622 1720 680 quo·

923 690 1003 744 modo
1017 690 1086 745 bene
1102 688 1151 745 tibi
1171 694 1262 759 potest
1276 691 1449 746 succedere?
1468 692 1497 746 ln
1514 691 1552 749 tui
1566 695 1718 752 excusatio-

923 793 985 832 nem
1012 777 1094 832 affers
1124 776 1255 833 stomachi
1281 768 1309 833 et
1335 779 1432 850 capitis
1461 780 1577 849 dolores,
1593 781 1719 856 quodque

923 881 1079 923 communes
1093 865 1147 922 cibi
1168 866 1216 922 tibi
1234 864 1365 923 officiant.
1378 868 1447 924 Tota
1461 884 1537 926 erras
1550 871 1604 942 via,
1620 872 1643 927 si
1657 887 1721 929 cre·

924 953 973 1010 das
987 956 1151 1010 monachum
1176 954 1348 1011 secularium
1370 958 1519 1014 medicinas
1543 961 1621 1031 sequi
1640 975 1722 1032 posse

925 1043 1029 1114 (tim).
1045 1042 1088 1098 hd
1104 1043 1297 1098 monasterium
1320 1044 1395 1099 enim
1419 1045 1552 1113 vonimus,
1568 1055 1597 1103 ut
1614 1038 1722 1120 corpori

925 1130 1169 1197 incommoditates,
1180 1142 1206 1187 et
1221 1146 1276 1188 non
1290 1134 1432 1188 commoda
1447 1141 1473 1188 et
1486 1133 1639 1206 voluptates
1652 1150 1723 1206 quae
1790 1139 1797 1154 “

927 1233 1028 1276 ramus.
1042 1218 1071 1275 Si
1090 1221 1184 1276 sancto
1204 1219 1290 1276 Paulo
1313 1219 1500 1279 fortitudinem
1514 1221 1632 1278 addebat
1646 1221 1724 1278 inhr-

927 1306 1015 1376 mitas,
1030 1322 1114 1378 quare
1136 1308 1219 1365 domo
1242 1308 1362 1366 medium
1386 1319 1525 1368 tantorum
1549 1311 1725 1369 bonorumet

927 1410 1037 1452 causam
1068 1397 1210 1453 exturbare
1235 1397 1347 1454 niteris?
1367 1399 1451 1455 Crede
1479 1398 1555 1466 mihi,
1572 1409 1648 1472 pater
1675 1398 1723 1467 mi,

929 1488 1029 1559 saepius
1043 1493 1166 1543 mactum
1181 1487 1348 1544 hemardum
1372 1488 1461 1561 pultes
1474 1506 1508 1547 ex
1526 1490 1612 1548 farina
1626 1491 1724 1549 confe-

930 1582 997 1645 ctas,
1010 1573 1102 1630 addito
1123 1575 1184 1631 oleo
1210 1583 1238 1631 et
1260 1577 1353 1645 melle,
1370 1590 1433 1632 cum
1455 1578 1585 1650 scrupulo
1601 1578 1725 1636 edentem

75 1664 132 1728 nis,
148 1681 198 1721 nec
225 1667 331 1733 modus,
348 1682 429 1739 quern
444 1669 527 1724 nostri
541 1666 611 1724 sacri
624 1665 734 1723 Ordinis
763 1665 875 1722 abbates
890 1656 912 1734 Β
928 1661 981 1719 vidi
996 1662 1029 1717 ad
1048 1663 1218 1719 stomachum
1237 1663 1462 1721 calefaciendum.
1476 1666 1603 1739 Dumque
1616 1681 1678 1724 earn
1692 1668 1727 1723 de

76 1758 103 1807 et
118 1753 240 1808 monachi
254 1765 415 1825 sequuntur,
431 1757 477 1827 qui
491 1770 622 1826 nospaue
636 1773 669 1812 ex
697 1768 783 1810 avena
804 1767 872 1809 con-

76 1838 157 1906 fecto,
175 1849 201 1896 et
215 1841 308 1897 herbis
322 1841 448 1899 sineoleo
459 1849 486 1899 et
501 1841 647 1899 abdomine
660 1841 744 1899 coctis
759 1840 874 1897 enutrie-

78 1935 151 1999 runt,
167 1934 194 1983 et
215 1928 283 1984 labis
298 1930 427 2002 pisisque,
445 1931 506 2003 ipso
531 1931 615 1987 etiarn
642 1929 780 1987 Pascliatis
803 1927 873 1984 festo

77 2015 139 2070 die:
156 2032 218 2086 quae
231 2018 384 2083 austeritas,
400 2019 445 2074 vel
462 2018 558 2074 similis
571 2019 600 2073 in
621 2018 749 2075 omnibus
764 2014 874 2072 Ordinis

78 2104 206 2161 domibus
224 2106 389 2164 observatur.
406 2109 441 2163 Et
454 2117 494 2174 tu,
509 2107 588 2178 quasi
601 2107 682 2177 hujus
696 2104 805 2162 Ordinis
820 2119 874 2161 non

79 2192 161 2257 fores,
177 2190 265 2250 892
287 2196 362 2251 cibos
377 2196 423 2250 tibi
447 2211 562 2267 procura
584 2195 715 2253 delicatos
730 2204 756 2251 et
775 2194 872 2260 lautos,

80 2293 110 2339 ut
119 2283 189 2353 gulas
206 2282 288 2338 facias
312 2283 395 2340 satis?
407 2285 437 2340 st
456 2284 551 2356 abhas,
566 2292 593 2341 et
606 2292 715 2340 tuorum
734 2283 828 2357 regula
847 2292 874 2339 et

79 2371 234 2441 exemplum
244 2387 283 2437 es,
300 2371 347 2444 qui
361 2373 547 2430 andescarnes
563 2375 659 2441 lautas,
671 2372 760 2444 pisces
775 2386 873 2428 recen-

81 2467 131 2526 tes,
142 2458 325 2517 diversimode
339 2471 457 2532 paratos,
474 2469 501 2518 et
521 2478 618 2532 panem
633 2470 709 2518 extra
733 2469 873 2517 monaste-

81 2546 177 2603 riuma
194 2549 352 2605 mulieribus
365 2560 471 2607 coctum
485 2548 648 2607 comedere‘l
662 2550 723 2606 Non
742 2549 802 2604 sine
820 2564 873 2618 pu·

80 2634 146 2689 dore
161 2635 232 2704 dico,
251 2636 324 2708 quod
340 2645 427 2693 tamen
442 2639 597 2707 dicendum,
619 2638 693 2709 quod
717 2637 793 2692 multi
812 2644 876 2691 sunt

82 2720 168 2777 invia
190 2723 249 2791 Dei,
266 2725 366 2780 subditi
380 2740 428 2780 suo
449 2727 554 2795 abbate,
566 2726 725 2800 nauigantes
749 2726 875 2781 nauclero

82 2809 181 2866 milites
197 2812 266 2868 duce
281 2814 458 2884 perfectiores
474 2832 481 2869 :
497 2816 623 2887 quodque
638 2822 685 2871 tuo
700 2816 726 2871 in
742 2822 875 2873 monaste-

84 2898 126 2953 rio
137 2899 215 2953 multi
229 2900 406 2970 reperiantur,
426 2901 473 2971 qui
485 2917 518 2958 eo
534 2910 667 2971 tempore,
679 2916 734 2973 quo
747 2911 777 2957 tu
796 2904 875 2958 horas

83 2986 171 3042 noctis
185 2988 270 3043 ooenis
291 2988 412 3061 opiparis
436 2998 462 3046 et
488 2989 634 3060 superfluis
663 2988 799 3063 transigis,
824 2988 876 3061 ipsi

84 3076 198 3131 orationi
211 3085 318 3143 vacant,
340 3089 366 3133 et
395 3077 428 3133 ad
444 3077 590 3148 expiandas
612 3077 706 3150 culpas
734 3085 761 3133 et
785 3093 879 3134 earum

84 3164 270 3220 remissionem
283 3166 440 3239 disciplinas
454 3176 573 3223 sumunt.
592 3166 678 3237 Quam
694 3165 789 3239 procul
802 3167 878 3232 abes,

84 3262 198 3322 pateret
221 3252 302 3310 frater
316 3256 395 3322 mia
420 3255 488 3312 socii
517 3255 605 3312 nostri
634 3254 811 3328 perfectione,
833 3253 879 3326 qui

84 3341 144 3411 ipso
176 3341 321 3398 novitiatus
344 3359 414 3400 anno
442 3345 518 3410 obiit,
548 3359 684 3416 quemque
712 3341 880 3399 abstinentias

86 3427 160 3500 rigor
172 3430 206 3484 ad
229 3429 310 3486 tinem
330 3447 416 3505 usque
432 3434 574 3489 comitatus
599 3432 653 3489 est!
680 3433 779 3507 Magna
807 3431 880 3486 enirn

85 3532 183 3572 nausm
196 3529 302 3588 captus,
318 3529 345 3575 et
359 3521 404 3576 ovi
417 3521 487 3576 cocti
514 3520 644 3578 disiderio
663 3519 789 3590 aflectus,
806 3519 879 3576 indi-

85 3619 148 3661 care
162 3606 248 3660 noluit
258 3605 304 3676 (ne
318 3607 464 3662 voluntatis
477 3613 504 3664 et
519 3609 656 3680 appetitus
679 3608 772 3680 negati
785 3606 879 3663 merito

86 3693 233 3765 excideretl
262 3693 314 3749 nisi
333 3694 428 3750 ultimo
455 3697 516 3750 vitae
545 3704 654 3769 puncto,
683 3695 802 3768 dumque
822 3696 878 3764 jam

88 3782 207 3836 animam
222 3791 325 3855 ageret,
346 3782 442 3839 abbate
458 3785 531 3854 prius
558 3784 743 3855 promittente,
754 3783 830 3837 illum
845 3782 879 3837 ad

87 3872 141 3926 hoc
155 3869 321 3927 desiderium
336 3871 497 3944 explendum
509 3887 563 3928 non
578 3872 702 3928 adactum
717 3871 759 3926 iri.

123 3963 149 4015 3.
167 3959 259 4016 hbhas
278 3976 343 4036 ergo
361 3962 387 4015 in
402 3961 547 4032 religione,
562 3963 645 4018 homo
663 3962 697 4017 ad
712 3961 771 4031 ejus
786 3975 881 4017 exem-

89 4049 162 4120 plum
180 4058 288 4119 statute,
318 4050 363 4106 ubi
391 4059 433 4105 est
457 4059 531 4105 tuum
560 4049 686 4106 meritum
709 4050 754 4104 tali
778 4048 881 4104 nouitio

89 4138 324 4209 comparandum?
341 4139 369 4194 Si
395 4138 520 4194 Christus
543 4136 740 4209 praedicaturus
762 4138 881 4208 jejunat·

927 1753 980 1808 hae
1003 1751 1158 1808 austeritate
1184 1768 1350 1819 accusarem,
1366 1753 1433 1809 mihi
1458 1755 1601 1826 respondit
1621 1774 1628 1810 ι
1646 1754 1726 1812 «Fili

928 1840 975 1905 mi,
992 1838 1015 1893 si
1031 1838 1157 1896 monaehi
1175 1839 1369 1913 obligationem
1388 1856 1494 1912 nomes,
1509 1844 1598 1900 omnis
1610 1843 1725 1910 bucella,

928 1942 1008 2000 quam
1032 1927 1101 1996 edis,
1117 1927 1244 2002 lacrymis
1270 1929 1407 2003 irriganda
1430 1930 1507 1988 foret.
1525 1933 1555 1987 ln
1578 1932 1630 1989 hoc
1654 1932 1726 1988 enim

929 2015 1122 2072 monasterium
1146 2016 1287 2083 intramus,
1302 2026 1333 2073 ut
1353 2026 1464 2091 peccata
1486 2027 1618 2076 nostrast
1633 2019 1727 2092 populi

928 2104 1117 2177 deploremus,
1132 2111 1159 2160 et
1182 2120 1291 2176 panem,
1307 2122 1388 2178 quent
1412 2108 1470 2163 suis
1491 2107 1629 2165 laboribus
1649 2123 1727 2181 pura·

928 2201 1000 2263 runt,
1016 2193 1201 2259 comedentes,
1216 2194 1315 2251 horum
1336 2204 1446 2267 peccata
1464 2195 1637 2265 comedimus,
1652 2207 1682 2255 ut
1696 2212 1728 2254 aa

929 2287 1058 2353 tanquam
1074 2280 1183 2354 propria
1194 2281 1343 2354 lugeamus.
1358 2302 1370 2333 ι
1388 2281 1564 2356 Addebatque
1577 2294 1724 2356 preterea:

932 2391 943 2422 ι
959 2370 1016 2426 Nec
1030 2368 1132 2425 suflicit
1145 2371 1279 2425 monacho
1300 2367 1481 2425 infirmitstem
1496 2368 1621 2441 allegare.
1638 2370 1728 2428 Sancti

929 2458 1001 2513 enim
1030 2465 1130 2528 patres,
1162 2459 1280 2527 majores
1313 2457 1410 2524 nostri,
1438 2455 1524 2515 valles
1550 2458 1674 2516 humidas
1701 2467 1728 2516 et

929 2544 1046 2603 declives
1088 2545 1257 2602 monasteriis
1293 2544 1463 2601 exstruendis
1496 2546 1670 2620 indagabant,
1697 2553 1728 2604 ut
1805 2565 1809 2572 ·

930 2648 1004 2705 sape
1024 2631 1126 2689 infirmi
1143 2633 1281 2700 monachi,
1296 2641 1323 2688 ct
1347 2645 1462 2691 mortem
1484 2646 1545 2692 ante
1569 2635 1665 2694 oculos
1677 2636 1727 2693 ha-

929 2725 1033 2790 bentes,
1048 2723 1135 2781 securi
1148 2737 1204 2779 non
1226 2722 1357 2782 viverent.
1380 2743 1393 2775 s
1409 2720 1438 2777 Si
1459 2738 1526 2796 ergo
1547 2724 1634 2781 sancti
1647 2723 1728 2800 agri·

930 2811 1032 2870 tudinis
1056 2813 1144 2869 media
1168 2813 1316 2884 inquirunt,
1339 2828 1422 2885 qnare
1448 2819 1476 2867 tu
1499 2813 1544 2868 illa
1567 2813 1683 2885 indigas,
1699 2820 1729 2868 nt

932 2901 1003 2957 laute
1017 2900 1164 2957 habearis?
1179 2900 1243 2958 etsi
1257 2901 1308 2972 ipsi
1322 2900 1443 2958 medium
1458 2901 1510 2957 hoc
1523 2909 1657 2958 tantorum
1674 2902 1728 2958 bo-

932 3003 1028 3045 uomm
1042 3003 1125 3045 eausa
1139 2989 1220 3045 nobis
1242 2997 1391 3058 accersunt,
1407 3005 1462 3060 qua
1484 2987 1684 3059 dispensatione
1697 2997 1728 3046 tu

933 3078 1087 3134 monasterii
1101 3078 1182 3145 bosa,
1197 3076 1358 3133 infirmitatis
1373 3078 1546 3133 excusatione
1567 3077 1594 3132 in
1609 3077 1731 3148 corporis

935 3165 974 3222 tui
995 3165 1202 3223 commoditates
1226 3165 1339 3220 insumis
1367 3170 1395 3219 et
1417 3164 1558 3240 prodigis?
1572 3164 1659 3234 hfajor
1679 3172 1729 3234 cst,

934 3254 1018 3312 frater
1032 3255 1080 3322 mi,
1101 3254 1209 3323 anima,
1225 3268 1307 3327 quam
1330 3252 1453 3328 corporis
1475 3252 1515 3309 tui
1537 3252 1732 3310 infirmitasesi

933 3339 1005 3397 enim
1020 3340 1065 3398 illa
1079 3351 1151 3398 essct
1175 3341 1202 3396 in
1222 3341 1273 3397 Dei
1287 3340 1385 3413 gratia,
1401 3357 1456 3398 non
1475 3349 1530 3398 tam
1548 3340 1637 3399 debile
1660 3346 1733 3398 esset

933 3444 1041 3502 eorpus,
1057 3445 1106 3487 nec
1120 3430 1188 3485 adeo
1210 3428 1324 3485 terrenis
1342 3428 1447 3488 deliciis
1470 3429 1597 3487 amicum.
1611 3428 1735 3486 linenda

933 3533 999 3591 ergo
1014 3528 1041 3575 et
1054 3519 1179 3577 curiosos
1193 3519 1312 3588 habitus,
1322 3525 1351 3575 et
1364 3518 1512 3593 exquisitas
1521 3518 1618 3592 opulas
1631 3519 1732 3578 devita.

934 3605 1064 3674 Quamvis
1087 3608 1160 3663 enim
1179 3624 1276 3665 venam
1299 3624 1354 3664 non
1376 3609 1526 3681 explorem,
1540 3609 1603 3668 novi
1623 3623 1676 3682 quo
1689 3623 1733 3665 re·

934 3693 1023 3750 medio
1040 3693 1089 3750 tibi
1116 3696 1278 3751 medendum
1300 3696 1335 3752 sit
1350 3715 1357 3751 ι
1374 3698 1451 3770 sique
1472 3698 1530 3755 baec
1544 3698 1661 3755 fraterna
1677 3705 1735 3755 ets

934 3779 1008 3837 socio
1042 3782 1161 3854 profecta
1188 3783 1336 3840 admonitio
1372 3800 1427 3840 non
1455 3785 1603 3857 suffecerit,
1622 3801 1734 3845 ueoesse

935 3868 996 3939 erit,
1010 3879 1040 3925 ut
1059 3879 1185 3943 tanquam
1199 3874 1326 3943 praelatus
1338 3873 1499 3929 medicinam
1513 3875 1661 3934 adhibeam.

1128 3975 1217 4035 898
1230 3975 1400 4033 EPISTOLA
1413 3977 1544 4035 Ohxcll.

935 4082 1020 4124 earm
1036 4083 1072 4124 na
1087 4081 1161 4125 nors
1174 4081 1284 4124 uovrrn
1299 4079 1563 4124 emam-vauunusrs
1573 4082 1610 4124 an
1622 4084 1648 4127 c.
1662 4083 1736 4128 eu·

1162 4169 1283 4214 rosrruu
1297 4169 1514 4214 uovrouaussu.

89 4227 113 4282 si
130 4229 214 4298 Elias,
231 4238 259 4285 nt
273 4246 355 4287 curru
370 4229 450 4301 igneo
466 4231 609 4299 levaretur,
629 4229 732 4300 jejunat
742 4247 750 4297 3
762 4226 785 4283 si
802 4226 881 4282 Nini·
899 4216 927 4335 n‘
944 4247 1104 4303 gramma.
1121 4248 1188 4301 ,ιι-ιω
1201 4260 1310 4303 mr„
1326 4249 1484 4312 enumerat,
1502 4251 1528 4304 α
1544 4246 1736 4305 ςιαωγαιις,

89 4315 153 4373 vitae
175 4317 306 4374 excidium
335 4334 414 4373 suum
436 4317 541 4388 jejunio
560 4317 713 4384 redimunt3
741 4315 763 4371 si
786 4314 884 4372 Esther

87 4406 192 4477 jejunio
207 4408 336 4478 populum
358 4414 458 4474 servat,
482 4413 509 4462 et
532 4404 646 4462 Assueri
674 4403 887 4478 indignationem

91 4495 181 4561 sedat;
198 4496 221 4550 si
236 4508 346 4553 sanctus
361 4498 479 4553 loannes
503 4495 624 4566 baptista
639 4501 722 4550 totam
750 4492 831 4548 vitam
846 4493 887 4563 je-

90 4585 166 4652 junio
183 4585 305 4658 transigit
323 4585 356 4641 ad
381 4584 451 4641 siam
483 4582 631 4656 Evangelio
652 4582 835 4649 stamendam,
859 4588 887 4637 et

91 4672 118 4727 Si
136 4672 191 4728 hac
207 4672 251 4729 via
266 4673 356 4729 sancti
369 4672 557 4729 incesserunt:
574 4687 656 4743 quam
670 4677 697 4725 tu
711 4670 839 4726 tibisiam
853 4669 886 4724 ad

92 4761 191 4815 coelum
199 4762 308 4832 sternis,
324 4769 378 4816 tarn
389 4761 526 4818 diversam
543 4759 615 4817 dam
629 4759 801 4831 ingrediens?
817 4757 888 4814 Gula

92 4851 241 4921 primomm
266 4861 406 4925 parentum
432 4863 591 4909 nostrorum
616 4848 698 4921 periit
725 4849 886 4907 innooentia.

92 4937 192 4993 Ebrius
204 4939 262 4996 Noc
275 4943 400 5012 pudenda
414 4940 526 5008 detexit,
540 4949 568 4996 et
581 4939 648 4994 loth
666 4939 797 4994 incestum
812 4953 887 4995 com-

90 5026 172 5094 misit,
188 5029 331 5099 Postquam
361 5030 487 5096 comedit,
509 5028 628 5084 surrexit
653 5026 783 5098 populus,
799 5034 826 5083 et
840 5028 888 5083 ad·

87 5114 174 5169 oravit
189 5114 311 5175 vitulum.
327 5116 451 5173 hmonin
460 5118 583 5177 convivio
598 5117 704 5177 occisus
718 5127 771 5187 est,
788 5119 824 5174 ihi
836 5124 888 5191 qtte

90 5202 252 5259 Holofernae
269 5220 297 5260 se
322 5205 456 5279 neglexit.
470 5207 622 5265 comedens
642 5206 783 5263 balthasar
792 5206 888 5264 mortis

93 5308 152 5351 suae
168 5293 347 5365 praenuntiam
368 5293 439 5352 sidit
457 5294 626 5368 scripturam.
655 5297 691 5354 Et
717 5295 744 5352 in
767 5296 889 5358 convivio

129 5475 229 5546 (ftis)
257 5473 326 5531 Vide
354 5472 494 5547 epistolam
507 5477 560 5533 stt
572 5481 600 5532 et
612 5473 650 5532 ibi
668 5483 759 5534 notas.

1093 4319 1232 4388 optimam
1247 4317 1349 4375 laudat
1361 4319 1583 4377 institutionem.

976 4407 1078 4463 Dilecto
1093 4422 1143 4464 suo
1158 4407 1189 4463 O.
1203 4413 1305 4463 sanctae
1324 4407 1420 4463 matris
1434 4406 1555 4463 ecclesiae
1568 4406 1735 4466 Novioman·

941 4495 979 4550 sis
993 4496 1148 4569 praeposito,
1164 4495 1280 4552 forsitan
1303 4496 1427 4564 annuali,
1442 4495 1465 4552 si
1487 4496 1551 4552 velit
1573 4504 1662 4553 auum
1680 4512 1736 4555 coe·

941 4584 1029 4640 lorum
1043 4586 1101 4658 regi
1121 4583 1211 4642 futuro
1227 4583 1443 4656 inperpetuum,
1458 4583 1540 4642 frater
1554 4585 1672 4656 Psvnns,
1687 4602 1738 4661 per

942 4672 1153 4730 misericordiam
1166 4673 1217 4730 Dei
1235 4671 1426 4731 Clarae-Vallis
1439 4671 1568 4741 novitius,
1583 4665 1695 4733 salutaris
1708 4674 1737 4732 in

940 4761 1069 4833 idipsum.

979 4855 1005 4908 l.
1020 4849 1105 4906 hloris
1119 4857 1161 4905 est
1175 4847 1333 4917 amicorum,
1349 4864 1419 4922 quos
1430 4849 1526 4922 jungit
1538 4864 1615 4906 amor
1627 4845 1736 4920 Christi,

941 4939 989 4994 sed
1014 4941 1134 4995 locorum
1159 4948 1288 5008 separant
1311 4939 1459 5006 intervalla,
1475 4947 1505 4996 ut
1528 4955 1589 4996 cum
1604 4939 1738 4996 sevidere

941 5044 995 5085 non
1019 5028 1146 5096 habeant,
1161 5044 1209 5085 nec
1236 5028 1311 5102 loqui
1335 5029 1386 5086 sibi
1414 5029 1480 5086 facie
1503 5031 1539 5085 ad
1567 5029 1671 5097 faciem,
1685 5029 1739 5088 fre-

941 5128 1054 5191 quenter
1068 5125 1157 5174 umen
1171 5117 1215 5188 pia
1229 5117 1256 5172 in
1271 5115 1376 5175 Christo
1395 5119 1525 5175 memoria
1539 5133 1570 5176 ss
1584 5118 1739 5191 respiciant,

945 5206 1051 5280 sibique
1067 5206 1187 5263 -mutuis
1213 5207 1357 5278 loquantur
1400 5205 1556 5279 affectibus3
1584 5216 1687 5266 secreta
1713 5216 1741 5266 et

944 5297 1028 5355 amica
1052 5310 1118 5354 voce
1147 5294 1236 5352 cordis
1262 5310 1343 5365 super
1370 5295 1497 5352 alterutro
1526 5294 1703 5369 inquirentes,
1713 5305 1742 5354 et

944 5385 1088 5462 profundis
1112 5382 1185 5458 apud
1208 5384 1294 5442 Deum
1317 5380 1463 5456 gemitibus
1482 5392 1594 5443 orantes
1607 5399 1657 5459 pro
1669 5384 1742 5447 invi·
