3728 5940
119 163 170 222 ret
850 161 1029 226 corseone.
1717 174 1770 237 tae

118 287 201 351 irasci
224 296 250 343 et
276 286 331 344 noti
356 302 475 359 peccare,
506 287 529 342 si
552 287 593 342 vis
617 302 666 343 nos
691 290 732 344 vel
756 289 840 345 Deum
864 306 917 362 po-
933 305 956 384 Ι
973 303 1027 341 ιιοιι
1042 284 1197 357 docuique!
1212 289 1348 359 quomodo
1363 303 1417 345 nou
1436 289 1526 346 decuit
1543 294 1626 362 (620),
1643 311 1696 353 non
1713 305 1769 354 tam

118 376 172 431 tius
187 393 239 432 non
262 375 353 431 irasci.
368 377 436 431 Nam
461 376 534 447 qnod
559 375 717 446 subreptum
738 378 847 445 esttibi,
864 379 916 434 mi·
973 390 1021 429 nos
1040 375 1118 441 testi,
1135 392 1216 448 quam
1232 392 1261 432 se
1278 377 1376 448 ipsum.
1397 379 1481 450 Magis
1506 397 1619 455 namque
1641 384 1677 441 ita
1701 388 1768 442 scri-

115 466 278 519 serationcm
303 465 387 536 magis
416 481 496 536 quam
534 465 746 536 indignationem
786 475 915 523 meretur.
971 464 1059 520 brodo
1076 481 1149 519 snam
1175 466 1292 537 prodidit
1307 467 1451 533 levitatem,
1467 486 1547 541 qnam
1569 481 1692 528 nostrum
1717 475 1767 532 de-

114 555 249 610 Nimirum
273 554 352 609 homo
376 572 416 621 es,
437 555 576 625 navigans,
596 555 665 610 cicut
684 565 710 609 et
723 572 803 612 oruno
817 560 915 612 imina·
970 555 1112 623 prehendit
1127 571 1256 611 errorem.
1273 557 1491 628 Qnmqnarnetsi
1502 559 1615 617 laesisset
1626 562 1766 635 ineliquo,

114 659 180 698 num
202 660 298 715 genus,
316 643 343 697 in
368 645 417 699 hoc
441 645 506 698 ntari
523 659 621 717 rrtrrgno
640 652 665 698 et
684 645 802 716 spatioso
826 648 915 702 mani·
970 651 1094 697 nostram
1109 654 1197 701 tamn
1213 662 1265 698 non
1281 655 1337 700 erat
1353 664 1480 718 reponere
1495 649 1605 704 malum.
1620 653 1766 709 hitendeos

113 731 176 802 bus,
196 731 241 787 ubi
258 732 370 802 reptilia,
396 747 509 804 qnorum
525 740 634 787 nonest
650 750 789 790 numerus
807 734 872 803 Quis
887 752 916 790 so
968 734 1083 803 proinde
1100 749 1151 788 tion
1167 735 1236 805 quod
1253 735 1298 790 itle
1315 746 1440 802 moretur,
1458 739 1505 793 sed
1520 740 1591 810 rprtod
1616 756 1659 796 mc
1677 741 1764 810 decet,

110 822 195 891 jactet
210 821 237 875 in
252 837 284 875 eo
309 822 423 876 assiduis
438 837 492 876 non
515 821 726 892 impediendis,
744 840 797 879 non
818 825 916 893 jactari
969 822 1065 875 donari
1088 822 1179 892 juveni
1204 823 1313 878 etiamn
1329 826 1404 882 uobis
1429 827 1496 883 lianc
1521 827 1627 897 eulpam
1652 846 1717 901 rogo
1739 840 1766 888 et

113 909 665 981 tluctibusiNo.er·isterratuiragasscin
690 911 740 978 eis,
766 913 915 985 pericnlum
970 911 1103 979 supplico,
1133 928 1193 981 qtae
1223 913 1310 985 magis
1343 914 1484 983 gloriolam
1522 933 1602 986 qnam
1637 919 1764 975 malitiam

113 1014 140 1051 ιιι
157 998 233 1052 telsis
248 997 372 1053 tratribus
388 996 521 1054 incidisse.
546 999 646 1054 lterum
669 998 729 1054 dico
747 1018 752 1056 :
770 1001 826 1054 haec
840 1001 914 1054 veri·
968 998 1092 1054 redolere
1116 1000 1220 1055 videtur
1243 1020 1249 1058 ;
1274 1004 1309 1056 ita
1331 1011 1429 1068 tarnen,
1455 1011 1484 1057 ut
1509 1021 1617 1059 uranum
1639 1007 1766 1079 deinceps

113 1095 163 1140 tas.
198 1088 332 1158 Deceptus
362 1086 443 1154 luisti,
476 1094 502 1141 et
528 1086 640 1156 spiritns
673 1090 799 1144 mendax.
813 1088 841 1144 in
867 1105 915 1145 ore

113 1177 412 1248 pseudoprophetarum
426 1175 605 1249 supplantavit
616 1183 651 1236 te.

149 1269 175 1321 3.
191 1267 245 1324 Sed
261 1282 324 1322 ecce
344 1266 452 1324 erarinit
472 1266 581 1335 salsitas,
600 1267 658 1322 luce
674 1266 793 1324 veritatis
807 1266 913 1324 oborta.

112 1355 139 1409 Si
154 1356 242 1411 adhuc
269 1357 351 1428 (quod
380 1354 477 1420 absitlt
502 1357 593 1426 pergis
614 1355 641 1410 in
667 1363 712 1410 tua
735 1355 914 1412 obstinatione

111 1445 268 1516 persistere;
299 1460 350 1515 ego
376 1455 400 1500 te
424 1444 534 1499 interim
558 1460 611 1499 non
632 1445 770 1515 Judieabo,
797 1450 838 1499 est
866 1445 911 1515 qui

109 1543 212 1602 rprraerat
225 1542 250 1590 et
264 1535 375 1604 judicet.
392 1535 450 1607 Ego
465 1543 555 1589 entem
570 1549 649 1603 parco
670 1534 726 1601 tibi,
739 1532 911 1590 dissimulans

108 1632 134 1678 et
149 1623 277 1678 dit'ierens
296 1622 405 1678 interim
424 1623 451 1675 in
471 1622 545 1696 virga
568 1623 661 1678 venire
675 1623 708 1676 ad
733 1630 768 1677 te.
784 1622 867 1679 Porro
882 1624 910 1677 in

110 1711 295 1766 misericordia
321 1720 347 1766 et
376 1712 470 1782 spiritu
507 1711 719 1767 mansuetudinis
756 1712 861 1766 allicere
884 1720 911 1768 te

969 1086 1089 1143 inhibeat
1103 1103 1118 1141 a
1133 1088 1282 1145 scribendis
1298 1091 1473 1147 tractandisve
1488 1109 1547 1162 quae
1568 1109 1651 1164 snpra
1674 1097 1765 1167 ipsum

967 1190 1028 1229 esso
1047 1176 1207 1232 constiterit.
1222 1177 1299 1242 Nam,
1311 1189 1338 1232 ut
1349 1178 1452 1249 liquido
1465 1180 1530 1234 satis
1545 1190 1666 1251 apparet,
1676 1183 1703 1238 in
1714 1186 1764 1241 hoc

966 1264 1065 1334 exiguo
1087 1265 1159 1335 quod
1183 1267 1448 1338 praesumpsimus
1471 1278 1528 1323 erat
1547 1269 1608 1326 stilo
1623 1273 1650 1327 et
1673 1276 1763 1330 auimo

967 1354 1115 1408 inituriovi.
1132 1355 1240 1409 Certum
1256 1357 1327 1410 enim
1342 1357 1375 1411 sit
1390 1359 1476 1424 vobis,
1493 1358 1641 1429 homiuem,
1657 1359 1720 1418 licet
1735 1362 1763 1419 in

965 1442 1038 1497 brevi
1059 1443 1166 1515 pagina,
1187 1455 1302 1501 autnon
1327 1447 1467 1518 scripsisse
1484 1459 1511 1504 ut
1527 1451 1620 1518 sensit,
1637 1460 1683 1507 aut
1708 1467 1763 1508 non

966 1534 1081 1590 sensisse
1098 1543 1127 1590 ut
1141 1535 1241 1589 debuit.

1105 1712 1108 1718 .
1142 1658 1308 1715 uetsronn
1327 1659 1475 1717 ccxxxv
1494 1662 1579 1732 (aer).

108 1799 186 1854 uobis
208 1801 319 1871 curabo,
336 1801 358 1855 si
375 1811 468 1869 potero
485 1818 491 1854 :
508 1817 568 1854 nam
583 1799 610 1854 id
636 1799 700 1855 mihi
721 1801 809 1856 sentio
831 1799 910 1855 lami·
964 1788 1000 1828 ΑΒ
1019 1788 1149 1831 ⁰⁰⁸¹N⁰⁵¹
1170 1790 1259 1831 ''³¹¹⁸'‘
1274 1792 1475 1844 COELESTffiU'»
1491 1794 1543 1833 ⁹¹³⁰
1558 1792 1678 1836 ¹⁸TRU⁸⁰
1693 1796 1761 1838 ¹³⁸⁰·

105 1887 198 1943 liarius
212 1905 282 1956 osse,
303 1900 328 1943 ot
347 1888 392 1943 tibi
408 1888 611 1958 persuasibilius
636 1886 693 1942 iore
719 1903 772 1942 non
797 1889 905 1948 dubito.

1299 1880 1425 1921 lthENSI.

105 1977 184 2032 thum
199 1994 264 2033 sane
288 1979 430 2050 evaginare
446 1994 529 2048 super
544 1983 569 2031 to
583 1975 705 2048 gladium
720 1992 774 2032 non
791 1986 907 2034 cuncta·
963 1980 1169 2036 Auctoritatem
1181 1981 1255 2036 seriis
1269 1985 1431 2053 apostolice
1441 1984 1722 2058 aduersariafumem
1732 1992 1760 2042 et

105 2068 165 2134 bor,
181 2067 270 2139 quiin
293 2076 415 2122 materno
430 2082 491 2122 uteo
517 2075 624 2137 pectore
645 2066 715 2135 jacet
739 2068 906 2138 reconditns;

104 2159 250 2214 continuus
266 2158 354 2228 utique
369 2158 444 2213 dolor
468 2156 541 2214 cordi
566 2170 635 2227 meo,
653 2166 680 2211 ot
693 2156 849 2212 creberrimi
873 2157 908 2213 ad

105 2248 195 2302 ileum
208 2247 325 2319 gemitus
348 2264 395 2317 pro
418 2256 451 2317 tc,
468 2246 553 2301 donec
570 2246 670 2300 venias.
685 2245 763 2314 Quod
778 2245 800 2299 si
815 2261 908 2302 omnes

105 2338 188 2406 liujus
212 2347 264 2393 tam
289 2337 331 2407 pio
356 2336 477 2392 [orientis
498 2335 581 2401 ensis,
604 2334 752 2391 secundum
780 2335 906 2391 duritiam

105 2433 180 2480 tuam
202 2434 228 2480 et
256 2441 303 2481 eor
329 2425 511 2496 impenitens,
539 2425 709 2482 frustraveris
741 2425 819 2492 ictus,
856 2442 906 2483 nec

104 2515 188 2586 possit
203 2517 363 2588 quandoque
384 2517 472 2573 dicero
496 2514 584 2570 anima
608 2522 662 2570 tna.
678 2514 748 2582 Quia
766 2516 906 2572 vulnerata

103 2606 231 2662 charitate
258 2623 309 2674 ego
329 2623 403 2674 snm;
421 2615 448 2661 tu
463 2608 496 2660 de
512 2613 537 2659 te
553 2603 654 2660 videris
671 2623 678 2658 :
694 2620 756 2659 nam
780 2620 834 2660 non
858 2620 906 2661 so-

104 2695 160 2752 lum
183 2696 237 2765 jam
259 2695 368 2760 veritas,
383 2695 430 2749 sed
446 2701 471 2749 et
486 2694 601 2748 charitas
625 2691 748 2748 liberabit
771 2706 831 2750 nos.
853 2693 906 2750 Sed

104 2784 169 2856 quid
196 2784 274 2840 dixi?
297 2772 451 2852 Quomodo,
475 2782 566 2850 miser,
592 2782 727 2853 quomodo
759 2781 903 2848 liberabor,

103 2874 198 2930 oilusis
212 2875 367 2941 visceribus,
384 2873 439 2929 idio
455 2871 605 2944 pereunte?
618 2872 678 2927 Nou
692 2871 813 2943 quiescet
824 2872 908 2929 attec-
923 2877 945 2958 ῃ

102 2967 156 3035 tus,
173 2964 221 3020 osi
236 2981 289 3021 non
304 2974 433 3035 sequatur
444 2962 556 3019 et't'ectus
572 2980 579 3016 z
596 2978 651 3016 non
666 2962 805 3017 sedabitur
819 2962 906 3031 dolor,

103 3069 157 3108 uon
183 3057 328 3110 cessabunt
357 3054 490 3125 tacrymu.
520 3050 657 3106 Exlnbebo
688 3051 746 3118 tibi,
777 3051 907 3122 quamdiu

102 3143 207 3210 vixero,
222 3147 333 3200 alterum
352 3143 501 3198 Saumelcm
518 3161 524 3199 ;
542 3150 569 3196 tu
593 3141 694 3197 utinam
719 3157 774 3196 non
789 3140 907 3197 alterurn

102 3233 208 3289 Saulem
233 3234 306 3289 mibi.
328 3235 440 3306 Rogabo
462 3240 498 3299 te,
514 3233 616 3304 rogabo
643 3247 690 3302 pro
704 3238 741 3303 te,
758 3240 786 3287 nt
801 3234 905 3289 venias.

104 3321 180 3391 Verri,
198 3325 269 3390 veui,
287 3325 441 3395 priusquam
465 3322 611 3379 moriamur
629 3339 634 3378 :
661 3331 689 3377 ut
702 3323 748 3394 qui
764 3323 906 3379 dileximus

103 3426 154 3466 nos
167 3412 195 3465 in
210 3413 273 3476 viti,
292 3415 317 3466 in
334 3422 418 3467 morte
432 3428 483 3465 riou
498 3427 664 3481 separemur.

267 3483 353 3539 2⁶29
377 3483 542 3539 ut‘tstota
569 3481 743 3538 CCXXXIV.

176 3570 211 3609 no
230 3571 400 3610 nunnnnruu
424 3569 552 3609 tuunruu
577 3568 673 3609 sarton
691 3566 833 3608 sreenttrn

414 3640 602 3680 perronensis.

106 3699 273 3754 Trnrerarire
292 3696 456 3767 scriptionis
488 3696 727 3767 carpentorum
753 3694 903 3751 eortdouurr

463 3771 552 3837 repat.

999 2053 1021 2105 si
1026 2052 1186 2108 leonianum
1199 2053 1377 2111 Eborecensis
1392 2057 1521 2112 Ecclesirc
1536 2058 1694 2114 irrorreoreru
1709 2061 1761 2114 im-

918 2143 921 2148 ·
998 2124 1104 2195 plorat.

999 2222 1024 2274 t.
1045 2218 1160 2290 Oportet
1182 2235 1231 2276 vos
1246 2223 1394 2277 secundum
1408 2223 1550 2294 iustitiam,
1571 2240 1632 2298 quae
1646 2243 1679 2283 ex
1698 2227 1760 2302 lege

960 2314 1012 2376 est,
1037 2309 1165 2364 suscitare
1188 2325 1279 2364 semen
1305 2310 1394 2365 fratris
1422 2312 1501 2369 vestri
1526 2312 1654 2370 defuncti.
1681 2314 1759 2384 Quod

959 2395 1041 2466 digne
1058 2397 1221 2467 implebitur,
1239 2398 1261 2451 si
1285 2415 1362 2469 papae
1378 2400 1541 2468 Innocentio,
1558 2403 1599 2458 cui
1622 2403 1650 2456 in
1669 2404 1759 2462 haerc-

958 2485 1040 2540 ditate
1055 2485 1162 2541 Domini
1175 2485 1351 2550 successistis,
1367 2495 1394 2542 et
1409 2488 1552 2544 defenditis
1575 2492 1641 2546 bene
1672 2499 1757 2564 gesta,

959 2579 985 2628 et
1008 2573 1096 2628 minus
1115 2574 1256 2644 adimpleta
1275 2575 1414 2644 perticitis.
1442 2577 1500 2631 Prae
1523 2578 1647 2634 manibus
1671 2588 1713 2635 est
1729 2580 1756 2636 in

958 2678 1013 2735 qno
1028 2664 1054 2717 id
1069 2663 1148 2720 liceat
1166 2664 1292 2734 experiri.
1309 2665 1422 2720 Causam
1439 2665 1616 2724 Eborecensis
1631 2669 1758 2727 Ecclesiae

961 2769 1008 2822 per
1021 2768 1081 2807 eum
1096 2752 1179 2808 luisse
1195 2753 1313 2809 decisam
1327 2753 1388 2825 quis
1402 2755 1507 2811 neseiat
1521 2756 1598 2828 (622)
1609 2756 1625 2811 ‘l
1636 2757 1672 2813 ht
1685 2775 1758 2831 qno·

961 2845 1043 2900 modo
1057 2844 1220 2901 exsecutioni
1237 2843 1394 2900 mandatum
1418 2844 1453 2900 sit
1468 2846 1542 2918 quod
1564 2862 1703 2918 egressum
1719 2860 1759 2906 est

962 2933 995 2988 de
1010 2932 1086 2988 labiis
1101 2931 1167 2988 tanti
1182 2932 1240 2998 viri,
1257 2932 1361 2987 utinum
1386 2933 1546 2989 nesciretur.
1573 2933 1640 3002 Quis
1662 2935 1706 2990 det
1728 2945 1758 2992 ut

961 3041 1014 3081 nou
1030 3023 1202 3079 annuntietur
1218 3023 1339 3089 inGeth,
1362 3039 1449 3095 neque
1473 3023 1500 3077 iu
1524 3023 1648 3095 compitis
1673 3029 1757 3081 lisca-

961 3114 1055 3170 lonis‘?
1074 3115 1113 3183 (li
1131 3116 1193 3185 hep.
1211 3129 1229 3179 1,
1248 3114 1304 3182 20.)
1322 3112 1386 3178 Sed,
1400 3119 1429 3167 ut
1445 3113 1554 3167 verbum
1572 3113 1757 3169 abbreviatum

960 3202 1059 3258 taciam
1088 3202 1199 3256 auribus
1224 3202 1369 3271 occupatis,
1399 3200 1487 3256 audiat
1515 3200 1605 3272 paucis
1634 3202 1758 3260 domiuus

960 3309 1036 3348 mens
1051 3291 1115 3364 quid
1130 3292 1232 3346 dictum
1248 3291 1336 3359 luerit,
1352 3298 1380 3345 et
1403 3290 1468 3363 qnid
1489 3289 1586 3346 lactum
1609 3300 1755 3349 teneamus.

960 3383 1028 3438 Cum
1055 3381 1082 3436 in
1112 3381 1202 3436 multis
1234 3389 1405 3436 accusaretur
1430 3381 1453 3435 is
1476 3380 1522 3453 qni
1545 3379 1596 3436 sibi
1621 3381 1757 3439 vindicare

960 3472 1121 3529 electionem
1152 3470 1180 3524 in
1208 3469 1319 3542 praelata
1357 3467 1477 3526 Ecclesia
1505 3469 1587 3540 impie
1621 3471 1756 3542 cupiebat,

960 3561 1066 3616 tandem
1096 3560 1185 3614 omnis
1212 3557 1396 3615 controversia
1425 3558 1459 3612 ad
1488 3557 1669 3614 testimonium
1705 3559 1756 3617 viri

901 3695 906 3706 .
960 3649 1071 3704 illustris
1085 3648 1217 3704 willelmi
1232 3648 1314 3718 (623),
1329 3647 1415 3718 ipsius
1430 3648 1556 3703 Ecclesiae
1573 3657 1635 3704 tnnc
1649 3647 1754 3714 decani,

959 3736 1148 3806 conquiescere
1170 3737 1246 3806 jussa
1270 3743 1308 3790 est
1333 3754 1339 3791 :
1365 3745 1393 3790 ut
1417 3735 1469 3790 nisi
1493 3737 1643 3808 capitulum
1667 3736 1755 3792 intru-

142 3838 170 3893 Si
186 3837 266 3893 irater
288 3837 403 3892 lonnnes
427 3837 493 3892 dixit
516 3839 543 3891 in
565 3852 616 3892 nos
639 3837 681 3893 vel
705 3833 812 3906 scripsit
833 3833 905 3904 qnod
959 3823 1052 3892 ⁵101¹ist
1077 3825 1149 3894 qUOd
1172 3824 1236 3878 ¹¹⁰1ss
1259 3823 1329 3878 illes
1351 3832 1449 3880 caelffl
1477 3822 1687 3898 ifllhisseebalflh
1711 3825 1756 3882 1¹1⁰

136 3957 199 4021 toto
222 3955 339 4008 ioannes
361 3953 411 4009 isto
431 3951 576 4008 eanonicus
594 3959 652 4006 erat
666 3950 797 4022 regularis
817 3949 844 4004 in
858 3966 905 4005 ec·

100 4027 184 4082 etesia
220 4026 457 4096 Sancti-Stephani
489 4023 654 4082 Divionensi.
682 4023 728 4078 ubi
759 4021 906 4077 herbertus

99 4099 192 4164 ubine,
214 4098 247 4153 de
263 4114 315 4169 qno
331 4098 357 4152 iu
373 4097 487 4168 epistola
501 4099 545 4150 59.
563 4095 633 4164 Quid
650 4094 684 4148 sit
703 4094 769 4148 illud
784 4093 817 4147 dc
833 4092 906 4163 quod

962 3939 1056 4008 oravit,
1079 3939 1125 3995 sed
1148 3945 1281 4009 petentem
1308 3939 1393 3994 Roma
1421 3935 1531 4004 pallium
1557 3940 1630 4011 Papa
1656 3941 1755 4010 rejicit.

963 4010 1021 4078 Qua
1035 4011 1144 4082 repulsa
1158 4027 1204 4065 rex
1219 4008 1349 4078 otirnsns,
1364 4008 1506 4063 Henrieum
1519 4024 1535 4063 a
1549 4011 1676 4066 Pontifice
1691 4029 1756 4068 con·
1815 4040 1824 4059 .

962 4084 1109 4154 irroratum,
1125 4089 1152 4137 et
1171 4079 1252 4152 pallio
1274 4080 1404 4136 donatum
1426 4079 1547 4150 recipere
1571 4083 1667 4136 renuit.
1684 4084 1756 4152 Quin

99 4171 238 4239 scripserit
265 4177 357 4225 eontra
392 4169 571 4229 bernardum,
598 4182 652 4220 non
678 4166 772 4237 liquet.
810 4164 907 4236 Neque
962 4155 1037 4225 regis
1052 4156 1085 4210 ad
1104 4154 1256 4223 exemplum
1280 4150 1423 4222 ⁶0ffll10⁵lli
1437 4150 1509 4207 cives
1528 4159 1554 4208 ⁰¹
1576 4151 1687 4219 SUbdill·
1703 4171 1755 4224 hd·

100 4242 172 4295 onhn
199 4249 323 4312 putamus
355 4257 417 4298 eum
442 4256 502 4295 esse
524 4242 656 4294 ioannem
681 4235 905 4300 Cornnbiensem,

102 4314 239 4368 hluelarrti
255 4313 427 4382 discipulum,
455 4313 488 4367 de
507 4311 580 4383 qnod
600 4310 730 4365 Chesnius
746 4309 772 4362 in
787 4307 857 4364 uotis
874 4307 907 4363 ad

101 4386 273 4448 ethelardum,
288 4402 351 4459 pag.
380 4387 457 4441 tuse.
481 4383 523 4438 Αιι
540 4383 582 4438 hic
593 4382 627 4436 de
640 4380 823 4454 Conceptione
839 4379 907 4436 scti-

119 4459 180 4512 site

101 4475 116 4528 p
139 4530 214 4597 (bell
234 4526 338 4598 Scripta
354 4542 425 4582 anno
439 4525 538 4581 Christi
554 4526 633 4581 ttts.

138 4604 215 4670 riuti]
241 4600 329 4653 Status
354 4616 441 4655 cause
461 4607 613 4653 narratura
635 4595 764 4652 Willemo
786 4593 907 4651 Neubri-

103 4672 189 4739 getrsi,
216 4672 255 4725 De
279 4674 360 4725 rebus
383 4672 462 4742 hugl.
480 4671 577 4737 libror,
594 4685 652 4737 cap.
671 4671 720 4735 tr,
734 4685 749 4722 a
764 4668 907 4723 Francisco

104 4745 254 4807 tiorlurino,
273 4744 340 4798 libro
357 4743 393 4795 lle
409 4743 544 4813 episcopis
555 4741 669 4811 Angliae,
684 4756 731 4794 sou
749 4740 817 4794 inter
841 4740 908 4794 Ebo-

106 4831 209 4872 racens.
226 4832 255 4869 ιι.
273 4821 321 4885 29;
339 4831 353 4867 n
368 4815 438 4887 hog.
456 4813 560 4869 ltoved.
575 4811 718 4884 posteriori
732 4818 809 4882 parte
820 4812 908 4863 huna-

102 4887 178 4943 lium.
203 4890 266 4942 ilem
292 4887 386 4959 paneis
400 4886 501 4956 accipe.
525 4886 602 4939 hune
616 4885 683 4937 itte
701 4882 767 4936 obiit
782 4881 906 4936 Thursti-

101 4976 152 5014 nus
178 4960 233 5019 (alii
246 4960 425 5013 Thnrstanum
443 4966 555 5023 vocant;
572 4955 724 5009 Willelmus
738 4952 905 5023 Neubrigen·

100 5032 147 5091 sis,
173 5031 327 5083 Trnstinnm
354 5049 360 5087 :
387 5030 448 5084 vide
477 5029 585 5083 lvonern
614 5027 816 5089 carnotensem,
846 5024 906 5093 epi-

99 5102 169 5156 stola
194 5102 258 5164 ert,
279 5111 305 5154 et
329 5100 429 5154 ibidem
452 5099 539 5154 hereti
566 5096 662 5167 notas),
687 5095 906 5166 arcltiepiscopus

97 5177 285 5230 Elmrreensrs.
311 5170 414 5226 Electio
447 5169 610 5225 successoris
638 5167 809 5222 discordibus
837 5165 906 5221 votis

99 5250 199 5316 agitata
221 5253 272 5307 est,
299 5243 357 5297 aliis
386 5243 544 5297 Willelmuu
568 5240 697 5311 Stephani
720 5237 792 5310 regis
815 5253 905 5309 nepo-

103 5327 167 5384 tem,
186 5314 359 5372 Eborncensis
382 5313 508 5368 Ecclesiae
528 5311 733 5377 thesaurarium
749 5308 810 5364 aliis
832 5309 903 5363 ileu·

105 5392 190 5445 vicunt
215 5389 352 5455 ἶιΙιιιιιιιιιΙι1
379 5386 502 5440 abhatetn
527 5383 734 5447 Fontauenscnt,
746 5381 776 5437 B.
787 5379 902 5437 Bernadi

99 5465 234 5530 qnondam
264 5462 290 5515 in
327 5457 495 5514 illata-Vallo
523 5453 694 5526 discipulum,
725 5451 901 5526 eligentibus,

101 5534 270 5590 willelmum
286 5531 416 5589 henricus
430 5526 630 5584 Wiutoniensis
646 5526 791 5599 episcopus
802 5538 900 5584 eonse-

924 4215 946 4292 [l
962 4235 1063 4281 storem
1083 4241 1136 4280 nou
1153 4224 1329 4279 admiserunt.
1349 4225 1469 4279 Tandem
1483 4222 1589 4294 placato
1603 4241 1667 4298 rege
1681 4227 1755 4282 Hen-

962 4298 1033 4354 ricns
1049 4313 1064 4351 a
1078 4299 1133 4354 suis
1160 4305 1303 4365 susceptus
1328 4295 1433 4364 pretuit
1457 4298 1551 4351 decem
1571 4296 1658 4365 annis,
1682 4314 1756 4356 rnor-

963 4378 1027 4425 tnus
1041 4384 1112 4424 anno
1128 4371 1195 4423 rtet
1212 4366 1378 4422 Sherboniae.
1395 4369 1499 4422 interea
1514 4366 1667 4425 Willelmus
1681 4370 1754 4439 apud

960 4442 1107 4498 henricum
1122 4440 1339 4496 wintoniensem
1363 4439 1486 4514 degebat.
1502 4437 1556 4494 Sed
1571 4441 1680 4518 cognita
1694 4442 1753 4497 En·

962 4513 1034 4587 genii
1050 4511 1186 4583 pontilicis
1202 4520 1228 4566 et
1251 4511 1389 4576 Bernardi,
1408 4525 1510 4567 necnon
1534 4510 1641 4567 Heunci
1664 4513 1753 4568 archi·

961 4583 1081 4655 episcopi
1095 4593 1191 4651 inerte,
1211 4583 1322 4638 hornam
1339 4598 1402 4641 mox
1424 4583 1570 4646 contendit,
1585 4589 1611 4637 et
1625 4584 1659 4639 ab
1678 4586 1753 4638 Ana-

962 4656 1043 4712 stasio
1064 4655 1177 4727 Eugeuii
1201 4670 1363 4719 successore,
1377 4671 1429 4726 ope
1453 4653 1578 4726 Gregorii
1600 4653 1752 4723 cardinalis,

961 4728 1015 4784 voti
1032 4736 1086 4782 tnm
1100 4733 1209 4782 demum
1228 4726 1304 4782 tacite
1328 4726 1415 4781 lactus
1429 4741 1550 4794 compos,
1566 4723 1752 4782 confirmatio-

962 4816 1022 4854 nem
1038 4807 1064 4854 et
1079 4800 1189 4870 pallium
1204 4797 1330 4854 obtinuit.
1348 4798 1401 4853 Sed
1420 4811 1504 4868 pauco
1520 4805 1640 4867 tempore
1655 4813 1752 4880 super·

962 4880 1025 4939 stes,
1042 4886 1112 4926 anno
1128 4873 1198 4924 ltus
1213 4870 1356 4924 defunctus
1380 4875 1431 4935 est,
1449 4883 1504 4923 non
1519 4870 1578 4923 sine
1600 4868 1753 4939 suspicione

959 4942 1054 5000 veneni
1070 4942 1211 5012 propinati.
1227 4942 1301 4996 Hunc
1315 4941 1341 4996 in
1366 4946 1518 4996 sanctorum
1541 4954 1683 4995 nnmerum
1706 4957 1752 4997 re·

960 5015 1042 5070 latum
1074 5015 1193 5068 meruinit
1216 5012 1384 5076 Godnvinus,
1405 5021 1430 5066 et
1458 5013 1491 5064 ad
1515 5011 1669 5080 sepulcrum
1691 5013 1751 5081 eius

960 5089 1052 5142 crebra
1071 5092 1174 5155 patrata
1195 5083 1332 5139 miracula.
1359 5083 1413 5136 Sed
1441 5081 1516 5135 addit
1538 5081 1617 5149 idem,
1640 5104 1651 5134 r
1677 5084 1752 5155 quod

960 5159 1069 5212 credere
1084 5157 1127 5211 cui
1142 5155 1216 5211 cordi
1231 5161 1280 5222 est,
1305 5152 1461 5208 meminerit
1483 5154 1554 5209 hunc
1579 5153 1751 5235 qualemcun-

960 5245 1013 5300 que
1028 5230 1127 5293 divum,
1143 5226 1232 5282 adiro
1247 5235 1318 5281 certe
1341 5224 1486 5293 bernardo,
1510 5231 1556 5279 aut
1573 5241 1633 5297 equs
1656 5227 1750 5282 saltem

959 5314 1040 5371 opera
1062 5305 1272 5362 exarrctoratum,
1288 5304 1315 5351 et
1336 5295 1483 5367 praesulatu
1504 5296 1654 5366 expulsum.
1677 5316 1689 5347 ι
1711 5299 1751 5354 De

958 5371 1074 5444 negotiis
1088 5370 1216 5426 Ecclesiae
1234 5368 1411 5425 Eborecensis
1425 5366 1516 5427 canter
1535 5368 1664 5440 epistolas
1687 5373 1749 5438 238,

955 5446 1018 5509 240,
1035 5445 1086 5498 252
1114 5443 1164 5497 ate
1180 5457 1209 5497 se
1232 5481 1239 5497 .

992 5516 1072 5590 tria)
1089 5458 1242 5573 hornud
1263 5511 1487 5572 ownermusa
1509 5511 1748 5583 sanes-enum,
