3728 5940
53 219 107 289 nr
393 287 401 294 ,
514 213 974 304 nummamrasaaaru.
995 215 1239 316 -tuuonmo
1645 208 1701 278 ers

56 341 130 414 quod
143 338 281 406 tenebant,
297 344 325 393 et
348 345 449 396 umere
467 351 699 416 praesumpserunt
709 343 782 417 quod
797 358 851 400 non
868 365 891 444 g
905 343 1066 415 incipiamus
1081 345 1126 398 ubi
1139 358 1193 400 non
1216 357 1422 416 perseveremus
1436 359 1445 410 ς
1473 349 1501 400 et
1521 343 1574 400 hec
1597 344 1699 416 pariter

57 431 201 498 relabente
220 426 306 499 digno
320 424 392 483 Deus
406 427 479 485 exitu
492 445 586 488 eornm
602 431 709 488 undem
724 431 851 504 patefecit
903 449 1000 495 omnes
1014 433 1242 502 studeamusque
1254 430 1406 488 secundnm
1416 430 1537 501 Apostoli
1550 431 1696 490 consilium

56 518 193 593 ignamm
212 535 219 575 :
239 516 304 587 quia
329 523 356 572 et
381 516 551 588 impudenter
576 519 755 579 deseruerunt
777 525 849 594 qued
902 518 1425 591 omnianentrainelmritotefiunt(l
1442 519 1699 591 Cor.xv1,li)liaec

57 607 244 680 imprudenter
257 605 432 674 arripuerant,
447 614 475 663 et
489 608 602 680 turpiter
619 609 757 666 redierunt
770 611 804 665 ad
823 610 848 665 id
904 620 944 670 est
958 612 992 668 de
1006 617 1099 666 nostra
1113 616 1217 674 nostro,
1232 618 1259 664 et
1280 607 1315 665 de
1333 615 1422 665 uestro
1436 605 1538 664 Ordine
1551 609 1698 676 sementim

56 697 129 767 quod
144 694 237 750 leviter
255 693 438 751 deseruerant.
453 695 520 752 Cum
535 696 607 754 enim
621 697 739 755 clauum
758 705 851 755 nostra
902 701 961 757 haec
975 697 1075 755 nocuis
1090 704 1118 754 et
1130 696 1242 765 restris,
1256 697 1315 753 haec
1335 710 1391 751 non
1413 697 1447 751 de
1469 694 1556 758 vobis,
1576 695 1625 751 sed
1649 710 1699 751 ro-

57 784 113 840 suis
128 782 218 854 potius
230 781 340 841 Ordinis
355 782 530 854 impatientia,
546 801 629 858 quam
643 786 781 843 desiderio
796 802 848 842 no·
903 788 946 844 his
978 803 1021 843 mc
1047 786 1135 842 solere
1161 785 1262 852 dicere,
1288 785 1377 841 nullus
1404 783 1502 839 melius
1527 782 1594 837 milii
1623 782 1699 838 testis

58 872 108 928 stri
120 871 296 943 expetierint3
307 871 450 929 ostendunt
461 873 615 943 quodsunt,
626 876 689 930 dum
700 891 716 930 a
728 875 850 934 robisad
902 876 952 933 erit
971 891 1052 946 quem
1071 888 1130 938 ros,
1145 881 1171 928 et
1186 874 1208 928 si
1226 875 1286 945 quis
1302 889 1344 928 me
1362 872 1437 930 norit
1456 871 1527 926 sicut
1551 886 1607 927 ros.
1631 868 1698 938 Quae

57 975 117 1029 nos,
133 977 149 1016 a
163 961 243 1017 nobis
256 960 288 1014 ad
303 974 353 1015 ros
367 960 485 1017 instabili
503 961 610 1020 levitate
625 963 806 1035 pervolantes,
823 970 850 1019 et
903 965 932 1021 in
946 962 1042 1020 vestris
1056 961 1199 1017 laudabilia
1208 969 1280 1025 sunt,
1300 961 1380 1016 lando
1396 971 1424 1015 et
1437 959 1555 1034 predico
1576 958 1624 1016 nsi
1636 974 1698 1029 qua

55 1033 144 1116 nobis,
166 1056 192 1104 et
206 1048 294 1113 robis,
319 1060 346 1104 et
365 1048 491 1106 omnibus
516 1051 596 1107 bonis
621 1050 779 1109 scandalum
806 1052 849 1108 ia·
903 1050 1126 1125 reprehendenda
1148 1056 1222 1116 sunt,
1243 1055 1272 1103 ut
1295 1050 1481 1112 emendentur,
1496 1047 1574 1106 robis
1596 1052 1624 1102 et
1638 1045 1699 1102 aliis

55 1138 138 1195 cium.
158 1138 317 1210 Quanquam
331 1153 397 1212 ergo
417 1140 563 1197 nonnullos
576 1155 669 1198 eorum
684 1140 849 1208 noverimus,
903 1141 996 1198 amicis
1008 1138 1077 1195 meis
1092 1137 1205 1194 suadere
1215 1138 1301 1194 soleo.
1313 1138 1432 1193 Hoenon
1446 1145 1488 1191 est
1501 1134 1639 1200 detractio,
1652 1133 1699 1189 sed

55 1225 102 1298 qui
120 1235 148 1281 et
163 1225 270 1282 fortiter
282 1227 339 1284 Deo
362 1234 475 1285 anctore
488 1237 642 1301 eruperunt,
664 1237 692 1286 et
714 1230 774 1301 ipso
788 1244 849 1301 pro
902 1227 1035 1284 attractio.
1051 1226 1131 1297 Quod
1145 1233 1176 1282 ut
1190 1226 1268 1282 nobis
1281 1242 1296 1281 a
1311 1226 1389 1282 robis
1401 1223 1571 1296 semperfiat,
1587 1221 1698 1280 omnino

59 1322 161 1372 tectore
174 1314 269 1371 toruus
283 1325 476 1387 perseuerant3
497 1317 620 1375 sccumm
637 1326 679 1375 est
712 1325 802 1374 tamen
821 1324 851 1372 ut
906 1331 1001 1389 precor
1017 1315 1190 1387 etsnpplice.
1206 1314 1313 1371 valete.

56 1418 264 1476 perseveremus
280 1403 309 1460 in
323 1405 399 1464 beno
412 1407 484 1479 quod
498 1406 641 1477 ecepimus,
669 1423 750 1479 qnam
777 1406 851 1479 quod

56 1576 1699 1612 ω

428 1814 509 1876 ³⁴¹
544 1830 824 1911 nnuonluto
851 1827 901 1967 11}
926 1827 1229 1910 OPUSGULUM
1250 1830 1312 1906 vl.

92 2214 116 2265 l.
133 2209 212 2265 Liber
239 2208 377 2280 subjectus
400 2209 427 2264 in
449 2208 591 2265 codicibm
603 2209 721 2282 antiquie
736 2211 808 2266 hunc
822 2207 930 2280 prefert
944 2210 1062 2279 titulum,
1080 2231 1091 2261 ι
1108 2210 1206 2282 incipit
1220 2214 1346 2286 prologus
1361 2212 1446 2268 sancti
1461 2212 1591 2271 Bernardi
1617 2213 1701 2269 abba·

36 2349 38 2352 ,
56 2300 90 2356 tis
108 2298 136 2354 in
150 2297 240 2354 libello
254 2297 288 2352 ad
303 2296 399 2352 Milites
412 2297 534 2368 Templi:
549 2318 562 2350 a
586 2305 612 2353 et
640 2307 701 2368 post
720 2298 874 2372 prologum,
894 2319 906 2349 ι
931 2297 1065 2368 incipiunt
1078 2299 1193 2371 capitula
1210 2301 1245 2355 de
1268 2301 1350 2356 laude
1373 2317 1450 2358 novae
1475 2300 1592 2357 liilitie:
1611 2319 1623 2355 r
1640 2317 1701 2372 quae

55 2386 167 2443 omnino
185 2394 247 2442 sunt
262 2386 399 2451 tredecim,
414 2392 443 2442 ut
456 2386 483 2440 in
497 2386 575 2442 editis
588 2386 699 2453 nostris,
714 2387 762 2444 ubi
780 2386 873 2442 titulos
890 2400 923 2442 ex
942 2395 1034 2443 mente
1048 2388 1165 2443 auctoris
1184 2388 1354 2445 retinuimus.
1370 2387 1449 2444 iiber
1464 2389 1545 2443 istoc
1570 2388 1701 2445 (lanfrido

30 2543 33 2548 ¹
56 2475 84 2531 in
99 2475 166 2530 libro
186 2475 265 2530 tertio
279 2474 314 2529 de
328 2474 388 2530 Vita
401 2475 538 2541 Bernardi,
554 2477 641 2547 capite
656 2485 763 2543 octavo,
783 2498 794 2526 a
813 2474 1018 2531 Exhortetorius
1032 2491 1120 2532 sermo
1133 2476 1168 2529 ad
1187 2475 1285 2530 liilites
1299 2475 1404 2545 Templi
1419 2495 1430 2529 a
1446 2483 1568 2533 vocatur.
1585 2498 1598 2526 ι
1615 2476 1700 2547 Quam

55 2578 120 2621 raro
142 2561 239 2630 fidelis,
263 2583 274 2611 r
291 2565 387 2635 inquit,
407 2562 580 2633 «cuiuslibet
603 2563 653 2633 pire
667 2562 882 2619 conuersationis
895 2562 1097 2619 commendator
1112 2562 1244 2620 exstiterit
1258 2573 1286 2619 et
1308 2565 1426 2634 adjutor,
1455 2564 1653 2622 exhortatorius
1668 2567 1701 2621 ed

55 2652 153 2709 liilitee
166 2650 268 2721 Templi
283 2651 378 2706 Sermo
391 2652 519 2707 declarat.
535 2671 546 2701 ι
562 2651 600 2706 lta
613 2665 681 2722 ergo
695 2650 809 2721 hujusce
828 2650 890 2705 libri
904 2649 997 2708 titulus
1016 2650 1119 2707 institui
1145 2659 1232 2722 potest
1248 2670 1254 2707 :
1274 2673 1286 2703 ι
1303 2652 1383 2708 Liber
1403 2653 1438 2709 ad
1462 2652 1561 2709 Milites
1582 2653 1700 2724 Templi,

56 2741 92 2797 de
105 2739 185 2796 lande
199 2754 277 2794 nouae
290 2738 402 2795 Militiae.
424 2758 437 2790 a

92 2831 118 2883 i.
136 2847 150 2879 c
165 2827 301 2898 lingonio
322 2835 409 2883 umen
425 2849 438 2878 e
453 2825 531 2882 militi
546 2826 644 2883 Cnnsti
657 2833 684 2883 et
697 2827 825 2898 magistro
836 2825 934 2882 llilitiae
948 2827 1073 2883 Christis
1090 2826 1236 2899 inscriptus
1249 2836 1290 2885 est
1304 2829 1434 2901 prologus
1450 2848 1457 2886 ι
1474 2829 1522 2886 sed
1534 2828 1644 2900 perinde
1659 2838 1701 2886 est

57 2916 185 2990 Magistro
198 2914 310 2980 Militiae,
327 2923 410 2986 atque
425 2916 551 2970 omnibus
566 2915 696 2970 iiilitibus
711 2915 808 2970 librum
823 2929 1004 2985 nuncupasse.
1020 2915 1090 2973 Oicti
1106 2927 1169 2972 sunt
1187 2917 1295 2972 Fratres
1308 2917 1414 2988 Templi
1430 2934 1462 2973 en
1485 2932 1527 2983 ee,
1544 2918 1618 2989 quod
1633 2933 1699 2974 con-

39 3021 134 3075 cessu
149 3003 271 3060 llalduini
293 3003 364 3071 regis
385 3005 464 3073 juxta
487 3003 628 3074 Templum
651 3001 759 3058 Domini
773 3002 861 3074 primo
874 3003 1055 3069 consederint,
1071 3010 1141 3060 teste
1156 3005 1301 3061 Guillelmo
1328 3005 1531 3077 archiepiscopo
1546 3005 1658 3076 Tyrensi
1671 3005 1698 3059 in

56 3095 125 3148 libro
140 3090 313 3158 duodecimo,
328 3091 417 3162 capite
443 3091 569 3161 septimo,
586 3090 632 3147 ubi
646 3106 742 3147 eorum
756 3090 888 3164 originem
907 3090 1034 3149 describit
1047 3092 1080 3147 ad
1104 3108 1203 3147 annum
1219 3097 1297 3149 ille.
1317 3113 1328 3143 ι
1350 3093 1452 3149 Eodem
1467 3108 1548 3159 anno,
1566 3111 1577 3145 a
1602 3091 1697 3162 inquit,

59 3181 197 3253 «qnidam
212 3181 316 3236 nobiles
340 3180 391 3235 riri
416 3180 450 3235 de
472 3180 592 3251 equestri
606 3179 710 3247 ordine,
725 3182 783 3237 Deo
807 3179 906 3246 devoti,
922 3179 1053 3254 religiosi,
1077 3189 1104 3235 et
1126 3180 1253 3237 timentes
1267 3181 1352 3236 Deum
1377 3180 1404 3235 in
1432 3197 1514 3236 manu
1529 3179 1632 3235 domini
1647 3195 1699 3250 pa-

29 3269 179 3327 .triarehae
201 3269 300 3325 Christi
328 3268 437 3325 servitio
465 3283 495 3324 se
516 3268 709 3339 mancipantes,
733 3283 811 3325 more
834 3268 1027 3325 canonicorum
1043 3267 1220 3342 regularium,
1242 3267 1269 3323 in
1285 3270 1415 3336 castitate,
1440 3275 1466 3324 et
1493 3267 1658 3332 obedientia,
1673 3275 1700 3322 et

56 3359 116 3415 sine
129 3357 239 3429 proprio
258 3358 335 3424 velle,
353 3365 485 3429 perpetuo
498 3357 593 3414 vivere
607 3356 723 3427 professi
738 3364 810 3413 sunt.
826 3357 899 3413 luter
916 3372 984 3429 quoe
999 3357 1079 3429 primi
1103 3364 1129 3411 et
1154 3356 1282 3427 praecipui
1306 3356 1416 3412 inerunt
1443 3354 1493 3411 riri
1519 3354 1699 3423 venerabiles,

57 3448 137 3518 lingo
164 3447 198 3501 de
212 3445 338 3516 Paganis,
354 3453 381 3500 et
394 3445 547 3502 (lanfredus
561 3445 596 3501 de
609 3444 708 3501 Sancto
732 3445 878 3502 dldemaro
893 3463 900 3499 :
925 3446 1023 3517 quibus
1032 3444 1162 3517 quoniam
1174 3456 1268 3517 neque
1279 3444 1393 3501 ecelesia
1408 3452 1476 3512 eret,
1492 3459 1583 3516 neque
1596 3451 1701 3501 certum

56 3535 195 3590 habebant
216 3532 391 3599 domicilium,
417 3534 470 3588 iles
494 3534 522 3588 in
547 3534 657 3603 palatio,
683 3536 754 3606 quod
779 3549 857 3590 secus
880 3533 1021 3603 Templum
1042 3533 1149 3588 Domini
1162 3533 1196 3588 ed
1225 3535 1370 3589 australem
1385 3534 1465 3589 habet
1479 3540 1591 3602 partem,
1609 3533 1648 3588 eis
1667 3533 1701 3586 ad

56 3632 166 3693 tempus
184 3619 316 3676 concessit
331 3619 525 3676 habitaculum.
540 3620 631 3674 Prima
642 3629 734 3675 autem
754 3636 847 3675 eorum
870 3620 1017 3691 professio,
1032 3621 1162 3693 qnodque
1175 3621 1216 3676 eis
1244 3636 1260 3674 a
1288 3621 1398 3675 domino
1420 3620 1574 3690 patriarcha
1592 3627 1618 3673 ct
1642 3620 1702 3674 aliis

57 3707 196 3782 episeopis
219 3706 246 3761 in
269 3707 454 3763 remissionem
474 3715 648 3779 peccatorum
665 3707 817 3777 injunctum
831 3715 881 3774 est,
898 3715 927 3761 ut
941 3708 1000 3762 rias
1014 3715 1041 3762 et
1056 3707 1159 3775 itinera,
1176 3707 1292 3762 maxime
1307 3708 1341 3762 ad
1356 3708 1472 3762 salntem
1497 3708 1703 3780 peregrinorum

56 3806 151 3854 contre
166 3796 299 3852 latronum
319 3802 346 3850 et
373 3794 572 3852 incursantium
595 3794 716 3862 insilias,
741 3810 792 3866 pro
817 3786 921 3850 viribus
944 3804 1146 3851 conservarent.
1163 3814 1177 3844 a
1193 3797 1257 3850 linc
1285 3795 1317 3850 de
1336 3795 1451 3850 liilitum
1465 3794 1571 3866 Templi
1586 3794 1700 3866 origine,

57 3886 158 3960 quibus
171 3883 274 3956 primus
296 3882 425 3958 liegister
439 3883 585 3954 praelectus
598 3890 640 3939 est
652 3881 800 3954 praedictus
812 3883 891 3955 llugo
910 3882 946 3938 de
959 3882 1083 3956 Pegasis,
1101 3899 1182 3954 quem
1207 3883 1278 3937 idem
1293 3882 1454 3938 Guillelmus
1467 3883 1596 3955 Tyrensis
1610 3883 1702 3956 magi·

58 3984 145 4031 strum
163 3971 264 4028 militie
275 3971 380 4043 Templi
395 3971 513 4044 primum
534 3979 614 4028 vocat
636 3971 664 4025 in
681 3970 741 4026 libri
755 3970 853 4027 decimi
867 3970 938 4027 tertii
961 3970 1049 4042 capite
1064 3971 1196 4042 vigesimo
1211 3977 1293 4026 sento.
1313 3989 1325 4023 e
1345 3970 1453 4042 liugoni
1476 3979 1576 4027 sanctae
1600 3971 1704 4026 militiae

59 4062 144 4119 Priori
158 4061 289 4132 inscripta
301 4068 341 4117 est
364 4060 498 4133 Guigonis
520 4059 669 4116 Carthasiae
693 4059 831 4131 prepositi
847 4057 962 4130 epistola
976 4060 1107 4116 secunda.
1119 4060 1171 4114 iste
1187 4066 1228 4114 est
1242 4060 1330 4131 lingo,
1351 4059 1394 4114 rui
1413 4059 1569 4114 Bernartius
1585 4075 1705 4131 sequen-

60 4161 116 4207 tem
130 4151 229 4207 lihrum
244 4149 420 4221 nuncupavit,
435 4146 642 4222 distinguendus
666 4146 758 4218 utique
774 4146 808 4201 ab
833 4148 919 4203 altero
943 4149 1067 4221 lingone,
1088 4147 1133 4217 qui
1152 4163 1184 4202 ex
1200 4147 1299 4204 comite
1313 4146 1470 4219 Campaniae
1494 4147 1571 4202 miles
1599 4147 1706 4218 Templi

61 4247 155 4312 pactus
168 4245 219 4305 est,
236 4245 350 4294 testante
364 4236 491 4293 Bernardi
506 4237 620 4308 epistola
633 4235 772 4307 trigesima
786 4234 874 4308 prima
889 4235 941 4307 ipsi
954 4235 1066 4292 directa.
1083 4237 1165 4291 Porro
1183 4237 1289 4309 liugoni
1304 4237 1338 4291 de
1361 4235 1478 4308 Pagania
1492 4235 1581 4308 primo
1604 4235 1707 4290 militiae

62 4327 189 4399 Magistro
218 4326 346 4382 successit
375 4345 386 4376 r
412 4325 490 4381 miles
516 4324 630 4381 eximius
653 4324 680 4379 in
708 4323 791 4379 armis
816 4331 951 4389 strenuus,
977 4323 1169 4379 nobiliscarne
1192 4332 1218 4381 et
1245 4325 1376 4394 mombus,
1406 4325 1532 4381 dominus
1559 4325 1705 4393 liebertus,

62 4413 224 4489 cognomine
246 4413 416 4484 Burgundio,
442 4413 553 4470 natione
576 4411 763 4485 Aquitanicus,
793 4433 803 4460 υ
830 4419 857 4467 et
885 4412 993 4484 quidem
1009 4412 1059 4467 sub
1082 4428 1183 4467 annum
1200 4418 1278 4481 ttae,
1296 4422 1323 4468 ut
1339 4412 1475 4486 colligitur
1499 4431 1530 4470 en
1560 4414 1707 4470 Guillelmo

61 4503 173 4576 Tyrensi
188 4503 215 4557 in
229 4500 289 4556 libri
315 4501 410 4556 decimi
427 4501 513 4574 quinti
527 4499 612 4574 capite
636 4509 723 4568 sento,
747 4501 793 4573 qui
811 4500 874 4556 item
897 4503 930 4556 de
949 4500 1045 4556 eodem
1065 4501 1121 4576 agit
1137 4501 1212 4557 initio
1236 4502 1296 4557 libri
1316 4502 1414 4559 decimi
1442 4503 1560 4574 septimi.
1589 4500 1708 4558 ilobcrto

64 4591 192 4648 aulieetus
207 4589 312 4647 videtur
329 4588 479 4660 librandus,
489 4590 532 4647 cui
542 4591 638 4645 Petrus
649 4588 819 4646 Venerabilis
834 4580 927 4645 scribit
951 4589 1103 4660 epistolam,
1127 4607 1185 4662 quar
1212 4597 1253 4645 est
1269 4590 1331 4646 libri
1347 4592 1416 4646 sexti
1439 4592 1554 4662 epistola
1579 4591 1710 4663 vigesima
1730 4656 1734 4661 ¹

64 4687 149 4736 sexta.

100 4764 183 4823 MD
199 4769 225 4822 3.
240 4765 300 4836 Quo
315 4781 386 4822 anno
401 4765 516 4838 scriptus
535 4765 570 4821 sit
584 4765 634 4821 iste
648 4765 726 4833 liber,
742 4780 798 4820 non
814 4762 894 4819 facile
918 4763 1041 4824 dixerim.
1057 4766 1087 4822 Id
1108 4766 1208 4823 indum
1232 4774 1338 4822 constat
1351 4766 1453 4823 Ordine
1474 4768 1533 4836 jem
1562 4766 1710 4838 plurimum

65 4861 156 4919 aucto,
177 4861 202 4909 et
214 4855 329 4911 militum
344 4871 458 4913 numero
483 4854 670 4926 multiplicato.
686 4851 818 4909 Bernardi
831 4852 916 4908 verba
931 4854 982 4910 hoc
995 4856 1113 4925 probant
1128 4871 1155 4909 n.
1173 4858 1226 4909 rc:
1251 4873 1262 4906 e
1279 4857 1340 4911 llaec
1358 4856 1538 4927 ierosolymis
1551 4855 1709 4924 actitantur,

65 4949 92 4998 ct
105 4940 179 4997 orbis
189 4943 328 4998 excitatur.
351 4943 472 4999 dudinnt
491 4943 598 5013 insulae,
613 4950 640 4999 et
656 4939 799 4996 attendunt
813 4941 906 5012 populi
921 4942 955 4997 de
969 4943 1060 5017 longe,
1080 4950 1106 4998 et
1133 4942 1264 4999 ebulliunt
1288 4945 1323 4999 ab
1352 4944 1461 5001 Oriente
1485 4953 1511 5001 et
1531 4944 1710 5002 Occidente...

65 5029 199 5101 Quodque
219 5030 337 5085 cernitur
350 5030 506 5100 jucundius,
522 5038 549 5087 et
575 5030 664 5104 agitur
676 5028 864 5097 commodius,
880 5046 983 5101 paucos
1007 5032 1153 5086 admodum
1169 5033 1194 5087 in
1211 5039 1284 5087 tanta
1307 5032 1477 5088 multitudine
1505 5033 1646 5088 hominum
1664 5034 1710 5090 illo

66 5118 202 5175 confluere
232 5116 335 5183 videns,
363 5117 414 5172 nisi
438 5118 530 5189 utique
557 5118 714 5186 sceleratos,
727 5139 739 5167 ι
754 5125 806 5174 etc.
818 5118 900 5190 Atqui
915 5128 977 5175 ante
992 5118 1134 5176 consilium
1150 5121 1293 5188 Treccnse,
1318 5121 1400 5176 idest
1423 5129 1485 5177 ante
1508 5139 1610 5178 annum
1632 5123 1711 5190 ilii,

68 5222 164 5262 novem
181 5212 286 5260 tantum
300 5212 376 5259 eraut
390 5205 452 5275 ejus
468 5205 584 5263 instituti
600 5205 706 5274 llilites,
723 5213 752 5262 ut
769 5223 801 5263 en
816 5206 963 5264 Guillelmo
974 5225 1035 5264 mor
1053 5208 1212 5266 ridebimus.
1229 5208 1278 5266 Vix
1293 5224 1360 5284 ergo
1384 5219 1446 5266 ante
1459 5226 1559 5265 annum
1575 5213 1655 5280 lisa,
1671 5211 1715 5267 hic

66 5294 135 5350 liber
149 5293 318 5365 compositus
334 5291 388 5349 dici
401 5301 501 5364 potest,
520 5293 567 5350 sed
583 5301 675 5351 umen
695 5303 757 5352 ante
772 5311 874 5352 annum
891 5300 970 5364 ileo,
988 5314 1042 5369 quo
1057 5296 1114 5353 iere
1128 5313 1200 5353 enno
1224 5298 1360 5354 liebertus
1385 5300 1515 5372 magister
1528 5300 1636 5374 liugoni
1650 5316 1716 5358 suc·

67 5383 158 5441 cessit.

107 5474 133 5531 l.
149 5471 366 5546 Templariorum
384 5471 516 5547 Regulam
539 5490 572 5531 ex
592 5473 683 5531 codiee
699 5474 818 5534 Victoric
832 5475 903 5550 typis
931 5476 1069 5534 mandarit
1096 5476 1215 5545 lliraeus,
1245 5492 1361 5550 eamque
1389 5477 1522 5536 Chronico
1550 5477 1734 5556 Cisterciensg·
