3728 5940
102 160 154 221 aia
575 173 603 238 s.
619 176 786 240 anaainni
804 177 941 241 tastris
958 179 1273 243 utinamutinam
1361 159 1366 165 ’
1693 181 1749 244 aso

140 294 166 347 3.
184 290 317 351 Libellum
333 312 412 368 quom
438 300 547 370 quaeris,
562 302 899 379 ipsequoqoeantequam
951 313 981 362 nt
999 306 1174 375 oblitassim,
1190 309 1231 364 rat
1257 309 1329 379 quod
1358 307 1516 379 jamdudum
1540 309 1701 379 conceperis
1719 308 1746 363 iu

105 389 169 436 tuiis
198 384 308 454 nuntius
334 387 368 441 ad
383 402 434 443 nos
448 390 561 460 reniret,
577 394 611 448 ab
624 409 658 450 eo
671 395 714 451 cui
727 394 902 452 commenda·
951 394 1057 463 affecto,
1075 397 1116 454 rel
1130 397 1195 469 quid
1210 396 1349 453 abaliectn
1365 396 1527 466 impedierit.

106 484 209 538 reram,
226 473 380 544 requisivi:
398 478 446 533 sed
464 481 580 537 necdum
594 483 696 554 recepi.
710 484 787 540 Dabo
809 490 901 540 autam
1140 503 1305 561 qusqogq
1342 504 1487 560 [χχχιχ
1511 503 1587 576 (aggi

108 572 218 629 operam
232 569 260 615 ot
287 563 329 641 iel
356 581 420 622 cuin
442 569 558 640 scocris,
573 569 598 626 si
617 579 706 629 umen
720 588 839 645 unquam
852 573 902 629 ali-

91 648 215 716 quam
243 651 360 720 veneri*
391 653 465 752 ilium
490 658 620 758 inveniai'
646 660 748 730 videa*
764 669 792 716 εἰ
812 662 899 733 ¹³⁸³⁵3
952 700 1295 774 Scriptiontsbreot'totem
1309 703 1580 773 mcusatproetentn
1592 703 1668 758 socri
1682 705 1751 758 ient·

108 749 162 832 ¹¹9⁰
174 747 276 834 ‚wem
304 745 476 842 ‘mnfcffbaffl
504 746 573 801 Nam
596 747 671 803 ¹¹¹¹¹¹¹¹
684 749 768 805 alium
783 765 862 821 ‘luem
877 761 903 805 ¹⁶
985 773 1074 844 poris,
1090 773 1136 828 cui
1146 773 1240 844 potius
1254 771 1401 828 silentium
1425 775 1567 854 competat
1577 790 1585 825 :
1597 772 1667 827 item
1681 788 1749 844 pro-

111 823 248 895 ⁸¹8¹¹¹fiffl⁸
266 837 478 901 llflfl⁵011t³⁸¹⁵⁸t¹i
490 850 541 906 080
564 838 673 907 quidem
687 838 833 911 legendum
855 839 902 895 tibi
985 846 1117 914 sessionis
1131 852 1157 900 ct
1168 844 1318 911 ruditatis,
1329 848 1362 899 ut
1377 843 1493 899 docendi
1507 858 1612 899 munus
1622 858 1750 916 marpu-

110 915 237 970 miseram
263 932 317 972 non
345 922 597 979 transcribendum:
619 927 717 984 rideris
731 935 771 995 tu,
786 943 839 999 qua
861 927 902 985 vel
988 929 1019 970 re
1032 932 1090 972 mm
1109 916 1222 972 audeat·

108 1017 223 1071 quorum
237 1005 349 1064 utilitate
364 1013 573 1082 transcripseris.
590 1014 668 1083 Quod
693 1026 780 1072 sutein
796 1027 822 1073 te
837 1017 902 1072 mit·
988 1024 1014 1074 ι.
1031 1020 1180 1094 Indignaris
1195 1019 1313 1085 forsitan,
1330 1019 1382 1086 rel,
1397 1027 1426 1075 ut
1446 1019 1637 1090 temperantius
1650 1019 1750 1086 dicam,

108 1099 180 1188 teate
195 1107 258 1147 euin
273 1111 345 1152 nunc
368 1098 448 1153 habit
474 1102 558 1157 abbas
577 1104 611 1159 de
623 1103 682 1161 95
696 1106 904 1161 Sancto-Theo·
953 1109 1068 1178 miraris,
1083 1110 1154 1181 quod
1169 1123 1218 1179 pro
1233 1107 1349 1180 longiori
1377 1107 1502 1180 epistola,
1522 1123 1601 1181 quant
1630 1125 1646 1164 a
1674 1109 1753 1165 nobis

111 1180 279 1278 ‘¹5³¹'10fb‘i30
300 1186 407 1255 quidem
431 1194 633 1260 ⁰01¹i⁰⁸⁸effl¹¹¹
652 1195 738 1265 (²⁶⁶),
753 1203 904 1251 nectamen
952 1215 1119 1271 speraveras,
1154 1207 1206 1254 tam
1234 1200 1344 1255 brevem
1364 1197 1515 1254 chartulam
1534 1198 1678 1267 receperis.
1698 1195 1752 1253 sai

113 1270 236 1337 displicet
251 1272 326 1328 milii.
343 1277 440 1348 thuid
454 1281 524 1335 enan
536 1282 728 1339 libellusmeus
742 1284 835 1341 oculus
845 1283 905 1352 ejiis
954 1295 1090 1345 memento
1100 1289 1175 1358 iuxta
1188 1288 1274 1344 airum
1295 1287 1463 1360 Sapientem,
1488 1286 1577 1341 omnia
1600 1285 1654 1343 snb
1682 1286 1753 1342 coelo

111 1355 277 1429 formidaret,
301 1366 344 1420 ciii
370 1367 558 1424 seridendum
587 1371 905 1444 animusquoquemeus
953 1385 1062 1447 tempus
1084 1377 1183 1432 habere
1209 1387 1264 1433 :ei
1286 1386 1392 1446 tempus
1420 1375 1530 1447 quidem
1557 1374 1696 1447 loquendi,
1725 1381 1753 1430 et

116 1455 210 1516 totum,
226 1450 248 1504 si
275 1463 379 1522 posset,
407 1461 571 1527 expanderet
583 1461 598 1515 ‘l
612 1460 664 1516 Sed
679 1461 749 1518 heul
766 1461 793 1516 in
807 1467 905 1531 quanta
953 1470 1061 1534 tempus
1075 1478 1137 1520 esse
1166 1463 1272 1520 tacendi
1299 1463 1401 1532 (lincis.
1417 1477 1458 1527 iti,
1474 1462 1552 1532 1,7).
1573 1461 1688 1532 Quando
1701 1478 1752 1517 ati-

113 1538 244 1593 sermonis
271 1543 553 1615 augustiamentioso
579 1549 692 1623 ingessit
713 1551 747 1606 de
776 1550 904 1618 taliano,
955 1561 1010 1608 tem
1038 1567 1117 1607 saum
1131 1560 1237 1623 tempus
1259 1550 1395 1606 silentium
1416 1549 1535 1615 habebit,
1567 1549 1589 1604 si
1608 1549 1753 1605 bosetiani

112 1639 147 1678 ne
163 1625 253 1724 liceat,
272 1640 301 1684 ιιι
319 1630 429 1705 dignuin
450 1647 515 1702 erat,
536 1637 564 1692 in
592 1647 645 1693 tani
660 1638 813 1696 dulcissona
827 1637 905 1695 nobis
917 1640 944 1728 Ι
954 1655 1045 1697 sacros
1058 1641 1119 1695 dies
1147 1638 1370 1712 Quadrsgesimoe
1384 1645 1476 1694 nostra
1489 1637 1542 1693 sibi
1557 1637 1674 1694 rindicat
1686 1654 1754 1696 con·

112 1729 243 1771 memoria
257 1719 412 1791 aliquandiu
432 1723 577 1796 immorari,
605 1729 712 1798 quando
738 1727 905 1799 jamjamque
955 1729 1122 1788 tabutattot
1152 1727 1242 1801 anue
1269 1727 1327 1796 ipsa
1355 1735 1427 1784 tanto
1454 1725 1618 1798 occupatior,
1651 1734 1755 1798 quanto

109 1800 244 1860 desiderat
261 1807 374 1877 epistola
389 1811 704 1872 finemlObaecrotene
717 1815 840 1888 graveris
853 1831 905 1886 op·
955 1818 1141 1884 laboriosiur;
1177 1817 1241 1872 duiri
1268 1832 1323 1872 non
1347 1815 1457 1887 quidern
1500 1822 1646 1886 praesentes
1673 1817 1754 1871 ulter-

112 1891 301 1960 portouitatem
324 1912 446 1967 quaerere
484 1904 621 1974 quomodo
647 1903 680 1958 ad
707 1919 768 1959 enin
795 1917 904 1976 pergas,
955 1915 1045 1964 utrum
1074 1907 1164 1962 dicere
1191 1904 1286 1961 leviter
1312 1905 1435 1961 valemus
1461 1919 1522 1976 quae
1548 1903 1683 1973 volomus,
1709 1903 1756 1958 sed

112 1978 324 2053 ptaediclttmque
338 1989 496 2058 opusculum
517 2007 570 2046 non
599 1992 673 2062 prius
687 1991 813 2063 cuiquam
836 1991 905 2047 sori·
955 1996 1111 2054 absentibus
1138 2008 1248 2052 necessu
1276 2004 1317 2049 est
1353 1991 1434 2049 nobis
1461 1991 1575 2048 invicem
1609 1991 1757 2064 diligenter

113 2067 231 2126 bendum
246 2073 288 2126 rel
306 2072 450 2144 legendum
465 2093 593 2148 exponas,
605 2094 684 2149 quam
700 2094 763 2135 cum
772 2094 805 2135 eo
820 2085 906 2134 totum
955 2085 1068 2152 dictare,
1092 2099 1151 2155 quta
1178 2083 1223 2139 ael
1253 2082 1370 2153 petimus
1396 2083 1429 2136 ab
1459 2081 1583 2145 invicem,
1614 2081 1656 2136 vel
1687 2082 1756 2152 peti·

113 2157 267 2227 Peslidfflsst
288 2163 442 2235 pariterque
460 2165 613 2237 confatalia,
635 2176 661 2223 et
683 2166 825 2241 cortigalis
846 2183 907 2237 quae
956 2190 1025 2229 mur.
1041 2175 1125 2228 Derim
1153 2188 1216 2228 tero
1244 2171 1343 2227 absens
1366 2169 1469 2243 cogito,
1496 2169 1599 2236 dictito,
1621 2169 1756 2242 scriptito,

113 2246 274 2322 corrigenda
302 2260 373 2319 sunt,
399 2261 427 2308 ut
454 2253 482 2308 in
509 2270 557 2310 ore
575 2256 691 2312 duorum
722 2258 829 2312 testium
853 2261 907 2311 stet
956 2260 1310 2333 mittoquequodpraesens
1326 2260 1419 2331 legas3
1449 2272 1516 2329 rogo
1532 2257 1580 2314 nbi
1600 2257 1695 2328 otium,
1711 2259 1757 2314 nbi

113 2352 193 2391 omne
206 2339 329 2398 verbum.
348 2342 383 2395 Et
398 2350 461 2396 tunc
484 2343 593 2399 demum
611 2360 645 2399 an
665 2345 763 2415 passim
783 2343 904 2412 cuilibet,
956 2351 1053 2407 silentii
1068 2351 1145 2422 quies
1167 2350 1265 2420 [alaim
1278 2349 1331 2405 Sed
1347 2349 1415 2418 haec,
1431 2346 1549 2420 inquies,
1565 2345 1656 2402 omnia
1668 2345 1758 2402 iacere

109 2441 142 2480 ³¹¹
165 2429 263 2498 1)1116Ι8
287 2437 400 2500 mnium,
417 2447 453 2486 ³¹¹
481 2432 521 2488 vel
535 2433 665 2506 cuquam,
680 2451 714 2489 ⁸¹¹
733 2435 802 2489 f0rl0
824 2433 903 2489 eliam
960 2440 1074 2513 potesin
1089 2440 1207 2496 silentio.
1222 2439 1321 2496 liirurn
1337 2438 1359 2493 si
1382 2453 1415 2493 eii
1431 2437 1565 2493 sententia
1578 2436 1631 2491 hoc
1647 2450 1759 2506 raspon-

106 2515 171 2570 nulli
186 2517 311 2587 expediat
324 2520 518 2576 demonstrari:
536 2521 599 2576 etsi
615 2522 660 2576 illa
684 2536 791 2595 quoque
806 2521 904 2592 praela·
958 2531 1032 2585 deas,
1048 2529 1168 2598 Quantus
1193 2528 1265 2584 enim
1294 2527 1429 2585 tumultus
1443 2534 1484 2582 est
1503 2526 1530 2580 in
1544 2533 1635 2581 mente
1650 2525 1755 2580 dictan-

107 2605 227 2661 tiuncula
241 2607 329 2678 (aot),
343 2624 423 2679 quain
443 2613 477 2665 de
500 2609 600 2666 nostris
621 2610 682 2666 aliis
708 2610 803 2666 litteris
817 2610 904 2665 eidem
957 2619 1034 2687 itum,
1050 2618 1095 2675 ubi
1113 2617 1256 2673 multitudo
1272 2616 1416 2689 perstrepit
1441 2615 1600 2680 dictionum,
1629 2613 1675 2668 ubi
1690 2628 1756 2669 orn.

106 2693 245 2762 0⁰³l³l⁸⁸¹ii
260 2705 323 2762 ⁸9²0
338 2696 443 2760 sedeat,
459 2713 493 2754 ³11
512 2715 576 2756 vero
594 2700 683 2770 aptior
697 2700 782 2770 uuaeri
798 2698 903 2762 debeat,
958 2705 1062 2762 tionum
1090 2706 1206 2762 rarietas
1234 2712 1261 2761 et
1283 2703 1428 2760 diversitas
1449 2718 1579 2759 sensuum
1604 2700 1757 2758 concurrit:

106 2789 196 2836 restro
211 2782 351 2855 utriusque
358 2784 462 2854 judicio
478 2786 645 2858 derelinquo.
957 2794 1003 2848 ubi
1032 2811 1104 2866 saepe
1129 2794 1264 2865 respuitur
1287 2793 1363 2865 quod
1399 2791 1526 2860 occurrit,
1557 2800 1582 2847 et
1611 2789 1759 2861 requiritur

144 2869 170 2923 i·
187 2868 241 2925 Sed
253 2873 308 2942 jani
325 2889 392 2944 pene
406 2873 471 2930 inihi
487 2874 622 2932 exciderat
631 2876 706 2948 quod
719 2875 747 2931 iii
771 2875 905 2948 principio
957 2884 1030 2955 quod
1057 2883 1176 2940 excidit:
1203 2880 1249 2936 ubi
1277 2880 1341 2953 quid
1361 2880 1499 2950 pulchrius
1520 2878 1668 2935 secundum
1688 2877 1758 2931 litte-

107 2956 298 3028 epistolatus
317 2970 484 3033 questnses,
501 2965 573 3036 quod
595 2972 620 3020 ie
638 2956 773 3036 arguerim
789 2965 904 3020 menda·
957 2988 1024 3040 rsn,
1049 2971 1113 3044 quio
1138 2971 1347 3042 consequentius
1386 2971 1461 3037 juxta
1492 2965 1664 3030 senientiam,
1689 2964 1757 3037 quia

108 3045 152 3101 cii·
168 3046 225 3105 ¹¹⁰⁰
247 3050 393 3122 aliquam
408 3068 450 3108 ¹¹¹0
466 3054 583 3109 ¹0⁰Ul⁰¹¹¹
599 3052 694 3120 fuisse,
710 3068 763 3110 1¹0n
779 3055 844 3109 ⁵³²ss
864 3069 905 3109 re·
959 3061 1064 3129 planius
1088 3066 1195 3129 propter
1223 3055 1438 3128 intelligentiam,
1454 3054 1518 3126 quid
1534 3054 1625 3109 utilius
1640 3053 1673 3108 ad
1688 3068 1758 3107 con-

109 3138 177 3194 colo.
192 3137 220 3192 Si
235 3139 301 3210 quid
317 3151 405 3197 tamen
428 3142 510 3198 luerit
536 3144 609 3214 (nain
626 3142 712 3214 magis
727 3159 768 3198 me
781 3143 906 3211 oblitum,
957 3149 1106 3214 seientiam,
1122 3146 1188 3216 quid
1202 3144 1330 3216 deniqne,
1345 3143 1399 3211 cui,
1415 3143 1458 3199 vel
1480 3151 1549 3213 post,
1573 3144 1614 3198 rel
1629 3153 1691 3198 ante
1707 3157 1758 3212 po·

108 3243 189 3297 quain
205 3229 418 3285 tuumnuntium
430 3232 569 3288 mentitum
586 3231 769 3304 crediderim),
787 3233 906 3302 jocando
958 3246 1045 3304 natur,
1062 3234 1239 3290 intentissime
1266 3231 1428 3297 attenditnr;
1457 3231 1594 3298 multaque
1617 3230 1669 3284 alia
1695 3245 1756 3301 quae

108 3318 293 3388 potiusquam
308 3321 378 3375 sario
393 3320 494 3376 dicturo
509 3320 595 3376 luisse
608 3337 663 3376 non
677 3321 796 3376 dubites.
813 3321 907 3390 Egone
957 3342 972 3380 a
987 3323 1073 3381 doctis
1083 3325 1110 3379 iii
1126 3320 1280 3392 hujusmodi
1297 3319 1441 3386 curiosius,
1458 3319 1636 3373 observantur
1650 3316 1665 3370 l
1680 3318 1714 3371 ut
1729 3329 1758 3374 tu

107 3405 521 3481 levitateteusumputarerim,
544 3411 594 3465 aot
615 3410 729 3482 apudte
747 3408 908 3464 essellstet
958 3412 1220 3470 inhpemihidines
1242 3425 1303 3466 esse
1330 3407 1476 3481 quietem?
1503 3414 1532 3461 tu
1562 3406 1622 3472 hoc,
1650 3405 1758 3460 etiamsi

107 3495 195 3551 ΝΟΜ
210 3496 287 3552 Abssil
297 3513 313 3552 ⁸
323 3512 366 3552 ¹¹¹0
380 3499 439 3554 ¹¹80
452 3497 570 3569 Ιῑῑῦθῑιιῑθ
580 3499 614 3554 (¹⁸
628 3506 662 3565 ¹02
677 3499 724 3568 qui
741 3499 808 3570 1⁰8⁰
833 3496 907 3552 2⁰¹1·
959 3505 1053 3575 lingua
1066 3500 1152 3565 sileat,
1168 3499 1305 3554 silentium
1320 3493 1494 3554 nominabis?

109 3584 170 3639 tatis
185 3585 279 3642 beatus
293 3587 366 3659 qood
394 3596 485 3658 portas
513 3591 547 3643 ab
576 3586 766 3650 adolescentia,
795 3584 908 3641 lascivos
995 3595 1021 3647 2,
1037 3589 1197 3662 Quanquam
1211 3603 1265 3646 nnn
1281 3587 1368 3644 solnm
1385 3583 1528 3657 temporis,
1545 3581 1592 3639 sed
1612 3598 1662 3638 nec
1690 3599 1756 3638 meae

110 3688 315 3731 unnosmorum
331 3691 442 3746 superas
465 3675 597 3748 gravitate
613 3678 619 3730 l
636 3676 691 3732 Nec
711 3684 764 3731 tani
788 3673 907 3742 simplex
959 3680 1019 3740 ω
1047 3678 1223 3753 protensionis
1249 3686 1301 3745 esi,
1330 3676 1393 3732 tiuie
1407 3674 1445 3731 rei
1474 3688 1584 3745 operam
1599 3672 1756 3744 darequant

111 3777 181 3830 siim,
198 3770 228 3819 ut
243 3763 392 3834 simplicem
407 3765 461 3820 oris
482 3766 665 3836 prolationem
679 3763 737 3818 sine
751 3761 843 3819 sordis
857 3763 908 3816 du·
961 3772 1089 3844 postulas,
1120 3784 1173 3825 nec
1202 3767 1388 3840 possibilitatis
1416 3762 1644 3835 adimplerequod
1669 3767 1755 3826 optas.

110 3849 229 3922 plioitate
246 3853 416 3910 mendacium
432 3864 524 3926 putem
541 3872 547 3908 :
564 3869 614 3909 nec
628 3860 681 3909 tam
696 3851 848 3908 incuriosus
859 3849 906 3917 tui,
960 3858 1099 3933 Siquidem
1113 3859 1156 3915 vel
1171 3858 1294 3914 monachi
1309 3855 1383 3927 quod
1398 3868 1459 3909 esse
1474 3850 1577 3920 videor,
1598 3849 1637 3903 rel
1657 3861 1756 3920 pccca-

1250 617 1285 657 ΑΙ)
1322 617 1448 658 ΕΠΗΒΕΙ.

144 4064 220 4134 (2116)
233 4060 399 4132 Opuscolnm
414 4065 483 4118 isto-t
496 4059 746 4130 proculdubioaon
761 4058 833 4116 alind
850 4065 901 4128 est,
963 4057 1045 4128 patio.
1066 4051 1196 4135 inquiam
1210 4048 1363 4106 bernardus
1391 4045 1424 4101 de
1451 4043 1539 4102 oilicio
1567 4050 1594 4100 et
1617 4048 1757 4098 vocatione

109 4151 189 4202 quam
227 4134 360 4204 Apotogia
399 4136 431 4189 ad
468 4134 638 4189 Guillelmnm
666 4132 800 4194 abbatem,
828 4144 907 4199 quam
962 4125 1084 4182 monachi
1113 4121 1258 4178 metandum
1286 4136 1325 4176 se.
1354 4119 1424 4199 Nam
1451 4117 1608 4179 monachus,
1626 4123 1757 4187 quatenus

110 4205 225 4276 Operins
238 4206 410 4273 exspectabat
424 4204 588 4276 urgebatque
598 4201 907 4276 sportularum-Vallem,
963 4199 1033 4262 talis,
1061 4210 1116 4250 noo
1144 4201 1254 4273 vocatur
1268 4191 1301 4246 ad
1315 4189 1517 4271 praedicandum
1536 4196 1564 4242 et
1578 4185 1727 4268 docendam
1747 4200 1756 4251 ς

111 4281 176 4332 dum
192 4290 252 4330 cain
266 4274 422 4331 Bernardns
449 4274 613 4347 perficiebat,
630 4281 659 4331 ut
675 4280 747 4345 patet
761 4288 794 4326 ex
810 4273 909 4327 ultimis
925 4268 1010 4376 'aad
1020 4266 1055 4323 ad
1070 4262 1221 4347 vacandum
1234 4280 1260 4318 in
1271 4260 1415 4344 solitudine
1431 4261 1487 4315 Deo
1502 4269 1529 4339 et
1540 4257 1619 4340 saluti
1630 4269 1755 4334 propriae,

112 4347 232 4416 ejusdem
252 4344 391 4415 apologiae
405 4348 503 4403 verbis.
532 4346 586 4403 Sed
615 4362 677 4402 curn
705 4359 765 4401 eam
793 4345 924 4398 necdum·
963 4355 1010 4410 per
1037 4337 1223 4392 meditationes
1237 4343 1264 4389 et
1278 4341 1408 4413 virtutum
1435 4343 1575 4386 exercitia.
1604 4326 1682 4409 Unde
1696 4340 1757 4394 epi-

112 4429 236 4475 accurate
257 4419 419 4488 descriptam
444 4425 505 4474 ante
532 4418 679 4474 discessum
708 4414 830 4471 obtinere
858 4429 906 4484 po
965 4411 1034 4466 stola
1048 4410 1082 4464 12
1097 4405 1222 4477 (liabetur
1234 4413 1305 4460 torno
1321 4403 1345 4458 ll
1359 4412 1428 4458 inter
1441 4399 1590 4481 Tractatus)
1605 4406 1641 4452 ait
1652 4396 1681 4453 S.
1697 4397 1759 4451 ller-

114 4492 210 4546 toisset
232 4490 356 4558 tigerius,
383 4505 444 4545 sam
469 4499 562 4559 postea
589 4505 605 4543 a
631 4485 767 4544 bernardo
794 4485 906 4540 missam
965 4479 1067 4536 nardus
1093 4500 1104 4527 ι
1136 4475 1222 4531 Labor
1235 4486 1262 4530 et
1277 4474 1386 4554 latebrae
1395 4481 1427 4554 ¹et
1440 4471 1759 4553 noluntaria-paupertas,

113 4561 215 4633 accepit
231 4560 445 4627 examinandam,
462 4569 543 4633 atque
568 4575 601 4617 eo
621 4558 773 4615 inconsulto
787 4570 910 4614 cominu·
965 4556 1022 4609 liaeo
1049 4557 1115 4606 sont
1139 4547 1331 4628 monacborum
1352 4559 1466 4617 insignia
1481 4561 1488 4606 ;
1506 4542 1563 4598 baec
1577 4548 1658 4596 vitain
1672 4537 1760 4620 solent

113 4633 213 4689 uicerit
227 4631 371 4689 Guillelmo
385 4632 484 4698 abbati,
500 4632 543 4688 cui
558 4631 672 4701 incripta
684 4637 735 4695 est,
751 4644 830 4700 quain
845 4628 910 4682 Ber·
963 4621 1104 4680 nobilitare
1132 4631 1319 4701 monasticam.
1348 4636 1363 4697 i¹
1388 4616 1567 4694 Quapropter·
1584 4627 1618 4667 ne
1641 4609 1761 4691 fortassis

112 4705 214 4762 nardus
228 4705 396 4759 emendatam
410 4703 467 4774 ipse
482 4701 687 4759 transmissurus
701 4708 767 4754 erat.
964 4705 1063 4750 tornare
1086 4699 1112 4746 et
1145 4706 1180 4745 ini
1202 4691 1333 4745 rudentes
1357 4695 1465 4751 inertes,
1480 4700 1502 4739 si
1523 4700 1569 4756 qui
1584 4682 1649 4738 tales
1664 4680 1760 4736 alicubi

149 4777 223 4847 (1611
246 4774 454 4831 Praeiatuiucula
486 4776 545 4830 haec
577 4770 692 4854 epistola
722 4773 756 4825 ad
784 4766 911 4824 eumdem
964 4764 1069 4820 latitant
1084 4707 1221 4826 manerii,
1236 4762 1395 4815 auctoritate
1416 4755 1500 4811 sancti
1517 4753 1601 4810 Patris
1616 4754 1761 4808 abutantur

115 4847 300 4914 Guillelmnm,
316 4846 460 4920 quainter
475 4843 655 4901 bernardinas
668 4839 770 4898 censeri
786 4839 912 4902 notator·
963 4838 997 4892 ad
1027 4835 1173 4890 lomentum
1195 4831 1311 4904 ignavia
1325 4844 1392 4910 suae,
1414 4826 1491 4900 quasi
1505 4827 1594 4905 studia
1609 4826 1760 4904 litterarum

114 4921 253 4975 ilineocto
273 4909 858 4988 esimaquiuta,incapiteapologiaerelata.
964 4917 992 4962 et
1014 4905 1152 4963 scientiam
1180 4904 1314 4973 improbet
1356 4915 1383 4953 in
1420 4899 1569 4965 monachis,
1598 4892 1760 4974 audiantur

152 4991 230 5059 (aba)
247 4935 352 5062 bsscripta
366 4989 437 5045 circa
452 5003 552 5043 annum
567 4986 646 5040 1127.
964 4981 1051 5050 ipsum
1063 4977 1125 5032 alibi
1150 4975 1219 5030 talcs
1232 4972 1375 5053 maniieste
1390 4969 1640 5051 redarguentem«
1662 4963 1762 5047 llidear

154 5061 229 5130 (259)
253 5063 315 5116 Haec
344 5060 457 5131 epistota
482 5057 609 5131 gravibus
622 5053 713 5113 verbis
727 5049 859 5122 significat
873 5048 914 5103 air
965 5050 1086 5112 lorsitan,
1104 5071 1115 5099 a
1131 5047 1228 5120 inquit,
1246 5063 1259 5096 ι
1278 5057 1376 5098 nimius
1389 5056 1416 5095 iii
1430 5039 1617 5119 suggillatione
1629 5042 1762 5113 scientiae,

120 5139 240 5196 sanctos,
255 5149 334 5204 quam
350 5132 384 5186 sit
403 5129 537 5186 alienusa
553 5127 649 5184 litteris
663 5128 696 5181 ad
710 5119 914 5180 amicosniiuus
966 5129 992 5177 et
1017 5120 1096 5191 quasi
1111 5113 1308 5188 reprehendere
1322 5112 1427 5194 doctos,
1449 5126 1481 5166 ac
1505 5109 1651 5181 prohibere
1672 5107 1763 5186 studia

118 5204 232 5259 utilibus
246 5213 274 5260 et
287 5203 443 5259 necessariis
465 5201 610 5270 scribendi,
637 5197 710 5270 quod
738 5196 764 5251 id
794 5192 912 5249 fiatcuut
966 5194 1125 5248 litterarum.
1147 5183 1242 5266 Absitl
1271 5187 1331 5266 Non
1357 5198 1454 5265 ignoro
1482 5188 1613 5264 quantum
1637 5177 1764 5234 Ecclesiae

115 5276 220 5345 jactura
245 5276 375 5346 temporis
396 5283 423 5329 et
437 5273 496 5341 otii,
511 5272 682 5344 grauioribus
698 5268 836 5342 magisque
849 5277 912 5320 sau·
967 5262 1115 5337 proluerint
1129 5268 1155 5316 et
1171 5266 1276 5331 prosint
1290 5256 1399 5312 litterati
1413 5271 1464 5318 sui,
1485 5267 1542 5334 sias
1556 5251 1589 5332 tid
1604 5248 1765 5331 refellendos

119 5345 170 5400 ctis
185 5348 299 5416 negotiis
319 5345 472 5412 tribuendi,
490 5344 552 5398 itein
567 5344 675 5409 silentii,
690 5341 762 5424 quod
778 5333 913 5412 religiosis
965 5334 1066 5405 eosqui
1081 5350 1113 5389 ex
1135 5330 1246 5411 adversa
1274 5337 1347 5398 sunt,
1364 5327 1420 5385 sive
1438 5325 1472 5408 ad
1498 5323 1634 5406 simplices
1659 5328 1763 5404 instru-

120 5417 263 5485 incombit3
278 5419 393 5487 denique
420 5415 519 5480 quietis
531 5424 558 5470 et
576 5413 775 5486 tranquillitatis
787 5409 910 5469 internae,
967 5407 1063 5470 endas,
1082 5426 1093 5455 i
1109 5409 1177 5484 etc,
1188 5401 1312 5482 epusdem
1328 5412 1471 5466 sermonis,
1487 5409 1548 5467 quus
1561 5392 1665 5465 legisse
1683 5406 1764 5461 Juva-

119 5491 198 5560 cnjus
212 5487 382 5560 dispendium
405 5485 492 5542 adlert
505 5486 550 5541 illa
563 5484 698 5542 scribendi
711 5497 775 5539 cura
788 5490 816 5536 et
829 5492 911 5535 occu·
967 5477 1009 5533 bit
1023 5492 1105 5532 serni.
1122 5477 1156 5530 36
1171 5490 1199 5529 in
1214 5471 1333 5535 Cannis
1346 5485 1375 5525 n.
1389 5471 1417 5526 a.
