3728 5940
105 212 156 271 327
575 208 602 267 S.
623 204 789 266 sstnttlttbl
807 202 942 263 nasutis
961 202 1280 265 stulta-tlttthsts
1692 210 1745 271 328

103 337 137 390 dt
151 337 224 391 Deus
238 335 313 391 uobis
325 333 417 408 potius
430 332 627 406 inspiretquod
642 331 732 403 potius
747 338 804 400 est,
821 331 898 386 redu·
913 342 937 421 Α
953 328 1099 402 repatriare
1121 331 1266 402 potuerIm.
1291 330 1326 386 Et
1348 331 1438 388 recolo
1462 333 1522 402 hoc,
1546 347 1601 389 non
1625 333 1748 407 glorians

103 439 164 479 cere
187 421 313 479 videlicet
336 425 369 476 ud
391 419 550 478 memoriam
579 420 612 490 (si
633 418 742 492 dignum
763 417 898 489 judicatis)
952 429 998 473 aut
1011 418 1207 490 improperans,
1225 421 1271 476 sad
1290 435 1442 491 provocans
1461 428 1488 476 et
1509 419 1675 494 efflagitans,
1692 438 1750 480 mo·

103 510 219 581 qualiter
232 511 371 568 vobiscum
385 511 499 583 egerIm,
516 519 543 564 et
557 523 657 580 ponere
680 508 773 572 oculos
792 506 899 578 pietatis
952 523 1018 562 neus
1033 519 1058 561 ct
1072 524 1217 579 reposcens
1231 507 1348 565 debitum
1363 519 1459 565 uestrae
1478 509 1666 567 miserationis
1679 510 1748 570 affe·

103 617 186 673 super
213 616 325 672 puemm
351 606 480 663 vestrum,
508 605 535 652 et
561 595 678 650 liberare
707 594 834 651 afflictum
863 594 897 650 de
951 606 1034 652 atum.
1048 595 1132 670 Urget
1147 597 1292 653 necessitas
1306 597 1387 654 modo
1397 613 1492 654 omnes
1507 604 1628 672 repetere
1641 600 1749 659 debito·

104 689 236 763 angustia.
249 689 319 756 Quin
333 687 422 760 potius
438 700 491 740 uon
502 682 624 741 oblivisci
639 692 739 755 quauta
753 684 827 740 Deus
839 683 898 754 ipse
952 700 1006 739 res.
1021 684 1079 759 ligo
1094 700 1156 741 sero
1171 685 1195 741 si
1209 685 1258 744 feci
1274 687 1345 758 quod
1372 686 1458 744 lacera
1472 686 1565 756 dabui,
1580 689 1655 744 haud
1675 690 1748 748 aliud

104 776 198 834 fecerit
212 778 298 843 vobis,
314 786 339 830 et
362 775 389 829 iu
412 772 665 845 quantulacumque
680 773 766 828 vicem
789 787 897 827 recom-
951 790 995 830 me
1008 790 1040 830 ex
1055 790 1087 830 eo
1106 792 1187 848 quam
1200 792 1306 834 servum
1329 776 1452 833 Inutilam
1476 784 1583 848 reputo,
1593 777 1675 848 juxta
1689 796 1747 837 ser·

104 865 279 937 pausationis,
296 863 329 918 ad
344 861 429 934 ipsius
445 860 568 934 gloriam,
583 859 657 932 quod
681 867 733 915 tam
757 876 897 932 perperam
950 879 1057 919 monem
1084 864 1191 919 Domini
1221 865 1298 935 [Luc.
1323 880 1394 932 ιιιιι,
1420 865 1475 938 ld).
1507 868 1697 925 Verumtamen
1726 870 1749 927 si

104 956 268 1018 factumest,
286 966 422 1008 revocare.
952 950 1001 1008 feci
1020 954 1091 1026 quod
1116 953 1244 1025 oportuit,
1259 963 1304 1010 aut
1326 955 1397 1026 quod
1422 953 1579 1012 faciendum
1601 954 1664 1024 fuit,
1680 974 1749 1015 uuu-

247 1037 330 1097 tos
345 1037 510 1096 EPISI’OLA
529 1039 649 1096 CLXVII
668 1038 753 1109 (444).
951 1040 1016 1113 quid
1030 1041 1116 1096 merui
1130 1041 1327 1112 vapulareilft
1349 1057 1412 1097 ecce
1434 1041 1543 1098 rediens
1562 1044 1680 1111 asebis,
1697 1046 1748 1102 tri-

409 1144 447 1184 en
467 1141 594 1184 ιιιιιιιιιιιι.
951 1127 1114 1186 bulationem
1137 1138 1163 1185 et
1186 1131 1308 1188 dolorem
1336 1130 1434 1200 iuveni,
1460 1141 1487 1187 et
1514 1149 1612 1190 nomen
1641 1135 1749 1192 Domini

353 1217 407 1274 Pro
422 1215 516 1274 eodem
530 1216 651 1287 nepotis.
951 1217 1085 1284 inuocnvi,
1102 1218 1150 1274 sed
1172 1233 1226 1274 non
1250 1218 1369 1290 profuit;
1385 1219 1510 1278 invocavi
1533 1231 1561 1278 et
1579 1229 1701 1280 vestrum
1722 1231 1749 1281 et

137 1304 352 1362 ClementissIme
375 1305 461 1371 Pater,
478 1320 568 1361 nonne
591 1302 772 1377 praecipiendo
793 1318 897 1375 praecc-
952 1320 1006 1362 non
1021 1305 1125 1365 valuit:
1152 1306 1287 1379 quuidem
1308 1307 1346 1363 dii
1369 1307 1454 1366 fortes
1477 1318 1554 1366 terrae
1576 1311 1750 1369 vehementer

102 1396 167 1468 plati
180 1394 208 1451 in
222 1394 385 1468 lingonensi
408 1393 530 1450 Ecclesia
551 1408 695 1463 personam
709 1391 772 1464 eligi
786 1390 896 1464 religio·
953 1392 1052 1451 elevati
1066 1403 1138 1460 suut,
1154 1392 1340 1470 Lugdunensis
1356 1395 1457 1453 scilicet
1474 1396 1708 1469 archiepiscopus,
1723 1408 1749 1457 ct

102 1501 158 1540 sam
173 1493 254 1555 atque
266 1484 401 1551 idoneam,
412 1490 438 1538 et
452 1484 485 1538 ad
500 1481 644 1538 consilium
657 1480 735 1551 pueri
751 1481 808 1537 tui‘t
818 1479 897 1535 Non·
915 1513 938 1592 n
952 1482 1134 1539 CluuiaceusIs
1147 1484 1238 1538 abbas.
1254 1484 1285 1539 lli
1307 1482 1473 1541 confidentes
1495 1486 1522 1540 in
1536 1485 1633 1543 vietute
1646 1503 1708 1554 sua,
1722 1497 1749 1544 et

103 1590 136 1629 nc
149 1572 274 1630 domiuus
293 1572 483 1645 Lugdunensis
505 1572 557 1628 hoc
576 1571 663 1643 ipsum
685 1572 842 1626 mandatum
861 1586 897 1625 ex
952 1572 979 1625 iu
994 1570 1164 1626 multitudine
1179 1571 1330 1628 divitiarum
1346 1589 1456 1628 suarum
1472 1573 1631 1648 gloriantes,
1648 1575 1748 1633 adver·

103 1661 251 1733 apostolico
275 1678 323 1718 ore
345 1669 392 1717 tuo
419 1676 541 1732 praesens
570 1660 676 1731 excepit
703 1671 756 1716 tam
783 1658 898 1714 fideliter
952 1675 1014 1716 sum
1037 1676 1080 1716 me
1103 1660 1390 1732 appropinquaverunt
1413 1667 1440 1716 et
1463 1670 1606 1718 steterunt.
1631 1664 1666 1718 Et
1693 1679 1749 1720 uon

102 1758 308 1818 exsecuturum,
323 1767 401 1824 quam
426 1747 539 1806 firmiter
553 1750 712 1819 injunctum,
728 1747 899 1820 acfraquen·
952 1751 1091 1804 ariversum
1107 1757 1278 1818 metantum,
1293 1748 1339 1805 sed
1364 1748 1505 1806 adversum
1529 1767 1655 1826 maguam
1679 1753 1750 1809 mul·

103 1847 143 1895 ter
157 1839 320 1895 inculcatum
344 1854 434 1895 nonne
458 1837 575 1909 denique
598 1844 625 1892 et
648 1835 810 1908 spoponditl
827 1834 899 1904 Quid
953 1835 1094 1892 titudinem
1122 1852 1261 1895 servorum
1293 1836 1352 1907 liei,
1381 1837 1525 1895 adversum
1551 1853 1601 1895 vos
1628 1856 1746 1912 quoque,

103 1944 169 1999 ergo
183 1929 271 1983 uisum
290 1935 332 1983 est
350 1926 386 1998 ei,
402 1933 506 1982 mutare
520 1925 639 1983 voluisse
662 1924 733 1997 quod
757 1923 899 1979 utilissime
952 1927 1096 1982 adversum
1120 1942 1150 1982 se
1172 1927 1256 1996 ipsos,
1280 1935 1373 1982 contra
1395 1927 1493 1998 Deum,
1518 1936 1610 1984 contra
1638 1944 1747 1987 omnem

102 2025 129 2072 et
142 2016 338 2072 consultissime
351 2021 479 2070 statutum
504 2013 602 2084 fuerat,
618 2012 744 2084 aliudque
763 2029 812 2067 sna
826 2027 898 2084 prae·
952 2015 1106 2088 aequitatem
1120 2023 1147 2072 ct
1160 2017 1337 2072 honestatem.

103 2105 254 2178 sumptione
277 2103 366 2160 moliri
390 2104 460 2174 quod
484 2118 538 2158 non
557 2101 743 2170 conveniebat,
758 2101 785 2155 in
804 2109 899 2156 uestrae
987 2108 1015 2162 4.
1040 2104 1164 2176 Denique
1187 2105 1371 2176 imposuerunt
1393 2106 1531 2162 homiuem
1553 2122 1636 2177 super
1659 2107 1747 2180 capita

104 2193 188 2266 ipsius
201 2194 350 2263 llajestatis
364 2199 558 2262 contemptum,
576 2198 602 2247 et
616 2189 641 2243 io
662 2196 762 2244 nostrae
780 2188 897 2261 pusilla·
952 2202 1055 2262 nostra,
1070 2189 1156 2249 166
1169 2208 1258 2267 quem,
1275 2195 1343 2264 proh
1358 2194 1461 2266 pudori
1478 2203 1505 2251 ct
1518 2195 1583 2252 boni
1598 2195 1747 2251 horrentct

103 2282 232 2338 almitatis
254 2281 432 2338 scandalunt
447 2279 591 2349 Quomodo
614 2294 666 2335 non
691 2278 800 2333 erubuit
813 2277 899 2333 bonus
952 2283 1015 2339 mali
1030 2281 1127 2337 rident.
1143 2281 1203 2351 Quo
1225 2282 1331 2349 ordine,
1347 2283 1401 2340 iuno
1425 2300 1503 2356 quam
1523 2285 1745 2350 extraordInsrie,

103 2370 147 2427 ille
162 2372 203 2427 uir
216 2372 287 2443 apud
306 2387 334 2426 se
349 2371 398 2425 Est
420 2377 447 2424 ct
468 2369 527 2424 Non
551 2366 676 2437 inueniri,
693 2374 795 2423 tentans
809 2367 898 2437 impo·
952 2371 1039 2430 uideat
1061 2371 1133 2426 Deus
1156 2379 1182 2426 ct
1202 2371 1323 2443 judicet3
1340 2372 1427 2428 uideat
1448 2381 1475 2428 et
1496 2373 1615 2429 lfomana
1637 2374 1715 2428 curia
1738 2391 1745 2427 ι

103 2477 168 2517 nere
189 2471 240 2516 tam
256 2459 395 2535 indiguum
409 2459 506 2528 jugum
521 2457 672 2512 cervicibus
682 2463 735 2512 tam
745 2470 899 2511 numerosae
952 2460 1040 2517 videat
1052 2466 1079 2516 et
1091 2459 1189 2530 dolcat,
1203 2459 1361 2516 misereatur
1373 2469 1401 2517 et
1420 2461 1572 2535 accingatur
1593 2461 1626 2516 ad
1649 2461 1745 2516 uindi-

103 2549 282 2605 multitudiuis
297 2547 488 2620 religiosorum
501 2545 620 2602 uiuorum
635 2559 777 2601 servorum
792 2551 897 2601 tuorum
952 2558 1021 2605 etam
1044 2549 1255 2617 malefactorum,
1281 2549 1387 2608 taudem
1414 2566 1479 2608 pem
1507 2549 1650 2606 bonorum,
1677 2549 1749 2618 Quid

104 2632 232 2693 adversus
253 2643 379 2691 statutum
405 2641 479 2688 tuum
502 2640 530 2688 ct
553 2633 714 2705 promissum
736 2634 837 2688 suumf
851 2633 899 2688 In·
954 2638 1047 2693 enimi
1061 2637 1151 2708 placet
1164 2636 1222 2702 tibi,
1237 2636 1346 2693 domina
1356 2638 1458 2706 mundI,
1468 2637 1635 2696 universitati
1645 2636 1750 2692 consti·

104 2725 192 2798 quire,
209 2726 295 2791 Pater,
311 2723 417 2795 inquire
429 2722 579 2795 diiigenter,
594 2721 674 2794 quale
688 2723 769 2779 homo
785 2722 841 2788 ille,
856 2723 899 2779 cui
956 2730 1011 2779 tuta
1024 2723 1122 2781 uindex
1135 2723 1162 2779 iu
1176 2723 1254 2793 itum,
1265 2725 1353 2794 judex
1368 2726 1395 2781 ln
1408 2724 1638 2796 misericordiam
1648 2725 1748 2796 placet,

103 2813 212 2872 festInat
236 2829 343 2869 manum
367 2812 517 2883 imponere,
541 2813 722 2868 testimouium
746 2813 852 2881 babeat,
872 2821 900 2869 et
952 2807 1070 2886 inquam,
1088 2812 1136 2869 tibi
1150 2813 1232 2884 quod,
1248 2814 1312 2867 dum
1331 2815 1453 2885 superbit
1474 2814 1582 2886 implus,
1597 2813 1749 2871 incenditur

103 2904 136 2959 ab
150 2903 193 2957 his
206 2903 253 2974 qui
268 2918 351 2974 prope
366 2910 428 2956 sunt
442 2908 470 2957 et
482 2902 515 2956 ab
530 2901 571 2955 bis
584 2901 632 2971 qui
647 2900 736 2975 louge.
747 2901 810 2956 Ililri
826 2901 898 2957 euim
914 2865 937 2944 B
953 2917 1057 2974 pauper
1069 2910 1095 2957 ct
1109 2901 1153 2957 illc
1167 2916 1280 2972 pauper,
1294 2901 1341 2973 qui
1361 2917 1409 2972 pro
1424 2911 1469 2960 tuo
1482 2903 1600 2970 servitio,
1617 2918 1678 2959 cum
1692 2915 1747 2958 non

104 2988 237 3043 interdicit
248 2990 337 3046 dicere
356 2988 443 3061 pudor
457 2989 530 3061 quod
546 2987 652 3058 publica
665 2988 737 3045 fama
750 2989 784 3044 de
802 3005 835 3044 eo
853 2988 897 3044 di-
952 2988 1064 3044 baberet
1077 3005 1187 3046 censum
1202 3006 1283 3062 quern
1303 2989 1464 3058 effunderet,
1479 2990 1603 3063 sanguini
1616 3005 1671 3046 non
1693 3006 1747 3062 pe-

102 3076 148 3143 cit,
165 3074 219 3133 imo
244 3075 381 3133 infamatio
405 3076 581 3134 celeberrima
603 3076 761 3148 diuulgauit.
777 3076 811 3130 Et
833 3076 897 3149 quid
952 3078 1058 3147 percit?
1077 3079 1228 3150 Dignumne
1252 3079 1301 3133 tibi
1323 3080 1427 3136 videtur
1453 3091 1497 3137 tua
1517 3079 1617 3151 perfrui
1636 3093 1702 3150 paca
1718 3084 1749 3134 et

101 3164 211 3220 dicam?
226 3165 322 3221 Tristis
337 3174 377 3220 ost
391 3166 479 3220 anima
500 3180 559 3220 mee
577 3180 665 3233 usque
688 3163 720 3218 ad
743 3163 845 3236 lugam.
861 3162 899 3222 Et
951 3173 1070 3220 nostram
1086 3180 1138 3220 uon
1153 3182 1258 3231 curare,
1274 3181 1322 3222 nec
1336 3167 1458 3237 recipere
1478 3170 1505 3224 in
1528 3174 1630 3225 sortem
1648 3180 1748 3223 conso·

100 3256 158 3324 jam
173 3253 284 3309 forsitan
299 3253 438 3321 fugissem,
456 3253 507 3307 nisi
530 3268 573 3307 me
594 3252 751 3309 retinuisset
770 3253 896 3310 consola·
950 3252 1069 3322 lationis,
1085 3268 1154 3326 quos
1168 3253 1283 3309 habuisti
1298 3262 1440 3310 consortes
1462 3253 1585 3309 laborisf
1600 3255 1629 3311 Si
1653 3254 1749 3311 inveni

102 3343 183 3398 tionis
210 3360 284 3416 spes,
309 3358 391 3414 quam
415 3343 448 3397 de
471 3341 620 3397 uisceribus
643 3346 737 3397 uestris
760 3350 895 3412 exspecto.
950 3342 1065 3413 gratiam
1086 3342 1115 3396 in
1138 3342 1224 3398 ocuIIs
1242 3342 1350 3408 uestris,
1365 3342 1461 3413 eripite
1484 3341 1594 3413 inopem
1609 3342 1644 3397 de
1664 3359 1748 3403 mauu

101 3430 232 3487 Volebam
265 3432 382 3488 scrihere
415 3447 462 3501 per
493 3431 614 3487 ordinem
646 3431 896 3505 perlacrymabilem
950 3429 1090 3487 fortiorum
1104 3430 1174 3498 ejus,
1190 3446 1304 3503 egenum
1322 3440 1349 3487 et
1367 3446 1511 3502 pauperem
1526 3447 1541 3486 a
1557 3432 1747 3502 diripientibus

102 3520 218 3576 miseriae
232 3528 332 3578 nostrae
346 3519 487 3576 historiam
504 3538 511 3576 z
527 3521 576 3575 sed
590 3536 645 3591 prae
661 3520 770 3576 tristitia
785 3521 895 3591 languet
949 3534 1020 3577 eum.
1038 3515 1168 3590 Alioquin
1189 3533 1241 3589 ego
1254 3517 1373 3590 quidem,
1389 3527 1419 3573 ιιι
1442 3524 1553 3590 potero,
1565 3518 1697 3574 laborabo
1718 3519 1747 3575 in

102 3626 207 3677 manus,
222 3626 319 3667 seusus
342 3609 473 3676 hebescit,
489 3609 581 3665 horret
604 3609 694 3680 lingua
713 3608 802 3678 eloqui
817 3608 896 3663 mali·
949 3605 1052 3681 gemitu
1066 3621 1136 3673 mco,
1152 3614 1179 3661 et
1192 3614 1273 3663 eruut
1286 3607 1351 3662 mihi
1368 3611 1493 3679 lacrymae
1509 3621 1575 3662 meaa
1598 3622 1680 3678 panas
1699 3606 1746 3664 die

101 3716 183 3772 gnam
197 3700 326 3765 fraudem,
342 3701 390 3757 sad
404 3699 614 3772 subreptionem,
630 3700 678 3754 sed
692 3699 897 3756 circumventio·
949 3711 981 3753 ac
993 3704 1071 3753 nocte
1086 3713 1092 3750 ε
1109 3695 1186 3754 robis
1201 3704 1290 3753 autem
1305 3697 1393 3769 legam
1408 3697 1483 3753 illum
1503 3695 1675 3768 versiculum,
1694 3698 1748 3766 Qua·

102 3805 174 3856 uem,
191 3788 239 3844 sed
264 3789 451 3858 temeritatem,
467 3789 515 3844 sed
538 3787 687 3860 perfidiam.
711 3787 783 3857 Quid
806 3789 895 3862 ergof
950 3787 1168 3846 tollitcbcmico
1182 3787 1417 3855 miscricordiam,
1429 3788 1561 3844 timorem
1576 3787 1745 3845 hominide-

100 3876 185 3933 Filius
209 3886 271 3935 tuus
290 3878 401 3935 PoutIus
425 3876 639 3942 archidiaconus,
663 3877 710 3949 qui
736 3884 763 3931 et
785 3876 812 3931 iu
837 3880 894 3935 haec
950 3876 1746 3950 retinqnigetittud,omnesnecessaritmctrecesscrcnt

100 3982 180 4021 causa
216 3975 371 4023 constanter
404 3965 571 4037 fideliterque
603 3981 632 4020 sc
665 3965 766 4034 babuit,
798 3974 895 4022 cuncta
949 3965 1104 4035 amelini,
1118 3981 1156 4031 vt,
1175 3966 1217 4021 rt.
1234 3965 1376 4038 sagittat
1391 3980 1510 4038 quoque,
1531 3966 1585 4035 Qui
1593 3965 1683 4037 juxta
1698 3978 1747 4020 mc

99 4055 157 4121 tibi,
187 4056 274 4122 Pater,
303 4054 433 4122 narrabit,
462 4062 489 4108 at
521 4052 585 4126 quid
614 4052 712 4109 factum
744 4053 893 4123 doleamus,
949 4055 1177 4126 erant,delonpe
1190 4059 1342 4120 steterunt,
1355 4053 1748 4127 ctoimfaciebcntqaiqnoe·

100 4154 126 4199 et
148 4143 213 4215 quid
237 4142 390 4199 facIeudum
412 4141 571 4212 flagitamus.
588 4141 641 4213 Ipsi
664 4143 742 4197 crede
766 4150 892 4215 tanquam
909 4142 932 4221 fl
949 4144 1048 4200 rebant
1061 4144 1189 4199 animam
1202 4159 1295 4200 mecm
1311 4143 1397 4214 (Psoi.
1413 4157 1524 4209 xxxvii,
1541 4142 1655 4213 42,13).

99 4230 175 4284 mihi.
192 4230 251 4300 Ego
277 4239 367 4285 autem
391 4231 444 4284 lroc
462 4245 545 4283 unum
561 4239 589 4284 ut
603 4230 756 4300 parturiens
771 4231 869 4303 loquor
885 4254 891 4290 :
1148 4232 1320 4288 EPISTULA
1333 4231 1440 4289 CLXIX
1454 4232 1541 4303 (448).

100 4316 153 4371 nisi
182 4316 226 4371 isti
252 4332 267 4369 a
296 4326 349 4371 tam
373 4317 504 4373 scelerato
529 4325 635 4389 umque
659 4319 800 4375 temerario
828 4334 896 4376 ausu
980 4332 1017 4374 ao
1031 4334 1160 4376 ιιοιιιιιιιιι
1173 4333 1265 4376 seruat
1279 4335 1486 4377 inuocauerunt.
1502 4319 1591 4390 (llcdc
1606 4320 1716 4393 supro.)

101 4402 234 4476 definitul,
264 4410 292 4459 nt
320 4420 361 4459 me
390 4404 478 4475 ipsum
506 4422 576 4461 nunc
608 4407 706 4475 soutio,
735 4406 841 4464 deliciet
867 4408 894 4463 in
951 4408 1130 4466 Curclcricos
1144 4411 1273 4467 Ecclesiae
1287 4410 1595 4481 Liaponcnsisoccotos
1611 4407 1746 4464 detineto·

100 4492 196 4549 dolore
210 4493 264 4548 vita
281 4508 350 4558 mea,
365 4502 393 4548 st
407 4494 470 4548 anni
485 4493 538 4548 mei
551 4493 578 4548 iu
593 4495 745 4566 gemitibus.
984 4498 1041 4563 rit,·
1051 4500 1080 4552 et
1094 4497 1196 4569 quibus
1210 4515 1315 4556 manus
1328 4498 1450 4571 elipandi
1463 4496 1708 4554 committendum.

286 4580 452 4638 EPISTOLA
471 4581 604 4639 CLXVIII
622 4583 707 4656 (tat).
983 4584 1109 4656 Dignatio
1132 4594 1220 4642 vestra
1242 4585 1305 4643 fecit
1327 4603 1369 4641 me
1394 4586 1561 4654 familiarem,
1577 4583 1750 4641 familiaritas

141 4685 177 4727 ιιι
197 4686 348 4728 aerscoeos
365 4687 401 4727 ar
420 4686 593 4728 cannrrmmrs
612 4688 735 4729 nonanis
753 4691 852 4731 cums.
948 4681 1179 4746 presumptorem.
1194 4675 1274 4731 Adsit
1292 4676 1371 4731 solita
1385 4676 1460 4732 cordi
1473 4683 1562 4731 vestro
1580 4671 1746 4745 benignitas,

405 4761 479 4821 Unde
498 4779 593 4834 supro.
947 4756 988 4818 ne'
1006 4761 1075 4818 forte
1098 4764 1273 4835 presumptio
1299 4764 1384 4834 pariat
1407 4761 1631 4835 indIgnstionem.
1648 4760 1747 4819 Audite

137 4855 162 4906 t.
180 4850 233 4909 llos
247 4851 331 4916 scitis,
345 4850 369 4906 si
391 4850 505 4924 dignum
528 4852 626 4906 ducitis
649 4851 792 4919 reeordari,
807 4852 895 4924 quali·
948 4857 1038 4906 tamen
1054 4851 1195 4924 patienter,
1212 4869 1265 4909 non
1279 4855 1368 4908 solum
1383 4853 1447 4925 quid
1463 4849 1566 4922 egerim
1579 4848 1628 4904 sed
1647 4857 1675 4905 et
1697 4864 1748 4906 cur

102 4949 144 4997 ter
169 4941 306 4998 uobiscum
336 4940 365 4996 in
392 4948 513 5010 tempore
541 4939 611 4997 malo
632 4951 808 4997 conversatus
833 4942 893 5007 sim,
948 4941 1069 5016 egerim:
1085 4942 1108 4996 si
1123 4940 1194 4997 forta
1208 4957 1289 4998 causa
1304 4941 1403 4997 factum
1417 4939 1554 5012 possitvel
1569 4938 1744 5010 ahquatouus

101 5028 244 5103 egrediens
266 5038 292 5085 et
317 5029 482 5101 regrediens,
508 5038 535 5086 et
557 5045 673 5102 pergens
695 5031 728 5086 ad
752 5031 895 5101 imperium
950 5045 1088 5086 excusare.
1104 5032 1194 5088 Ausus
1217 5046 1278 5086 sum
1302 5030 1419 5087 retinere
1432 5029 1545 5087 clericos
1558 5027 1747 5102 lingonenses

103 5117 184 5191 regis,
200 5119 345 5191 persistens
369 5135 400 5175 ac
424 5134 584 5190 permaneus
603 5119 740 5174 vobiscum
758 5119 786 5174 iu
807 5126 896 5174 teuta·
949 5119 995 5188 qui
1010 5121 1097 5174 vocati
1120 5128 1204 5186 erant,
1221 5120 1369 5191 composita
1394 5129 1483 5176 tamen
1508 5133 1574 5190 pace
1590 5117 1658 5172 inter
1672 5130 1745 5174 eos:

103 5206 220 5265 tionibus
243 5207 349 5273 vestris,
373 5207 412 5262 ita
440 5215 479 5274 ut,
502 5206 670 5279 consumptis
696 5223 764 5279 pene
792 5206 897 5265 uiribus
949 5207 1069 5280 ipsisque
1083 5207 1218 5280 persuasIs
1228 5217 1299 5266 stare
1312 5208 1441 5281 deinceps
1452 5209 1486 5265 de
1500 5205 1623 5264 facIende
1636 5201 1749 5262 electio·

102 5294 234 5366 corporis,
249 5295 293 5351 vix
311 5303 374 5367 post
388 5294 522 5351 redditam
536 5295 643 5353 coetitus
662 5310 756 5367 paoem
769 5295 897 5354 Ecclesia
950 5311 984 5351 ne
999 5298 1026 5352 in
1041 5297 1206 5368 beneplacito
1220 5305 1308 5356 uestro
1333 5308 1361 5356 et
1382 5297 1494 5354 consilio
1512 5299 1661 5373 bonosum,
1680 5293 1752 5351 sicut

151 5403 213 5468 446)
233 5400 338 5468 Scripta
351 5417 422 5458 anno
434 5402 534 5458 Christi
551 5407 629 5460 tras.
986 5403 1063 5476 (448)
1077 5404 1181 5476 scripte
1197 5407 1269 5463 luuo
1284 5404 1385 5464 Christi
1399 5408 1480 5463 liat.

152 5472 215 5544 tlt)
230 5471 333 5545 Scripta
348 5473 444 5531 eodem
460 5489 542 5531 anno.
