3728 5940
101 200 167 264 iiiii

568 203 595 263 S.
615 202 785 266 tattttttt
804 201 941 266 tatttts
958 200 1278 267 atate-vnttattats

1675 199 1750 262 1052

100 331 242 391 consilium
264 343 291 392 et
312 350 395 393 eausa
413 333 604 394 incarnationis
627 333 685 404 luit,
710 342 740 390 ut
763 330 891 388 mundum
908 348 931 428 fl
947 333 999 392 sibi
1025 332 1052 390 in
1067 332 1155 394 tutuo
1175 351 1208 393 ex
1223 333 1346 394 libertate
1361 331 1530 403 arbitriique
1547 329 1750 388 buiooohaeret

100 420 227 480 lucesuae
241 424 379 496 sapientie
393 425 564 491 illuminaret,
580 430 607 480 et
621 426 655 479 al
675 437 792 480 amorem
813 436 891 476 suum
949 423 1051 496 gratiae.
1068 426 1148 502 Piger
1162 442 1255 489 veroa
1276 425 1432 482 carnalibus
1452 419 1593 478 desideriis
1616 416 1750 488 implica-

100 512 267 578 accenderet,
280 535 293 562 ι

103 610 135 664 V·
152 609 226 676 Quod
239 614 411 684 coquebant
427 613 555 679 ethome,
569 629 659 684 neque
673 612 753 667 homo
764 623 891 682 persono,

119 697 180 753 puae
195 681 323 740 Christus
340 689 391 751 est.
403 688 440 741 sit
453 687 665 757 tertiopcrsona
680 685 711 740 in
729 681 874 740 liinitotc.
896 724 905 738 .

140 796 149 822 ·
176 777 291 848 Quando
315 781 385 851 dico,
406 782 529 839 Christus
545 789 587 839 ost
615 780 693 836 tertia
721 793 836 851 persona
865 775 891 829 in

101 862 250 934 'trinium
270 871 321 927 hoc
343 872 403 928 volo
422 870 520 937 dicere,
536 872 609 942 quod
622 871 752 935 Verbum,
763 866 836 940 quod
856 864 892 919 ab

101 961 203 1013 oeterno
218 960 295 1016 tertia
310 977 425 1031 persona
447 962 473 1017 in
488 960 616 1016 'trinitate
639 958 697 1021 luit,
723 957 803 1013 tertia
828 969 891 1024 pier-

101 1057 167 1100 soua
191 1046 268 1117 sitin
283 1050 436 1109 Trinitate:
457 1050 535 1107 etita
551 1057 614 1120 puto
641 1048 712 1119 quod
735 1043 836 1104 locutio
859 1040 894 1096 sit

102 1131 253 1203 figurativa.
270 1138 298 1193 Si
311 1139 383 1194 enim
409 1140 548 1210 propriam
570 1138 722 1194 diceremus
745 1150 816 1202 osse,
832 1147 893 1186 eum

102 1224 155 1280 hoc
168 1242 266 1283 nomeu
276 1229 398 1285 Christus
412 1229 482 1284 idem
499 1236 576 1285 sonet
590 1227 742 1300 quodDeus
756 1234 783 1281 et
799 1223 892 1288 horno,

103 1318 168 1372 tunc
191 1318 252 1374 talis
278 1324 351 1375 esset
368 1335 464 1375 sensus
481 1337 488 1374 :
504 1318 576 1374 Deus
600 1328 627 1373 et
650 1319 732 1374 homo
757 1320 798 1370 est
816 1311 894 1368 tertia

103 1419 220 1476 persona
247 1407 273 1463 in
299 1407 437 1464 Trinitate.
454 1406 531 1475 Quod
557 1407 664 1478 penitus
687 1413 727 1459 est
751 1402 892 1459 laisum.»

103 1494 137 1551 Et
156 1505 217 1566 post
239 1511 349 1569 pauca:
372 1518 383 1546 a
400 1498 436 1552 lit
449 1505 491 1555 est
506 1497 656 1565 sciendum,
679 1495 751 1562 quod
775 1488 896 1563 quamuis

104 1585 295 1654 concedamus,
320 1585 392 1658 quod
417 1585 541 1643 Christus
563 1593 604 1639 est
629 1584 706 1640 tertia
729 1594 847 1654 persona
870 1578 897 1632 in

104 1667 244 1738 'trinitate
268 1683 433 1732 nontamen
456 1673 632 1732 concedimus
659 1672 733 1741 quod
758 1672 897 1738 haecpor-

105 1770 184 1824 aona,
202 1776 262 1833 qnae
279 1760 400 1819 Christus
415 1773 465 1835 est,
481 1764 506 1820 si
523 1762 598 1818 tertia
625 1775 744 1833 persona
757 1759 785 1813 in
807 1758 897 1813 Trini-

105 1854 171 1905 tate.
190 1869 201 1899 n

948 520 1003 580 tus,
1020 514 1069 570 etsi
1091 515 1227 573 desideret
1244 515 1404 583 beatificari,
1419 527 1556 584 uunquam
1576 519 1670 564 tamen
1689 507 1750 561 vult

946 600 1071 659 laborare
1079 605 1317 678 compescendose
1331 603 1437 668 amalo,
1453 602 1499 658 sed
1508 598 1629 671 negligit,
1645 610 1747 668 quam·

946 691 989 748 vis
1004 708 1053 762 per
1071 693 1187 752 liberum
1210 695 1350 760 arbitrium
1375 692 1462 765 possit
1484 689 1620 746 colerere
1632 681 1745 756 gratim

948 787 974 836 ct
990 780 1029 838 sio
1043 783 1077 837 ab
1091 785 1269 856 omnipotenti
1282 784 1339 840 Deo
1353 783 1508 854 negligitur.
1525 797 1537 828 s

1018 872 1078 928 Vll·
1106 874 1182 943 Quod
1202 877 1273 933 Deus
1297 891 1355 933 non
1378 873 1474 932 debent
1492 869 1570 926 molo
1592 863 1747 939 impedire.

987 961 1046 1017 «ln
1071 963 1167 1035 primis
1187 965 1330 1022 ridendum
1358 971 1408 1030 ost,
1437 961 1501 1034 maid
1529 958 1565 1015 sit
1590 952 1750 1012 consentire

948 1050 1037 1117 m³¹0t
1060 1058 1086 1107 et
1099 1054 1164 1125 quid
1177 1070 1242 1112 non.
1266 1055 1314 1112 llle
1328 1053 1453 1126 equidem
1473 1049 1546 1106 malo
1568 1042 1751 1103 consentiens

948 1136 1055 1203 dieitur,
1076 1142 1122 1214 qui
1145 1159 1206 1201 cum
1229 1145 1326 1201 debeat
1353 1143 1405 1199 hoc
1426 1139 1582 1212 prohibere,
1598 1141 1626 1192 et
1649 1131 1748 1204 possit,

948 1241 1003 1281 non
1018 1231 1144 1300 probibet
1160 1248 1166 1288 :
1183 1232 1206 1287 si
1219 1240 1308 1289 autem
1323 1231 1428 1298 debeat,
1443 1235 1469 1285 et
1485 1243 1540 1282 non
1556 1223 1641 1296 possit
1658 1236 1665 1276 :
1684 1230 1712 1276 ει
1732 1234 1748 1273 e

950 1319 1083 1376 contrario
1097 1320 1121 1376 si
1143 1321 1228 1392 possit
1246 1329 1276 1377 et·
1287 1336 1341 1377 non
1360 1319 1474 1383 debeatt
1490 1330 1544 1371 non
1567 1321 1611 1370 est
1630 1326 1705 1367 reus.
1720 1307 1750 1363 Si

949 1421 1013 1463 tero
1027 1424 1078 1466 nec
1095 1408 1186 1477 debet,
1207 1425 1257 1466 nec
1279 1415 1377 1476 potest,
1394 1404 1583 1462 multominus
1601 1416 1666 1457 reus
1680 1415 1749 1455 cen·

951 1499 1052 1556 sendus
1067 1506 1119 1557 est.
1134 1499 1167 1555 lit
1188 1500 1250 1557 ideo
1272 1500 1345 1555 Deus
1363 1510 1525 1553 aconsensu
1547 1491 1684 1547 malorum
1708 1494 1751 1543 est

951 1589 1064 1655 alienus,
1088 1589 1134 1661 qui
1148 1603 1198 1646 nec
1220 1589 1311 1658 debet,
1335 1602 1385 1644 aec
1411 1590 1501 1657 potest
1514 1581 1584 1636 mala
1603 1578 1747 1650 impedire,

951 1679 1016 1735 ldeo
1032 1694 1086 1734 non
1105 1679 1195 1745 debet,
1210 1678 1274 1749 qnia
1297 1694 1357 1735 curn
1371 1692 1416 1733 res
1435 1690 1483 1746 per
1503 1672 1697 1744 benignitatem
1711 1670 1748 1723 il-

952 1767 1004 1824 lius
1016 1768 1122 1824 eueniat
1135 1782 1168 1823 eo
1183 1768 1274 1836 modo,
1286 1782 1339 1840 quo
1353 1765 1452 1821 molius
1465 1769 1563 1836 potest,
1579 1761 1653 1816 nullo
1666 1757 1749 1813 modo

951 1856 1086 1914 hoerelle
1104 1855 1193 1912 debet.
1217 1856 1280 1912 ldeo
1302 1864 1389 1911 autem
1412 1867 1467 1909 non
1487 1857 1586 1922 potest,
1606 1849 1671 1921 quia
1696 1849 1748 1903 bo-

104 1943 152 2002 tt.
166 1946 243 2014 Quod
255 1950 464 2024 Deusnonplcs
477 1950 604 2023 fneint'ei
612 1951 660 2022 poi
675 1948 805 2005 soluetur
818 1949 902 2002 cnte-
953 1945 1022 2002 nitas
1036 1945 1109 2001 illius
1132 1944 1217 2002 electo
1230 1943 1330 2000 minori
1345 1945 1425 2007 bono,
1442 1941 1480 1996 illi
1496 1941 1568 2012 qaod
1591 1940 1684 2008 majus
1708 1943 1750 1990 est

124 2021 358 2088 poenitentemne
369 2024 481 2094 gretie,
494 2039 577 2095 quem
588 2023 614 2079 ei
623 2023 738 2094 quinon
747 2020 885 2076 sitiuntur.
954 2033 1175 2105 pmpedpmemum
1188 2033 1299 2089 minime
1310 2048 1404 2105 parm
1418 2035 1519 2102 polest·
1536 2047 1551 2079 „

146 2136 156 2162 ε
175 2116 220 2173 Sic
233 2119 330 2176 iterum
346 2121 415 2178 solet
429 2121 515 2194 quaeri
531 2120 594 2176 illud
610 2119 681 2191 quod
701 2134 718 2174 a
738 2114 898 2190 quibusdam
990 2132 1059 2189 vffl,
1079 2132 1154 2202 Quod
1168 2150 1225 2191 mm
1242 2132 1441 2189 contraximus
1460 2143 1498 2185 ex
1512 2127 1603 2185 ,adnm
1622 2127 1749 2198 colpam,

107 2199 215 2271 dieitur,
231 2208 335 2265 seilicet
348 2218 434 2266 utrum
447 2225 541 2266 omnes
560 2208 683 2264 homines
696 2207 734 2262 ita
749 2207 805 2262 sola
821 2203 902 2258 mise·
1263 2204 1311 2261 scd
1324 2218 1445 2277 pennam

107 2290 223 2350 ricordia
236 2297 383 2364 salventur,
399 2307 428 2354 ut
446 2299 537 2354 nultus
551 2299 585 2353 sit
595 2298 640 2369 qui
656 2297 754 2352 bonam
770 2293 901 2351 volunta·
994 2323 1006 2352 a
1022 2300 1164 2358 sciendum
1184 2307 1225 2357 031
1238 2301 1310 2373 quod
1326 2316 1387 2356 cum
1406 2297 1514 2363 dicitur,
1530 2294 1668 2369 Originae
1684 2308 1750 2362 pec.

107 2388 160 2438 ‘⁸¹¹¹
174 2384 276 2440 habile
287 2386 384 2457 ll⁰⁸⁵iis
398 2388 450 2443 nisi
464 2388 550 2460 gralia
565 2387 614 2441 Dei
623 2383 819 2458 ptaeteniettlt,
839 2396 902 2452 (1¹1ae
955 2400 1042 2448 catum
1057 2391 1138 2446 estin
1153 2389 1259 2461 parvis3
1276 2390 1328 2446 lroc
1342 2387 1438 2444 dicitur
1452 2402 1501 2456 pro
1514 2401 1591 2458 paena
1604 2380 1750 2452 temporali

108 2486 155 2528 ⁰⁰¹
169 2480 288 2544 ¹¹¹⁰i⁰⁸¹s
309 2479 336 2531 ⁰¹
351 2477 448 2531 b⁰¹¹³1¹¹
463 2476 628 2533 l0¹usslai⁰ffl
643 2473 805 2544 inspienter
821 2467 902 2536 iuslli·
956 2489 983 2536 et
997 2487 1106 2545 aeterna,
1117 2478 1391 2552 quaedebetureiser
1404 2478 1483 2548 enlpa
1497 2473 1574 2545 primi
1588 2471 1719 2541 parentis.
1735 2492 1748 2520 s

108 2567 193 2616 ratam
207 2562 418 2635 multipliceter
437 2564 640 2634 multiplicatam
655 2568 806 2618 conseruet.
823 2557 900 2626 Quod
957 2567 990 2623 131
1004 2569 1084 2639 pauno
1099 2577 1183 2639 post:
1202 2590 1212 2618 .
1237 2567 1365 2623 simfliter
1388 2563 1496 2634 dieitur,
1522 2564 1554 2618 p„
1575 2576 1628 2634 quo
1646 2573 1751 2616 omne,

110 2649 133 2704 si
148 2651 185 2705 ita
199 2653 325 2724 estquod
339 2653 467 2709 lromoea
482 2669 511 2708 se
525 2653 592 2708 nibil
607 2652 669 2707 botri
680 2647 787 2719 operari
802 2646 900 2718 possit,
952 2662 1142 2733 peccaverunt
1155 2658 1245 2726 (pom,
1261 2672 1290 2722 v,
1308 2658 1351 2724 pp)
1368 2675 1375 2714 :
1393 2654 1455 2711 ideo
1470 2651 1579 2720 scaliger,
1589 2648 1654 2722 quta
1667 2647 1754 2703 semi.

107 2751 154 2798 ⁸¹st
167 2742 258 2814 ²¹5l11⁰
281 2745 361 2801 ¹¹¹0d0
380 2747 414 2800 fid
439 2745 557 2803 ditinum
571 2744 685 2816 {milam
702 2739 902 2811 suscipiessdlm
956 2748 1059 2804 narium
1074 2747 1195 2803 omnium
1205 2754 1263 2801 erat
1274 2745 1302 2801 in
1315 2745 1364 2801 illo
1376 2743 1422 2816 qui
1435 2740 1566 2813 peccavit.
1584 2739 1643 2794 Non
1659 2745 1751 2792 tamen

109 2845 158 2900 per
173 2830 286 2887 liberum
297 2833 436 2889 Uibillium
452 2834 511 2889 Sine
520 2831 621 2888 nubilio
639 2830 735 2902 glaiiae
754 2844 784 2884 lie
798 2827 903 2896 eligere
955 2836 1019 2891 inde
1029 2834 1162 2906 wodenii,
1174 2833 1248 2906 quod
1258 2849 1352 2890 omnes
1367 2829 1575 2903 peceagsemqui
1585 2841 1640 2883 non
1656 2833 1732 2883 erant
1744 2841 1750 2880 ς

110 2928 190 2989 prout
201 2919 398 2979 taediorum
413 2929 463 2989 est,
480 2937 534 2977 non
548 2920 652 2991 possit;
669 2934 724 2974 uon
739 2917 849 2972 videtur
863 2930 905 2970 ra·
920 2901 942 2981 Β
958 2932 985 2980 (ε
998 2924 1042 2993 qut
1062 2940 1116 2981 non
1130 2930 1181 2989 est,
1197 2938 1251 2979 non
1266 2929 1395 2994 peccata

110 3006 414 3080 itaquetentantes,
436 3010 567 3082 puniatur.
594 3009 623 3064 st
648 3008 721 3064 essim
744 3021 799 3061 1¹0⁰
815 3010 903 3076 potest
993 3013 1041 3068 tx.
1066 3013 1143 3082 nou
1161 3006 1558 3084 compensationem
1580 3007 1611 3061 tn
1632 3007 1752 3060 terram.

109 3110 142 3152 ex
157 3113 187 3153 se
209 3097 312 3171 aliquid
327 3100 390 3157 boui
404 3099 502 3166 iacere,
513 3107 538 3154 et
554 3097 615 3154 talis
629 3097 725 3166 iactus,
741 3106 780 3151 est
804 3095 853 3166 qni
868 3094 904 3149 sit
994 3123 1005 3154 a
1022 3103 1061 3157 De
1076 3102 1218 3170 speciebus
1233 3099 1344 3172 paniset
1357 3098 1412 3154 vini
1423 3095 1563 3170 queritur,
1574 3092 1662 3148 sisini
1674 3091 1755 3146 moto

108 3186 221 3257 pronior
241 3188 275 3243 ad
288 3189 401 3256 malum,
417 3206 497 3261 quam
512 3187 545 3243 ad
560 3187 676 3256 bonum;
691 3184 818 3242 nonnosi
834 3199 902 3254 pec-
956 3189 986 3246 in
999 3205 1114 3262 corpore
1133 3189 1243 3255 christi,
1267 3188 1338 3242 sicut
1360 3186 1436 3257 prius
1448 3193 1525 3240 erant
1547 3183 1575 3237 in
1603 3180 1755 3238 substantia

109 3289 151 3334 ⁰⁸¹
167 3277 297 3335 inimum-t
311 3291 382 3335 0³²8
404 3281 503 3352 culpa;
519 3286 548 3334 0²
562 3279 684 3349 uunquid
703 3278 789 3340 Deus,
805 3276 852 3348 qui
867 3275 904 3329 iia
956 3278 1035 3351 panis
1048 3277 1152 3342 etvini,
1168 3291 1229 3348 quae
1249 3290 1328 3331 versa
1352 3282 1392 3328 εει
1410 3273 1438 3327 in
1457 3285 1556 3340 eorpus
1578 3268 1681 3323 Christi
1697 3283 1704 3321 t
1721 3283 1753 3322 an

110 3363 246 3420 infirmum
261 3376 288 3422 et
303 3367 405 3440 tragitts
416 3377 520 3424 naturoe
535 3365 679 3432 eumfacit,
694 3373 737 3421 est
751 3362 903 3420 laudandus
958 3366 1010 3422 sint
1024 3365 1051 3420 in
1065 3380 1136 3421 aare.
1158 3365 1211 3419 Sed
1225 3359 1397 3419 rerisiflilius
1410 3368 1451 3416 εει
1473 3356 1546 3431 quod
1567 3356 1621 3411 sint
1636 3358 1666 3411 in
1682 3371 1752 3420 aere,

111 3451 146 3509 de
168 3453 213 3509 tali
227 3454 363 3510 creatione
390 3457 448 3510 lmo
463 3455 534 3510 siita
548 3464 632 3520 resset,
648 3468 736 3510 noune
749 3451 904 3526 potiuscul·
957 3470 1019 3512 num
1033 3453 1085 3508 sint
1103 3452 1129 3507 in
1143 3450 1364 3522 corporechristi
1380 3465 1430 3505 sun
1444 3447 1617 3513 lineamenta,
1633 3453 1663 3500 et
1677 3458 1754 3498 snam

112 3539 218 3612 pandus
231 3540 391 3599 videretur?
413 3563 425 3594 s
444 3542 475 3598 lit
502 3550 562 3614 post
582 3558 666 3612 patrea
681 3559 688 3596 :
703 3561 716 3593 n
731 3540 809 3613 Quod
825 3541 847 3596 si
867 3540 903 3595 ita
956 3542 1073 3615 speciem
1086 3541 1195 3608 habeat,
1222 3540 1294 3596 sieut
1312 3539 1364 3593 ntia
1386 3551 1502 3607 corpore
1524 3535 1655 3589 bumana.
1680 3531 1752 3602 Spe·

111 3639 181 3684 esset
196 3629 270 3700 quud
285 3629 366 3685 homo
385 3632 419 3686 ad
440 3631 559 3689 divinam
573 3630 687 3701 gratiam
702 3628 904 3701 percipiendam
957 3632 1014 3691 cies
1026 3647 1092 3687 vero
1107 3631 1174 3702 iste,
1191 3629 1292 3686 scilieet
1312 3626 1389 3698 ponis
1402 3637 1429 3684 et
1447 3624 1515 3689 vini,
1532 3621 1600 3678 finnt
1612 3621 1641 3676 iu
1656 3636 1706 3677 ore
1719 3619 1753 3675 ad

110 3733 143 3774 ae
171 3719 276 3790 erigere
290 3719 349 3774 aine
362 3720 473 3776 alterius
487 3719 575 3791 gratia
588 3735 643 3775 non
661 3729 765 3790 posset3
782 3735 836 3774 non
858 3719 903 3773 ni·
957 3714 1101 3778 mnndum
1119 3731 1146 3776 et
1160 3718 1342 3791 obtegendum
1357 3731 1455 3788 corpus
1468 3712 1578 3770 Christi.
1604 3731 1616 3762 s
1638 3712 1673 3766 Et
1693 3717 1756 3782 post

112 3806 190 3863 detur
208 3807 276 3863 ratio
291 3823 360 3875 esse,
377 3824 460 3879 quare
476 3809 557 3864 bomo
576 3807 780 3877 inculparetur;
802 3814 829 3861 et
853 3806 904 3862 Dei
957 3826 1045 3884 pauco
1062 3828 1069 3868 :
1088 3809 1262 3865 allieautem
1277 3807 1407 3880 quaeritur
1420 3806 1454 3862 de
1468 3805 1519 3860 hoc
1533 3804 1602 3875 quod
1618 3803 1665 3874 qui
1682 3801 1759 3857 ride·

112 3894 226 3968 gratiam
250 3911 304 3950 non
327 3895 438 3965 habere,
451 3896 540 3968 potuis
555 3896 582 3951 in
604 3904 738 3952 auctorem
750 3895 838 3967 ipsius
857 3912 903 3950 re·
957 3908 1002 3956 tur
1015 3915 1075 3956 esse
1089 3898 1248 3954 multitud...
1264 3897 1336 3953 unde
1350 3905 1377 3952 et
1390 3894 1554 3967 praecipitur,
1570 3891 1644 3964 quod
1660 3890 1757 3946 aSab-

111 3981 277 4038 fundssfldum
301 3983 447 4040 rideretur.
463 3983 542 4053 Qu0d
567 3983 604 4039 iifl
624 3998 678 4039 ¹¹0n
701 3983 806 4049 esiswd
824 3982 905 4056 Ιθῠεθ
957 3989 1020 4045 hato
1036 4002 1123 4059 usque
1137 3987 1173 4042 ad
1187 3987 1333 4042 Sabbatum
1348 3991 1481 4052 serretur,
1497 3983 1566 4037 siout
1592 3981 1625 4035 de
1640 3979 1760 4050 panibus
1794 4019 1798 4033 t

113 4073 192 4129 aliter
209 4072 352 4130 dicendum
372 4083 452 4147 prout
470 4073 508 4130 rei
529 4072 630 4130 veritas
651 4090 680 4129 se
694 4073 785 4129 babet.
808 4072 908 4141 Dicen-
963 4075 1158 4149 propositionis
1173 4075 1273 4133 lactum
1287 4074 1371 4131 tuisse
1386 4073 1493 4146 legitur,
1510 4069 1663 4127 amoribus
1677 4067 1760 4123 etiarn

114 4161 178 4218 dum
194 4170 236 4218 est
250 4178 328 4235 ergo,
339 4163 412 4234 quod
426 4164 510 4219 bomo
526 4178 559 4233 pe
575 4162 723 4231 rationem,
739 4178 754 4217 a
768 4164 824 4219 Deo
838 4161 902 4234 qui-
920 4179 943 4255 ss
957 4167 1066 4224 corrodi
1079 4166 1194 4230 ridetur,
1210 4173 1236 4222 et
1258 4165 1293 4221 de
1312 4179 1393 4220 manu
1415 4159 1563 4218 sacerdotis
1584 4158 1628 4214 nel
1652 4157 1761 4213 diaconi

114 4249 174 4304 dem
193 4249 283 4304 damna
307 4250 401 4321 gratias
415 4250 545 4321 appositae
568 4254 704 4309 cohaerere
722 4259 810 4321 potest
828 4267 836 4304 ε
855 4266 906 4306 nec
961 4254 1074 4310 interra
1095 4253 1202 4311 cadere.
1227 4254 1260 4310 Et
1278 4253 1341 4309 ideo
1359 4250 1489 4323 queritur
1512 4263 1594 4320 quare
1609 4247 1686 4302 Deus
1700 4261 1762 4317 per·

114 4339 260 4411 Deusplus
270 4338 434 4413 iaeitilliqui
444 4342 909 4410 nonsalraturanthnamcotroereat
961 4342 1051 4399 mittat
1064 4342 1114 4397 ista
1128 4341 1187 4398 lieri
1213 4343 1368 4412 incorpore
1383 4355 1442 4395 suo.
1459 4335 1547 4396 648
1567 4335 1612 4392 An
1635 4334 1762 4391 fortassis

115 4428 221 4499 gratie,
237 4444 319 4501 quam
332 4428 371 4483 illi
383 4429 429 4502 qui
443 4444 496 4486 non
511 4429 639 4486 saluatur.
655 4429 696 4484 lta
712 4428 824 4484 enimse
838 4428 909 4498 gerit
961 4431 1067 4489 nonita
1085 4429 1130 4488 ilat
1153 4429 1182 4485 in
1203 4446 1326 4502 corpore,
1347 4429 1394 4486 sed
1418 4438 1519 4484 tantum
1534 4426 1570 4483 ita
1584 4425 1666 4481 iaciat
1679 4439 1765 4494 appa-

115 4518 190 4573 Deus
211 4533 276 4592 erga
296 4518 429 4586 homines,
455 4517 682 4590 quemadmodum
702 4524 835 4571 mercator
862 4514 909 4587 qui
964 4536 1024 4577 rere
1037 4519 1064 4576 in
1084 4520 1199 4591 speciei
1224 4518 1265 4576 ad
1279 4518 1352 4590 qnod
1366 4517 1492 4582 dicimus,
1508 4515 1581 4588 quod
1596 4527 1690 4571 revera
1705 4527 1764 4567 non

116 4605 198 4662 habet
212 4605 346 4680 pretiosos
360 4607 464 4678 lapides
474 4608 591 4676 venales,
601 4607 649 4679 qui
666 4604 789 4664 videlicet
801 4604 913 4676 exponit
969 4617 1011 4665 εει
1023 4608 1062 4665 sie
1085 4608 1112 4665 in
1127 4623 1253 4679 corpore,
1274 4606 1324 4663 sed
1338 4608 1412 4663 licus
1424 4605 1462 4661 ita
1485 4605 1512 4660 in
1537 4603 1677 4676 speciebus
1691 4598 1767 4670 ipsis

117 4709 166 4752 ecs
179 4694 209 4751 in
223 4694 292 4766 loro,
308 4702 336 4752 et
350 4712 428 4768 esque
442 4697 567 4753 omuibus
582 4695 674 4764 otiari,
688 4703 717 4751 et
730 4709 778 4765 per
791 4702 915 4750 ostensos
969 4706 1080 4770 propter
1116 4697 1305 4772 negligentiam
1339 4695 1526 4752 ministrorum
1562 4689 1767 4764 reprimendam

119 4784 285 4841 dtssiderillm
300 4786 328 4840 5¹¹
342 4785 382 4841 01⁸
395 4786 428 4841 td
441 4785 585 4842 emendum
601 4784 707 4842 θῑῦῑῐὸῑ·
722 4780 774 4851 Qui
794 4781 915 4851 prudens
968 4789 1068 4846 habere
1084 4787 1150 4844 iacit
1174 4804 1181 4844 ε
1209 4802 1308 4858 eorpus
1330 4799 1394 4842 tero
1416 4800 1506 4850 suum,
1523 4788 1604 4856 prout
1624 4781 1650 4836 ei
1665 4779 1766 4850 placet,

120 4882 171 4939 est,
187 4873 276 4930 seieus
286 4889 315 4930 se
328 4874 368 4931 eis
379 4874 513 4949 indigere,
527 4874 630 4931 laborat
644 4885 675 4928 ut
689 4872 803 4942 babeat;
819 4871 914 4941 acqui·
969 4876 1076 4949 reponit
1089 4886 1117 4934 et
1129 4883 1280 4934 conservat.

115 4962 156 5018 rit
170 4978 304 5029 nummos,
328 4972 357 5018 ει
383 4963 449 5019 omit
463 4964 596 5035 eos:qni
611 4962 690 5018 deses
716 4969 757 5017 est
779 4971 805 5018 et
827 4958 916 5032 piger,
1006 4977 1043 5032 χ,
1072 4974 1146 5046 Qvod
1164 4980 1279 5051 propper
1302 4990 1388 5046 opera
1404 4989 1455 5029 πω
1475 4971 1587 5036 metior,
1610 4983 1664 5024 περ
1688 4966 1770 5042 pejor

121 5050 172 5107 etsi
199 5051 363 5108 desiderium
391 5051 500 5121 hahent,
525 5051 589 5126 quia
603 5064 690 5107 nmen
708 5049 784 5123 piger
796 5058 847 5120 est,
863 5064 918 5104 non
1240 5047 1387 5118 efficiatur
1405 5046 1497 5102 atomo.

123 5139 236 5207 laborat,
253 5142 303 5197 etsi
319 5140 415 5198 fortior
433 5141 469 5198 sit
482 5140 536 5198 alio
556 5156 681 5213 corpore,
692 5155 744 5196 nec
766 5138 832 5195 emit
854 5153 916 5204 eos;
1010 5146 1115 5204 «Solet
1129 5145 1213 5218 quaeri
1228 5143 1292 5218 quid
1311 5141 1455 5199 abomino
1473 5145 1671 5207 mmunaretur,
1687 5151 1771 5206 opas,

124 5235 152 5284 at
172 5227 234 5286 ideo
255 5230 333 5303 culpa
347 5247 395 5287 sua
419 5231 492 5304 quod
507 5241 581 5288 earet
607 5231 674 5288 ittis.
690 5228 821 5286 Similiter
844 5228 920 5284 Deus
975 5253 1008 5293 an
1033 5235 1156 5301 intentio,
1179 5250 1229 5290 seu
1251 5243 1407 5306 utrumque.
1422 5229 1574 5288 Auctoritas
1589 5235 1682 5283 autem
1696 5225 1773 5281 ride·

123 5318 237 5388 gratiam
249 5335 325 5374 suam
352 5321 464 5392 apponit
477 5322 611 5389 omnibus,
636 5317 785 5378 et'consulit
798 5317 920 5390 Scriptu-
975 5333 1019 5381 tor
1032 5326 1111 5394 velle,
1126 5323 1198 5398 quod
1212 5337 1294 5396 opera
1308 5339 1323 5376 a
1341 5324 1398 5379 Deo
1413 5320 1576 5378 eternaliter
1590 5332 1773 5375 remuneren-

126 5403 164 5459 ‘ii
186 5415 215 5462 ‘i
239 5407 396 5465 d⁰ssi⁰lihl¹⁸
410 5412 525 5480 0¹1sz
541 5424 572 5468 ut
594 5427 643 5481 tim
669 5410 792 5465 iib‘iiiiss
806 5406 920 5475 “bimis
975 5424 1021 5471 tur
1036 5435 1042 5471 :
1059 5415 1096 5470 ait
1109 5430 1227 5486 namque
1241 5413 1398 5482 Apostolus,
1415 5411 1519 5470 ltnddoi
1530 5412 1602 5469 droa
1612 5409 1775 5480 antoninae

125 5508 181 5566 qua
197 5495 295 5567 gratia
311 5499 449 5556 mhmi
473 5499 521 5571 ‘tui
546 5500 667 5571 timim
694 5507 744 5554 Ν·
769 5495 922 5567 *Witiffl
976 5504 1133 5562 exendum
1146 5501 1382 5574 operosuotdont
1396 5515 1428 5569 tt,
1442 5502 1479 5565 bi.
1495 5500 1526 5554 Et
1545 5494 1775 5558 lttbanasiuanit.
