3728 5940
155 198 208 260 ast
626 191 655 250 S.
675 185 843 252 asellum
860 184 998 247 astatis
1014 188 1327 252 mlsmtltttltsts
1754 191 1816 255 840

155 322 234 382 diens
248 319 311 393 quis
324 331 417 377 vocem
431 314 538 372 Domini
555 314 674 372 :Redite
693 312 953 387 praeteritamque
969 316 1180 409 flvolnplatem.
1196 316 1298 374 Oculus
1315 315 1438 389 queritur
1452 314 1567 374 indictas
1583 317 1731 390 lacrymas,
1758 337 1812 392 peu

156 410 375 482 coclearum,
400 402 439 474 8),
458 402 486 458 et
502 403 583 458 tantis
611 403 638 458 in
673 402 801 459 interiore
828 399 953 459 cubiculo
1008 405 1145 461 tulanuam
1160 405 1339 463 interdictam.
1356 403 1463 473 Quibus
1476 407 1535 463 haec
1558 413 1595 462 et·
1608 406 1706 464 similia
1737 424 1825 481 pro··

157 493 365 555 obscenitatibus
384 489 572 563 deprebensis,
598 490 706 564 singula
724 504 839 563 quaeque
862 488 955 544 rimari
1007 492 1183 565 sequentibus
1215 492 1328 549 excitare
1361 502 1389 549 er
1426 495 1602 552 vehementer
1645 498 1812 554 emm

157 571 263 657 mugit.
281 592 314 639 et
333 596 449 653 quonam
465 580 523 635 haeo
546 578 703 637 influxerint
726 578 810 644 aditu,
832 577 955 632 curiosus
1007 581 1132 637 voluntas
1147 599 1153 634 :
1171 582 1347 639 somniumne
1362 589 1414 650 est,
1429 582 1526 656 inquit,
1558 599 1592 639 an
1622 583 1712 641 fabula
1734 589 1814 660 qnod

155 672 304 745 fastigator
318 667 461 742 explorat;
479 683 531 723 nec
545 665 658 724 difficile
672 672 746 738 patet
756 663 886 731 foramen,
898 662 955 719 imo
1007 667 1140 724 narratis?
1153 669 1219 725 fuur
1232 685 1295 725 vero
1307 678 1493 742 opportunum
1514 687 1572 727 sure
1596 678 1703 744 tempus
1729 683 1814 732 nacta

157 771 185 818 et
195 758 324 816 foramina
354 755 506 814 contuenti·
539 754 593 811 Sed
614 769 664 811 nec
693 768 788 826 parum
802 751 889 806 illiex
905 753 956 808 hac
1008 757 1184 831 querimoniae
1194 756 1285 832 lingua
1300 775 1308 814 r
1323 757 1452 832 Omnino,
1464 759 1510 830 ait,
1533 758 1573 815 sic
1582 771 1624 817 est
1637 768 1667 816 ut
1681 762 1810 820 audistis.

155 836 371 907 consideratione
384 843 486 902 doloris
496 845 674 912 accedit,cum
688 859 738 914 per
751 840 956 913 fenestraepro·
1007 842 1076 900 Nam
1097 855 1124 900 et
1138 858 1189 919 eqo
1205 844 1331 901 alabulis
1356 854 1383 902 et
1401 845 1550 903 mendaciis
1565 849 1645 918 jussa
1662 864 1724 906 sum
1744 851 1810 909 reti·

156 939 229 1012 prias
248 951 321 993 mors
336 935 387 991 ista
402 932 615 1006 deprehenditur
638 931 785 987 introiisse.
814 928 895 984 llulra
918 929 955 984 si·
1007 941 1080 1000 cere,
1100 935 1128 984 et
1150 927 1218 983 nihil
1238 927 1366 1002 deinceps
1384 929 1436 986 nisi
1456 929 1568 1004 serium,
1582 930 1639 989 imo
1659 939 1686 989 et
1701 934 1811 1007 penitus

157 1026 267 1101 quidem
280 1021 423 1080 admisisse
436 1020 543 1079 videtur
554 1017 702 1092 petulantia
711 1016 860 1085 oculorum,
873 1016 956 1073 mults
1008 1016 1193 1073 necessarium
1208 1017 1295 1090 loqui.
1349 1053 1351 1057 -

157 1116 281 1188 pruritus
294 1110 409 1176 aurium,
422 1108 508 1165 multa
521 1121 632 1181 quoqne
650 1104 803 1171 olfaciendi,
827 1104 954 1180 gustandi
1045 1109 1089 1161 te.
1111 1103 1206 1162 Exsilit
1229 1106 1311 1180 igitur
1334 1107 1426 1163 vetule
1447 1106 1547 1180 furens,
1567 1115 1595 1165 et
1617 1108 1703 1168 totins
1725 1111 1810 1170 oblita

157 1200 339 1274 tangendique
353 1197 566 1270 voluptasNarn
587 1193 739 1267 spiritualia
757 1193 864 1266 quidem
878 1192 953 1262 vitia,
1007 1191 1154 1268 lanquoris,
1169 1194 1291 1267 procedit
1313 1195 1486 1252 horrentibus
1505 1200 1600 1267 comis,
1623 1197 1809 1272 sestelacera,

156 1305 273 1363 qnorum
305 1299 387 1358 supra
413 1282 596 1350 meminimus,
616 1280 727 1339 difficile
754 1280 850 1348 adhuc,
876 1290 955 1353 prout
1007 1282 1215 1353 pectorenudo,
1245 1283 1371 1356 scalpens
1394 1286 1493 1354 ulcera,
1524 1285 1651 1344 frendens
1679 1288 1810 1348 dentibus

157 1390 230 1445 sunt,
247 1373 364 1434 carnalis
376 1373 522 1429 examinet.
547 1371 624 1427 Unde
640 1368 679 1438 fit,
696 1377 724 1425 ut
740 1385 801 1442 quae
815 1378 954 1440 suntgra-
1005 1382 1032 1427 et
1053 1385 1190 1437 arescens,
1212 1378 1293 1443 atque
1319 1371 1407 1443 ipsum
1432 1371 1553 1432 inficiens
1585 1390 1676 1431 aerem
1699 1374 1809 1435 habitus

157 1467 244 1533 viera,
267 1459 430 1528 autminus,
446 1469 492 1517 aut
518 1458 628 1516 minime
642 1461 751 1524 sentiat,
768 1472 819 1514 uec
837 1464 890 1515 tam
904 1474 949 1514 su·
1005 1457 1157 1517 virulentis.
1180 1459 1281 1530 Quidni
1305 1461 1492 1536 confundatur,
1518 1464 1626 1539 siquid
1646 1465 1736 1523 adhuc
1759 1485 1809 1524 su-

159 1555 259 1631 perbiae
272 1561 319 1611 aut
346 1549 464 1618 irrvidiae,
485 1564 565 1622 quam
579 1545 776 1621 flagitiosorum
790 1556 838 1604 aut
851 1546 953 1604 facino·
1006 1554 1096 1623 pereat
1118 1548 1240 1619 rationis,
1259 1548 1293 1605 ad
1308 1550 1390 1607 talem
1413 1553 1520 1609 miserae
1543 1552 1687 1611 voluntatis
1707 1570 1791 1615 occur

158 1657 284 1703 rasorum
298 1638 484 1698 recordatione
498 1643 606 1695 actuum
621 1633 785 1693 mordeatur.
968 1610 991 1691 fl
1006 1653 1065 1693 sum
1079 1642 1105 1693 et
1119 1636 1282 1694 incursum?
1296 1639 1369 1705 llaec,
1386 1639 1485 1713 iuquit,
1499 1648 1541 1698 est
1552 1649 1607 1698 tota
1623 1645 1807 1718 tuieonjngii

464 1743 577 1800 cppuq
590 1742 632 1799 vl,
1006 1724 1084 1796 fides,
1113 1725 1152 1782 sic
1178 1725 1342 1799 compateris
1369 1733 1439 1785 male
1465 1730 1598 1801 patienti?
1625 1730 1715 1806 Usque
1739 1734 1810 1791 adeo

159 1830 724 1914 Difficultotcmconoerrioois,efluctom
734 1829 897 1902 resipiscere
906 1818 955 1901 pa-
1007 1815 1219 1888 euperdolorem
1234 1815 1378 1873 vulnerum
1392 1833 1515 1875 meorum
1528 1816 1629 1876 addere
1645 1816 1810 1894 pepercisti?

324 1906 429 1974 ruatis,
444 1903 577 1976 propitiae
592 1902 790 1975 representet.
1008 1902 1224 1960 Subtrahendnm
1239 1904 1353 1961 forsitan
1374 1923 1407 1964 ex
1421 1907 1601 1965 immoderate
1625 1908 1688 1967 dote
1707 1909 1807 1982 aliquid

194 2003 220 2056 8.
236 1999 270 2054 Et
283 2011 347 2053 ecce
365 1996 461 2050 iterum
476 2007 527 2048 ror
551 1989 584 2045 de
613 1988 731 2044 nubibus
755 1987 848 2043 dicens
864 2005 871 2041 2
887 1986 954 2043 Pec-
1007 1993 1164 2064 videbatnrq
1181 1994 1229 2049 sed
1243 1993 1307 2066 quid
1328 1995 1489 2068 relinquitur
1506 1998 1559 2055 hoe
1572 1998 1701 2054 sublato?
1715 1999 1808 2056 solum

158 2089 236 2154 casti,
253 2085 370 2159 quiesce.
389 2079 506 2153 thuod
522 2077 632 2141 dicitur,
648 2076 699 2132 tale
714 2085 765 2131 est.
780 2076 839 2131 lam
850 2075 955 2131 sentina
1008 2082 1080 2138 hune
1097 2081 1236 2158 languenti
1263 2082 1370 2143 miserae
1396 2085 1555 2158 prestitisti,
1584 2094 1612 2146 et
1638 2088 1728 2145 omnia
1749 2090 1810 2161 eins

158 2176 315 2236 redundans
334 2173 441 2229 domum
460 2181 568 2224 omnem
583 2163 744 2221 intolerabili
759 2162 842 2220 fetore
861 2170 955 2220 conta·
1008 2170 1146 2244 obsequia,
1163 2171 1390 2243 quemadmodum
1409 2174 1639 2242 aint·distributa,
1663 2175 1825 2250 aliquando.

158 2268 256 2324 minat:
286 2258 513 2326 sanumtibiest,
529 2256 596 2312 dum
614 2254 702 2311 adbuc
722 2254 817 2309 sordes
831 2250 954 2322 influant,
1009 2257 1168 2333 cognopjsqp
1183 2259 1259 2317 Nunc
1284 2268 1372 2318 ,utem
1387 2259 1411 2318 si
1426 2261 1475 2318 fibi
1494 2261 1606 2319 forsitan
1619 2264 1709 2321 morbi
1727 2265 1812 2335 huju·

158 2354 319 2423 exhaurire3
347 2350 412 2406 dum
434 2360 549 2419 peceare
572 2359 627 2400 non
646 2340 792 2409 destiteris,
813 2340 955 2413 poeuitere,
1010 2347 1130 2418 pessimi,
1155 2364 1210 2422 quo
1238 2347 1344 2418 laboro,
1369 2349 1466 2424 triplex
1493 2350 1646 2424 malignitas
1674 2354 1825 2413 excidisse.

158 2443 226 2514 0⁰5⁸
240 2442 312 2499 mim
327 2453 420 2495 0⁰l¹¹11¹
429 2433 534 2507 ieiunia
547 2432 655 2506 Pf⁰b0¹2
670 2429 716 2504 (lui
730 2431 763 2485 ad
774 2429 833 2486 Ιῑῑθθ
847 2439 875 2485 et
888 2445 955 2487 c⁰¹¹·
1008 2436 1107 2510 potuit,
1123 2437 1171 2494 sed
1186 2453 1240 2494 non
1257 2438 1333 2495 mihi.
1346 2437 1484 2512 Siquidem
1495 2440 1656 2510 voluptuosa
1670 2457 1741 2508 snm,
1758 2458 1812 2499 ou-

158 2535 294 2590 tentiones
304 2527 439 2599 jeiunaut,
455 2531 482 2579 et
495 2521 651 2596 percutiunt
677 2533 771 2594 pugno
800 2517 891 2591 impie,
909 2519 956 2575 sed
1010 2526 1082 2581 riosa
1101 2541 1171 2593 aum,
1188 2526 1330 2583 ambitiosa
1352 2542 1426 2595 sum;
1450 2534 1477 2584 et
1490 2528 1523 2582 ab
1537 2528 1588 2585 boc
1602 2527 1703 2600 triplici
1716 2529 1814 2591 ulcere

158 2634 185 2682 et
199 2622 352 2678 voluntates
367 2625 394 2671 et
421 2613 579 2684 uoluptates
605 2609 722 2682 proprie
740 2608 914 2664 inveniuntur
927 2607 957 2665 in
1011 2629 1065 2669 non
1081 2620 1123 2668 est
1137 2614 1164 2669 in
1176 2630 1219 2669 mc
1234 2615 1334 2672 sanitas
1347 2630 1363 2671 a
1377 2616 1466 2689 planta
1488 2615 1564 2687 pedis
1578 2633 1663 2689 usquc
1677 2618 1710 2673 ad
1726 2623 1812 2674 uerti·

159 2710 220 2768 eisf
235 2709 294 2765 Non
311 2709 361 2761 tale
381 2710 423 2759 est
441 2699 575 2772 jejunium
603 2696 675 2769 quod
690 2695 769 2767 elegi,
787 2694 850 2752 dicit
864 2695 957 2751 Domi·
1011 2719 1082 2760 cem.
1098 2703 1189 2776 ltaque
1213 2701 1314 2771 fauces,
1339 2713 1366 2761 et
1379 2719 1439 2776 quae
1454 2704 1568 2761 obscena
1593 2713 1657 2760 sunt
1675 2709 1812 2776 corporis,

159 2815 211 2856 nus
234 2797 291 2869 (fao
305 2808 380 2863 nortl,
396 2790 435 2863 5).
451 2791 555 2861 Claude
579 2785 711 2843 fenestras
732 2784 830 2839 obsera
856 2784 955 2852 aditus,
1011 2791 1145 2866 assignata
1169 2799 1232 2849 sunt
1255 2792 1404 2867 voluptati,
1425 2793 1644 2866 quandoquidem
1677 2793 1750 2852 velut
1776 2796 1811 2854 de

162 2887 293 2945 foramina
321 2883 432 2938 obstrue
473 2877 640 2949 diligentem
669 2883 696 2929 et
715 2875 754 2927 sic
769 2873 879 2927 demum
902 2887 957 2927 non
975 2886 1081 2965 nuovo
1102 2897 1213 2938 necesse
1232 2891 1273 2938 est
1292 2882 1551 2956 singulmoenwi·
1572 2882 1638 2938 Nam
1658 2882 1810 2941 curiositati

161 2975 338 3033 subeuntibus
359 2970 445 3036 nouis,
471 2968 567 3046 sordes
591 2963 689 3036 poteris
716 2976 867 3034 expurgare
885 2970 960 3017 retu·
1014 2986 1062 3042 pes
1075 2987 1169 3044 vagus,
1187 2978 1213 3026 et
1227 2970 1443 3043 indisciplinatus
1466 2972 1562 3029 oculus
1583 2969 1757 3029 famulentur,
1772 2975 1808 3029 llq

161 3076 226 3123 stas.
243 3060 459 3120 AEstimatbomo
475 3055 555 3112 facite
570 3052 763 3125 quodjubetur
778 3050 957 3122 implendum,
1013 3059 1123 3115 mimi
1145 3059 1254 3132 quidem
1278 3058 1351 3116 auris
1371 3066 1398 3119 et
1411 3060 1507 3135 lingua
1525 3061 1656 3130 amium,
1673 3060 1735 3116 dum
1761 3078 1811 3133 W

161 3167 287 3228 tanquam
310 3152 423 3224 ignarus
451 3142 574 3201 exercitii
607 3138 766 3212 spiritualis.
791 3136 859 3207 Quis
886 3139 958 3194 enim
1011 3147 1086 3205 illem
1101 3147 1252 3224 impinguat
1266 3155 1348 3221 caput
1371 3166 1462 3206 meum
1476 3149 1567 3207 oleum
1582 3150 1739 3221 peccatoris.
1762 3167 1811 3222 W

161 3244 309 3318 Pf⁰h¹b0³¹r
328 3235 411 3294 ⁴⁸²
440 3233 537 3306 inquit,
559 3227 855 3304 qu⁰¹1¹i¹¹1¹³iffll³0oem
872 3243 957 3284 mfffl·
1011 3238 1081 3293 banc
1094 3237 1153 3309 ipsa
1162 3236 1280 3308 suppleo
1290 3236 1363 3308 quod
1377 3238 1405 3293 in
1431 3237 1558 3295 laudibus
1573 3238 1640 3295 meis
1660 3237 1812 3298 afiiminus

160 3337 217 3390 bris
230 3331 299 3386 meis
308 3329 323 3383 f
333 3325 428 3382 Indicit
443 3323 526 3396 igitur
549 3321 621 3392 gulae
632 3318 746 3390 jejunia,
763 3315 903 3389 crapulam
916 3316 957 3372 in·
1009 3324 1108 3382 secisse
1119 3323 1253 3385 videntur.
1272 3323 1356 3380 Valde
1371 3324 1445 3383 enim
1459 3325 1580 3383 delector
1602 3335 1629 3384 et
1642 3326 1763 3396 recipere
1777 3326 1814 3384 ab

162 3421 279 3486 terdieit,
295 3413 416 3473 obturari
440 3410 561 3484 precipit
574 3423 656 3467 aures
670 3422 704 3463 ue
715 3406 824 3461 audiant
843 3405 956 3479 sangui·
1010 3413 1081 3479 aliis,
1096 3420 1131 3480 et,
1146 3427 1207 3468 curn
1223 3422 1375 3486 opportune
1391 3428 1515 3486 possum,
1531 3413 1614 3470 etiarn
1628 3413 1734 3474 tradere
1748 3414 1809 3474 alli,

161 3529 235 3578 nem,
264 3505 361 3564 avertit
374 3503 469 3561 oculos
497 3516 531 3555 ne
549 3499 656 3555 uideant
677 3495 842 3560 vanitatem
861 3509 957 3550 manos
1009 3493 1103 3559 laudes
1124 3516 1209 3571 meas,
1231 3509 1258 3558 eq
1271 3516 1332 3558 meo
1353 3508 1381 3557 eq
1396 3500 1485 3558 ,peno
1501 3517 1550 3560 om
1565 3518 1673 3575 semper
1697 3503 1820 3577 cupiens:

161 3602 193 3657 ad
205 3595 353 3662 avaritiam,
373 3592 422 3649 sed
445 3587 692 3658 adeleanrospnam
721 3583 808 3656 magis
826 3582 954 3650 extendit,
1011 3589 1160 3663 praediceri.
1184 3590 1233 3646 Cei
1259 3588 1429 3663 potissimum
1444 3592 1539 3649 morbo
1555 3595 1811 3666 tuumquoqnein·

162 3689 262 3762 quibus
285 3684 355 3741 forte
373 3682 492 3736 laborem
508 3678 647 3749 imponere
661 3672 734 3740 velit,
751 3671 897 3744 prohibens
914 3671 957 3727 la·
1009 3678 1121 3754 genium
1140 3677 1259 3750 plurima
1272 3679 1338 3735 solet
1358 3677 1487 3735 adbibere
1503 3679 1633 3736 fomenta.
1654 3681 1739 3738 Porro
1754 3697 1812 3738 ma-

162 3778 287 3846 ²f⁰⁰i¹¹¹³r
303 3774 372 3828 ⁸³⁰¹st
385 3771 513 3841 scripum
523 3776 564 3824 0⁸³
581 3769 645 3836 ²0⁹5
660 3765 884 3838 furabaturl'fm
898 3777 956 3819 tum
1009 3784 1061 3824 nus
1075 3768 1159 3840 ipsas,
1178 3766 1278 3840 quibus
1296 3776 1337 3823 est
1353 3767 1474 3840 undique
1488 3766 1670 3833 libermotus.
1685 3785 1742 3826 nen
1764 3754 1811 3827 nni

161 3870 287 3941 foretur,
304 3863 391 3933 mopis
408 3863 504 3916 celem
523 3858 628 3916 toleret
644 3854 776 3910 meilros
802 3855 861 3909 sois
884 3851 956 3925 quod
1009 3859 1161 3931 specialiter
1174 3857 1253 3914 alicui
1272 3858 1348 3928 operi
1370 3857 1542 3928 deputamus,
1567 3859 1615 3916 sed
1634 3859 1716 3916 modo
1730 3859 1808 3919 rani·

161 3949 468 4018 eorumconsectaria
487 3947 560 4005 “nde
577 3945 684 4003 tributii
701 3943 957 4016 necessitatemve·
1009 3947 1067 4016 tati,
1083 3946 1164 4002 modo
1178 3945 1336 4011 curiositati,
1356 3943 1438 4000 modo
1456 3944 1589 4018 voluptati
1603 3944 1728 4004 sedulum
1744 3946 1812 4004 satis

160 4046 246 4105 ‘imi'
262 4042 373 4117 (Efflfb
390 4055 427 4107 ll.
443 4037 499 4111 28)·
1009 4035 1137 4092 exhibent
1147 4031 1319 4091 famulatum.
1335 4030 1440 4103 Quibus
1459 4032 1497 4089 ita
1510 4034 1657 4107 dispositis,
1673 4051 1730 4092 nou
1744 4034 1813 4094 mihi

196 4139 224 4192 9.
238 4133 382 4200 Caeterum,
394 4128 457 4185 dum
468 4140 532 4183 suas
542 4123 696 4198 quibusque
703 4119 831 4179 membris
846 4120 873 4176 in
883 4117 955 4175 bunc
1009 4125 1068 4182 hec
1086 4122 1231 4181 emoleret
1246 4121 1276 4180 in
1299 4137 1354 4179 uno
1371 4120 1525 4180 satisfacere
1545 4123 1690 4198 aliquando
1714 4131 1821 4201 potue·¹

158 4224 270 4282 ΝΜ
283 4217 573 4292 ¹⁰8⁰⁸P10m⁰¹b³h⁰f
587 4214 694 4271 dem
711 4211 854 4285 Pfoelmi‘r
870 4209 954 4264 intar-
970 4171 1083 4282 urunt,
1098 4213 1169 4286 quod
1192 4226 1247 4270 non
1262 4211 1374 4270 satietur
1387 4210 1480 4269 oculus
1503 4210 1573 4280 visu,
1596 4224 1647 4270 nee
1661 4210 1735 4271 auris
1757 4212 1822 4272 im.¹

158 4314 288 4383 rumpunt
314 4305 404 4362 subito
436 4318 529 4362 vocem
560 4301 689 4374 jubentis,
720 4310 747 4359 et
774 4312 828 4356 uno
854 4296 955 4369 impetn
1009 4303 1113 4377 ploatur
1142 4301 1245 4361 auditu.
1283 4301 1372 4376 Atque
1407 4299 1506 4357 utinam
1535 4299 1605 4378 inter
1631 4300 1811 4376 spectandum

158 4393 388 4461 clamantrilude
402 4393 459 4450 hec
487 4389 667 4463 notareliqio
682 4389 806 4446 tsacere
823 4386 905 4457 jubes
927 4391 958 4441 nt
1009 4403 1095 4449 rorum
1123 4391 1268 4465 anquando
1292 4403 1391 4464 wrm,
1421 4388 1500 4447 fieret
1522 4388 1628 4463 oculus,
1662 4396 1708 4449 w,
1739 4390 1812 4450 im,

159 4493 234 4550 fibli-
252 4481 467 4545 &dinlfnifmf
487 4478 534 4554 qui
553 4477 763 4543 ⁰⁰V58'd0010153
785 4475 886 4542 ⁰bl5⁰¹a
910 4472 956 4547 (lui
1009 4479 1198 4555 prendendum
1225 4479 1254 4536 in
1280 4482 1371 4538 lauces
1391 4478 1511 4537 membra
1525 4477 1617 4537 omnia
1629 4488 1813 4539 verterentur.

158 4580 238 4640 noris
250 4575 357 4653 legibus
369 4568 546 4630 contradicat.
566 4566 633 4639 Quis
640 4565 713 4623 enirn
727 4565 771 4623 ille
780 4575 832 4637 est,
851 4562 957 4634 inquit?
1011 4571 1086 4628 Tunc
1097 4568 1163 4625 misi
1176 4567 1204 4624 id
1220 4567 1354 4625 modicum
1382 4566 1587 4639 consolationis,
1609 4567 1682 4643 quod
1704 4552 1825 4627 mem

159 4675 193 4730 lit
206 4671 267 4726 illa:
282 4665 416 4724 Nimirum
426 4663 572 4734 ipsa„qnae
586 4656 731 4730 paralytica
742 4655 814 4727 jacet
823 4653 851 4709 in
864 4652 965 4740 ticiano,¹
1009 4677 1063 4734 que
1094 4656 1230 4728 mendico,
1269 4664 1355 4713 mutas
1388 4656 1547 4730 surriperet
1575 4658 1657 4726 Diale,
1683 4664 1710 4715 et
1743 4673 1825 4733 eum*

160 4769 189 4820 et
202 4758 271 4818 male
280 4761 433 4828 torquetur.
446 4750 508 4824 lpsa
521 4757 562 4805 est
574 4747 655 4820 enim,
671 4746 701 4802 in
727 4744 806 4817 cujus
834 4757 884 4801 nos
897 4741 956 4817 pri·
1010 4745 1194 4822 indignatione
1229 4752 1256 4803 et
1282 4746 1375 4805 furore
1399 4751 1546 4814 recedens:
1573 4751 1674 4822 Teneo,
1706 4745 1831 4824 inquis.

161 4853 223 4908 dom
250 4843 385 4920 deputasti
403 4837 575 4913 obsequium,
591 4835 614 4893 si
628 4836 747 4910 ignoras,
763 4834 796 4890 ad
828 4833 957 4890 obedien·
1010 4840 1176 4911 longumque
1189 4835 1299 4893 tenebo,

162 4943 226 5000 dum
240 4941 332 5013 utique
346 4929 572 5004 concupiscentiis
582 4929 653 5001 ejus.
667 4925 802 5001 Expalluit
816 4924 902 4981 nriser
921 4922 956 4979 ad
1047 4929 1090 4981 ll.
1105 4925 1166 4980 tam
1179 4938 1244 4984 rero
1266 4923 1363 4982 rationi
1377 4923 1437 5001 ipse
1456 4928 1560 4992 vexatio
1575 4925 1624 4987 der
1646 4921 1811 4985 {arduarum

160 5035 230 5093 bane
243 5042 347 5094 recem,
361 5034 388 5082 et
402 5022 532 5083 confusus
545 5017 689 5079 obmutuit.
700 5017 870 5075 Anxiabatur
883 5014 957 5071 enim
1011 5010 1098 5073 488
1110 5016 1165 5086 jam
1183 5012 1328 5073 innotescit
1339 5018 1509 5092 aliquatenus
1522 5020 1605 5091 huius
1619 5014 1723 5090 neqodl
1737 5014 1810 5072 dim.

163 5126 190 5183 in
203 5135 237 5180 eo
253 5114 365 5192 spiritns
384 5114 455 5187 ejus.
480 5112 520 5168 hc
534 5108 656 5166 membra
682 5104 790 5180 quidem
816 5103 851 5160 ad
878 5116 956 5159 suam
1009 5104 1105 5172 cultae,
1132 5105 1187 5176 jam
1219 5114 1386 5179 proesumpp,
1420 5108 1534 5168 sadum
1556 5105 1705 5167 mum·
1728 5105 1810 5163 vim

161 5223 236 5279 illam
270 5213 482 5276 infelicissimam
505 5207 642 5267 dominam
670 5205 855 5262 incunctanter
883 5213 958 5256 acce·
1009 5191 1082 5251 eninr
1106 5193 1264 5252 memoriam
1293 5194 1373 5268 plena
1395 5196 1603 5267 spurcitiarum
1628 5193 1701 5252 videt
1719 5194 1808 5250 abun.

161 5306 424 5384 despondeamus
443 5299 586 5360 Dominum
605 5295 750 5357 crudeliter
772 5289 954 5369 interpellent,
1009 5280 1118 5341 danum
1131 5282 1199 5340 elias
1217 5281 1374 5359 atquealiss
1391 5282 1503 5345 influere
1521 5286 1630 5370 eordan
1646 5280 1720 5341 ridet
1733 5281 1811 5359 ipsas

160 5408 190 5464 et
203 5397 316 5474 lnperta
341 5393 451 5454 duriora
468 5392 624 5450 momatur.
651 5383 757 5460 Planqlt
774 5382 838 5462 qula
864 5375 956 5458 parel-
1010 5370 1142 5433 fenestras
1153 5372 1235 5435 morti
1253 5372 1359 5452 patulas
1376 5372 1465 5435 obedi
1474 5376 1584 5440 omnino
1596 5389 1650 5437 oon
1664 5387 1767 5451 posseq
1781 5376 1812 5437 st
1847 5418 1853 5427 .

162 5485 262 5585 recem
275 5480 328 5549 slbt
341 5481 449 5553 mom
463 5476 622 5555 tdblbttum,
647 5471 811 5557 prohibitam
839 5466 957 5547 empuis
1009 5461 1083 5556 quod
1098 5462 1189 5529 miso
1198 5463 1349 5545 praedm
1366 5463 1491 5536 telonias
1504 5460 1811 5549 lumttatonlasar.
