3728 5940
168 221 238 282 1143
452 296 454 298 Ι
512 217 680 280 toreholt(
699 217 742 276 ab
760 213 949 277 tutulatos
968 213 1119 278 donatas
1138 218 1178 278 ET
1198 220 1444 282 DOlll'lllthllS.
1752 221 1817 280 llll

167 347 342 403 renissimnm
362 345 460 399 lumen.
477 343 504 398 Si
520 344 603 409 cadis,
616 359 753 414 resurges.
770 341 797 396 Si
820 339 961 410 mergeris,
980 353 1003 431 st
1018 342 1150 399 castitatis
1164 344 1262 400 lilinml
1279 345 1438 403 Beatissimo
1462 346 1546 421 Virgo
1562 348 1656 412 naria,
1674 355 1704 401 ιιι
1733 361 1766 400 os
1780 344 1819 400 ri·
1851 400 1855 419 ,

169 436 297 510 erigeris.
319 434 348 489 Si
362 434 442 504 petis,
460 432 586 504 accipies.
602 433 631 489 Si
641 433 728 497 vadis,
744 430 853 488 evades.
868 429 964 483 Nonne
1018 446 1081 484 uum
1103 433 1158 488 vivi
1179 433 1228 488 Dei
1249 435 1391 505 templum,
1408 434 1525 507 Spiritus
1548 435 1635 492 sancti
1651 435 1818 500 sacrarium,

169 522 309 596 splendida
323 523 506 591 speculatione
530 523 611 590 hujus
631 517 843 590 splendidissimi
866 514 963 571 sideris
1017 518 1083 574 cella
1111 521 1297 595 pigmentario,
1322 525 1454 578 thalamus
1481 524 1590 595 Sponsi,
1616 540 1733 580 aureum
1767 526 1820 582 vitri

174 612 336 684 Theophilus
351 611 490 668 involutus
509 612 543 666 de
571 611 706 681 profundo
726 621 832 664 aeternas
856 607 965 660 damna·
1019 606 1172 665 Salomonis
1195 611 1407 678 reclinatorium,
1423 613 1511 668 lectus
1535 613 1688 668 coelestium
1705 613 1820 683 nuptia-

170 701 251 757 tionis
265 701 409 756 enauvirt
431 702 527 756 Nonne
540 700 767 769 contemplatione
792 699 874 766 hujus
889 711 965 750 sere·
1020 714 1089 764 rum,
1110 707 1198 755 cretus
1221 711 1382 767 aromatum,
1399 703 1538 772 paradisus
1560 703 1681 757 omnium
1699 691 1820 759 delicia'·

147 783 289 844 'tissime
316 789 444 845 claritatis
469 790 591 845 Basilius
613 789 640 842 in
669 788 797 858 precibus
824 785 966 840 exauditus
1021 801 1090 841 rum.
1110 788 1150 842 Tu
1176 788 1254 856 plena
1278 790 1372 860 gratia,
1393 792 1427 845 de
1451 807 1504 861 qua
1525 791 1605 845 nobis
1628 791 1714 862 plene
1742 794 1820 863 plena

170 879 385 934 consolationem
413 879 548 948 accepit‘?
577 879 639 932 llaec
667 877 745 932 stella
774 875 853 928 maris
881 873 965 929 coelos
1020 876 1107 947 gratia
1130 877 1271 943 emanarit,
1282 895 1347 949 quae
1368 881 1446 933 nobis
1460 881 1551 934 omnia
1567 882 1644 935 Pater
1669 897 1736 936 cum
1754 883 1819 937 Filio

171 973 291 1032 exornat,
313 975 397 1022 terras
422 967 545 1036 illustrat,
574 981 648 1020 mare
677 965 817 1031 iliuminat,
839 963 966 1031 abyssum
1020 964 1102 1034 dedit,
1128 976 1155 1020 et
1177 967 1272 1021 merito
1296 967 1402 1022 caeteris
1420 984 1450 1022 es
1466 968 1580 1037 plenior,
1597 970 1659 1040 qtria
1679 973 1820 1028 Dominus

171 1066 303 1126 penetrat.
320 1056 343 1111 Ο
358 1057 496 1126 singulare
511 1056 661 1110 remedium
685 1054 819 1118 omnibus,
846 1053 891 1124 qui
914 1058 967 1106 tam
1023 1059 1119 1110 tccorn
1133 1053 1160 1109 in
1185 1055 1277 1120 corde,
1295 1063 1383 1112 tecum
1407 1057 1433 1110 in
1458 1068 1545 1128 utero,
1562 1066 1650 1114 tecum
1672 1060 1700 1114 in
1726 1077 1820 1129 opere,

171 1160 253 1199 causa
273 1145 396 1215 originis,
418 1160 501 1215 qnam
529 1144 709 1198 damnationis
737 1144 819 1196 Eram
854 1149 968 1194 ciatrem
1023 1152 1112 1199 tecum
1134 1143 1160 1197 in
1186 1146 1284 1209 rerbo3
1310 1154 1407 1216 tecum,
1433 1156 1462 1200 ut
1485 1155 1510 1202 tc
1532 1147 1693 1218 sanctificer,
1716 1161 1821 1217 tecum,

170 1232 405 1297 circumferebant,
434 1233 480 1303 qui
509 1234 536 1286 iu
561 1235 610 1287 has
640 1234 764 1287 tenebras
797 1230 983 1311 exteriores,¹
1024 1242 1052 1287 ut
1074 1244 1098 1286 te
1123 1232 1202 1287 iaciat
1223 1244 1335 1293 matrem
1364 1235 1397 1288 de
1418 1233 1483 1296 hiis,
1509 1236 1628 1307 reginam
1654 1249 1686 1290 oe
1710 1238 1821 1310 ancilla,

172 1321 318 1375 interiores
338 1321 449 1390 projecti
467 1322 531 1373 tartti
550 1320 646 1373 sideris
666 1311 788 1374 claritate
812 1325 969 1389 posttantae
1024 1322 1122 1377 coelum
1147 1321 1179 1375 de
1202 1330 1283 1376 terra.
1308 1324 1444 1378 Dominus
1469 1328 1572 1390 tectior,
1592 1326 1635 1394 qui
1662 1325 1739 1380 misit
1768 1344 1820 1392 me,

171 1411 267 1465 mortis
282 1413 406 1464 umbram
421 1409 592 1464 inueniuntur
609 1409 614 1461 l
633 1409 705 1464 llrnc
723 1411 826 1463 stellam
841 1409 863 1461 si
887 1407 970 1480 aegris
1024 1411 1158 1464 Dominus
1181 1418 1281 1475 tecum,
1297 1411 1343 1482 qui
1366 1411 1485 1481 loquitur
1505 1412 1534 1467 in
1553 1428 1607 1482 me,
1627 1413 1764 1468 Dominus
1779 1427 1821 1470 te·

172 1499 323 1568 inspexeris
337 1499 422 1553 oculis
438 1507 526 1568 sanat,
547 1499 569 1550 si
600 1498 804 1568 proficientibus
818 1498 966 1552 contet-tat.
1022 1515 1096 1563 cum,
1112 1499 1157 1570 qui
1173 1499 1300 1568 praevenit
1315 1515 1369 1552 me.
1386 1499 1441 1554 Sub
1457 1516 1501 1565 eo,
1512 1501 1558 1570 qui
1575 1502 1697 1566 miserat,
1716 1504 1822 1559 discur-

173 1588 236 1642 llaec
246 1584 324 1640 stella
339 1602 402 1640 rere
412 1586 588 1641 medicinales
605 1588 685 1640 habet
699 1586 802 1651 radios,
819 1602 879 1657 qum
896 1585 968 1657 lugat
985 1626 1007 1703 Β
1024 1589 1097 1644 rebat
1115 1586 1238 1660 engaine,
1255 1588 1303 1643 sed
1325 1596 1428 1643 mentes
1450 1589 1590 1659 praevenit,
1608 1591 1671 1661 quia
1689 1592 1820 1648 velociter

172 1677 308 1738 tenebras,
329 1674 382 1730 urit
397 1675 469 1743 uitia,
490 1684 574 1745 auget
588 1675 708 1740 virtutes,
726 1684 751 1730 et
766 1683 867 1745 quante
882 1675 968 1743 tnagis
1024 1676 1146 1732 cucurrit
1166 1690 1254 1727 sermo
1273 1675 1343 1743 ejus.
1366 1677 1440 1730 Deus
1460 1692 1525 1732 vero
1549 1676 1575 1731 in
1599 1679 1674 1732 omni
1695 1687 1821 1751 creatura

172 1763 333 1833 inspexeris,
350 1771 423 1818 tanto
438 1763 526 1835 magis
550 1763 683 1817 illuminat
701 1802 707 1815 .
724 1762 798 1816 Hanc
813 1763 929 1829 stellam,
946 1762 968 1816 si
1023 1775 1073 1830 est,
1096 1763 1298 1835 quodammodo
1324 1779 1383 1817 enm
1409 1763 1545 1836 signiticat
1569 1766 1595 1819 in
1621 1767 1818 1836 propositione,

172 1851 200 1904 in
215 1851 354 1922 profundo
368 1852 406 1905 sis
421 1852 548 1923 suspice;
567 1851 590 1906 si
604 1851 967 1922 uunquamvidisti,nspice;
1023 1869 1084 1909 cum
1109 1852 1206 1907 dicitur
1229 1850 1312 1906 fuisse
1336 1852 1363 1906 in
1386 1853 1471 1907 llaria
1493 1853 1608 1925 virgine.
1624 1856 1653 1910 ln
1677 1858 1820 1928 prophetis

173 1938 196 1993 si
211 1937 328 2007 deluisti,
348 1941 473 2010 respice3
490 1940 511 1994 si
531 1941 616 2012 magis
631 1941 777 1996 illuminari
793 1941 842 2007 ris,
855 1941 967 2012 inspice.
1023 1943 1142 2013 quidem,
1159 1950 1185 1995 et
1199 1940 1331 2012 apostolis
1357 1940 1406 1996 luit
1424 1958 1469 2010 per
1484 1941 1678 1999 inhahitantem
1694 1948 1818 2020 gratiam,

174 2025 236 2081 llaec
250 2026 329 2082 stella
344 2027 414 2082 levat
432 2028 465 2082 de
489 2029 633 2098 profundo,
665 2037 794 2084 monstrat
814 2027 896 2094 viam,
914 2029 968 2083 imo
1023 2029 1070 2086 sed
1092 2030 1172 2098 longe
1196 2029 1274 2086 aliter
1296 2030 1323 2083 in
1348 2029 1471 2101 Virgine,
1487 2046 1548 2100 qnae
1572 2031 1643 2088 iacta
1667 2043 1710 2088 est
1735 2034 1820 2106 ipsius

173 2115 202 2169 in
215 2123 323 2185 portum
339 2116 383 2170 dat
399 2116 456 2170 sine
471 2117 598 2184 periculo.
1023 2119 1169 2176 habitantis
1182 2119 1269 2192 gratia
1289 2118 1382 2193 gratiae
1401 2119 1592 2190 habitaculum,
1608 2130 1636 2176 et
1654 2122 1681 2177 in
1708 2133 1820 2195 utraque

209 2203 325 2259 Domine
339 2204 403 2258 lesu
424 2203 537 2270 Christe,
553 2205 594 2259 sol
608 2205 700 2259 aeterni
717 2205 838 2272 luminis,
854 2205 899 2277 qui
916 2220 968 2260 vo·
1024 2214 1119 2262 natura
1142 2204 1297 2261 inviolatum
1320 2205 1410 2260 Verbo
1435 2206 1493 2261 Deo
1518 2209 1636 2278 praebuit
1656 2210 1818 2281 hospitium.

174 2289 247 2347 luisti
263 2303 292 2345 ιιι
315 2300 399 2348 mater
427 2300 472 2347 tua
494 2299 565 2346 esset
589 2293 665 2348 stella
692 2293 782 2358 maris,
799 2294 969 2363 paratellam
1024 2295 1158 2350 Dominus
1179 2297 1275 2349 tecum
1301 2293 1460 2348 Paternum
1486 2291 1561 2360 Filio,
1580 2297 1712 2352 Dominus
1733 2307 1819 2355 tecum

176 2380 274 2452 ipsam,
291 2397 382 2451 quaeso
403 2380 523 2435 illumina
547 2382 671 2436 tenebras
695 2396 780 2437 meas.
809 2383 871 2437 llaec
894 2384 970 2438 stella
1024 2383 1107 2438 Filius
1129 2397 1191 2436 cnm
1211 2381 1358 2448 Paracleto,
1374 2380 1512 2436 Trinitatis
1533 2400 1615 2452 opere
1637 2385 1769 2442 indiviso.
1790 2389 1821 2442 tn

173 2472 257 2525 maris
272 2469 361 2525 radios
377 2470 457 2525 habet
479 2469 554 2526 coelis
578 2471 762 2537 admirabiles,
786 2472 882 2527 interis
900 2473 972 2527 terri·
1023 2474 1086 2528 ideo
1107 2471 1258 2526 Berredicto
1284 2476 1316 2526 tu
1339 2471 1371 2525 in
1399 2471 1653 2544 arctioribusque
1674 2475 1820 2547 singularis

173 2559 257 2627 biles,
278 2559 356 2614 terris
379 2560 517 2615 salutares.
548 2560 605 2616 Hoc
630 2561 868 2631 praeclarissimum
897 2561 972 2617 sidus
1025 2559 1111 2614 meriti
1128 2559 1425 2627 autumnitatem
1448 2560 1822 2632 mulieribus,qnaemulier

173 2648 353 2718 admirantur,
378 2657 404 2703 et
431 2647 540 2702 landant
554 2655 626 2703 astra
650 2650 790 2715 matutina,
807 2658 834 2704 et
854 2648 971 2717 jubilant
1025 2646 1152 2703 salvatrix
1166 2662 1204 2712 es,
1217 2647 1366 2704 Benedicta
1382 2651 1413 2704 tu
1424 2650 1455 2703 ia
1470 2650 1720 2720 rnulicrilrus,quae
1734 2659 1821 2706 mater

174 2753 268 2795 omnes
297 2736 343 2791 lilii
359 2738 416 2792 Dei.
432 2737 474 2792 Ad
499 2738 579 2804 hujus
602 2739 682 2794 credo
706 2741 853 2794 novitatem
876 2739 972 2793 sideris
1026 2745 1053 2790 ot
1066 2736 1143 2809 virgo
1159 2752 1196 2791 es.
1212 2733 1235 2791 0
1250 2752 1313 2792 vcra
1328 2735 1429 2791 femina
1444 2753 1524 2809 super
1538 2739 1650 2793 feminas
1664 2740 1817 2797 benedicta!

173 2834 229 2880 tota
244 2826 363 2882 fraterna
376 2826 521 2881 multitudo
535 2827 702 2897 proclamat:
716 2828 831 2896 Quoeost
841 2829 897 2882 isto
908 2845 972 2900 pue
1027 2824 1050 2878 0
1066 2825 1207 2880 benedicta
1230 2841 1313 2895 super
1335 2841 1430 2881 omnes
1444 2826 1598 2880 benedictas
1613 2828 1783 2896 praeelecta!
1798 2827 1819 2882 0

173 2917 302 2972 ascendit
316 2915 412 2986 (Cant.
433 2930 474 2984 ιιι,
495 2917 532 2984 6),
545 2923 572 2970 et
586 2923 628 2970 est
642 2914 778 2983 terribilis,
794 2915 876 2986 inque
891 2917 976 2985 portis
992 2928 1091 3009 crore
1102 2913 1242 2982 praeelecta
1252 2928 1334 2982 super
1344 2929 1439 2969 ornnes
1449 2913 1603 2984 praeelectas
1613 2915 1710 2970 unica!
1724 2916 1821 2971 Overe

173 3003 270 3059 interni
289 3013 402 3076 propter
424 3003 554 3059 virtutum
573 3004 672 3074 ouibus
696 3004 852 3074 praeemiuet
882 3007 971 3060 excel·
1027 3017 1133 3073 gemma
1151 2999 1346 3057 inaestimabilis
1360 3003 1393 3056 de
1408 3005 1528 3057 thesauro
1543 3001 1680 3071 sapientia
1697 3003 1823 3058 coelestis

173 3093 291 3149 lentiam.
307 3093 448 3147 Terribilis
462 3078 567 3158 Judaeo,
584 3091 713 3148 terribilis
728 3093 876 3148 llanichaeo
902 3109 972 3164 pro·
1028 3090 1169 3160 producta,
1186 3099 1212 3144 et
1236 3090 1317 3146 totius
1339 3091 1475 3146 Trinitatis
1498 3087 1607 3145 artificio
1628 3088 1822 3157 inseparabili·

173 3191 235 3255 pter
263 3181 453 3236 fecunditatem
483 3180 640 3238 inauditam.
671 3181 831 3249 Terribilis,
862 3182 973 3255 inquam
1029 3188 1068 3234 ter
1081 3179 1223 3234 adornata!
1241 3178 1372 3243 Ontater,
1391 3187 1418 3233 et
1434 3189 1548 3236 matrum
1562 3177 1661 3248 gloria!
1679 3179 1704 3232 0
1725 3180 1821 3254 singu·

174 3270 317 3333 hereticis,
332 3270 377 3341 qui
397 3271 424 3324 in
439 3269 494 3325 filio
510 3270 627 3344 Virginis
645 3277 766 3324 naturam
793 3270 970 3341 contundunt,
1027 3268 1089 3322 laris
1114 3282 1253 3337 puerpera,
1270 3268 1304 3320 de
1328 3268 1407 3333 cuius
1432 3277 1510 3336 partu
1532 3274 1624 3338 stupet
1648 3266 1822 3323 itomanamet

173 3359 215 3413 vel
228 3374 382 3429 personam.
395 3357 537 3412 Terribilis
552 3358 678 3413 omnibus
694 3369 767 3413 certe
782 3360 829 3429 qui
842 3358 877 3414 de
891 3371 972 3431 partu
1027 3355 1101 3419 tides,
1128 3355 1237 3406 miratur
1261 3360 1362 3416 natura,
1387 3352 1454 3421 fugit
1479 3356 1658 3408 consuetudo.
1675 3356 1820 3427 Utmmque

175 3445 294 3517 Virginis
322 3446 485 3514 conjecturis
514 3446 677 3499 naturalibus
708 3446 830 3501 habetati
860 3448 973 3503 coeleste
1026 3443 1097 3496 enim
1112 3454 1194 3509 supra
1218 3437 1351 3493 rationem
1375 3447 1429 3503 est,
1456 3449 1599 3510 utrumque
1620 3443 1739 3498 credere
1762 3441 1819 3497 fida

174 3532 330 3604 mysterium
374 3543 478 3601 terrena
517 3534 749 3603 argumentatione
784 3535 911 3607 sugillant
947 3542 972 3591 et
1026 3529 1150 3584 meritum
1167 3537 1220 3583 est:
1237 3536 1262 3582 et
1277 3544 1338 3599 quae
1349 3538 1433 3581 mater
1442 3528 1530 3600 virgo,
1543 3530 1629 3601 etqui
1641 3531 1717 3586 Deus
1731 3533 1821 3587 horno.

173 3621 329 3677 corrodunt.
346 3620 387 3674 hd
401 3620 483 3690 hujus
498 3623 607 3677 caeleste
630 3622 737 3677 radtum
761 3623 836 3695 lippit
850 3622 970 3687 iudaeus,
1026 3620 1112 3673 llater
1127 3619 1191 3684 Era,
1208 3625 1293 3673 mater
1317 3617 1428 3684 doloris,
1445 3634 1505 3688 quae
1526 3617 1601 3688 prius
1623 3615 1695 3673 filios
1711 3620 1821 3674 damna·

173 3709 330 3765 obtunditur
345 3708 496 3772 haereticus,
512 3710 681 3767 Christianus
706 3709 886 3766 illuminatur.
916 3710 972 3763 Lux
1028 3708 1061 3763 sti
1075 3723 1155 3779 quam
1180 3722 1298 3778 pareres,
1316 3707 1479 3776 amplectere
1495 3722 1555 3761 curn
1576 3706 1706 3760 omnibus
1720 3707 1823 3762 filiabus

173 3798 255 3867 euim,
269 3812 330 3869 quaa
344 3812 426 3852 sanos
443 3798 560 3854 delectat
576 3803 677 3868 oculos,
696 3815 787 3869 aegros
811 3796 935 3854 ostendit.
1027 3798 1113 3869 pedes
1127 3798 1208 3864 hujus
1222 3812 1301 3851 norae
1317 3795 1419 3859 matris,
1436 3795 1498 3867 quia
1514 3796 1571 3865 ipsa
1596 3794 1662 3850 tollit
1685 3797 1821 3866 antiquam

211 3882 294 3942 709
309 3886 320 3923 ²
335 3885 393 3941 Tibi
414 3894 512 3952 autom,
531 3886 649 3943 elidetis
664 3887 761 3951 anima,
790 3885 871 3952 ltujtts
887 3885 972 3942 stellae
1028 3886 1243 3951 amaritudinem,
1261 3886 1329 3940 tollit
1352 3885 1538 3957 opprobrium,
1558 3883 1687 3939 rescindit
1710 3884 1822 3940 damna-

172 3975 265 4032 radius
279 3976 394 4030 illustrat
409 3977 507 4031 mentis
522 3977 616 4041 aciem,
630 3986 657 4032 et
679 3974 791 4044 depellit
811 3973 971 4030 caecitatem.
1028 3977 1110 4032 tionis
1125 3976 1345 4048 chirographum,
1361 3973 1433 4029 delet
1448 3973 1684 4044 proscriptionem.

172 4064 485 4135 Haecestenimprotio
504 4067 598 4137 pleno.
626 4064 714 4128 Plena,
731 4062 853 4135 iuquam,
883 4065 974 4121 dulce·
1065 4065 1201 4133 OVirgo,
1218 4063 1416 4135 virganobilis,
1434 4063 1607 4133 virgalesse,
1628 4078 1777 4134 perquam
1801 4061 1825 4117 in

172 4152 249 4218 dine,
271 4153 353 4224 plena
378 4155 452 4208 omni
474 4154 613 4209 suavitate.
642 4154 713 4207 llanc
746 4154 818 4208 enim
849 4155 974 4210 inuentor
1031 4171 1106 4210 ramo
1133 4153 1278 4218 convaluit,
1304 4153 1377 4224 quod
1406 4152 1523 4221 perierat
1549 4151 1575 4204 in
1606 4150 1712 4206 radice.
1740 4151 1825 4206 Radix

173 4243 319 4316 gratiarum
343 4244 475 4308 omnium,
507 4242 666 4297 distributor
694 4242 899 4309 charismatum,
925 4244 975 4299 Pa·
992 4243 1213 4322 namaritudinis
1235 4244 1299 4307 Eua,
1321 4242 1397 4297 radix
1423 4249 1531 4295 aeternae
1552 4238 1704 4295 dulcedinis
1728 4240 1824 4295 Maria.

173 4331 328 4386 recletnsin
343 4333 468 4387 accubitu
481 4331 563 4387 toties
579 4331 720 4386 Trinitatis
739 4339 865 4405 tanquam
880 4334 973 4408 regale

173 4414 304 4488 palatium
332 4426 427 4473 ornatu
460 4417 574 4472 mirabili
609 4418 785 4489 praepararit.
824 4418 974 4475 slidilicarit

173 4505 247 4563 enim
261 4506 314 4562 sibi
327 4508 439 4563 domum
461 4507 488 4561 in
504 4522 536 4561 ea
559 4505 607 4560 Dei
627 4507 769 4576 sapientia,
789 4517 815 4562 et
838 4508 973 4578 spirituali

175 4596 409 4665 operecolumuas
431 4597 459 4650 iu
487 4610 519 4650 ea
543 4604 652 4665 septem·
675 4595 761 4650 erexit
778 4640 785 4661 ,
801 4597 866 4650 dnm
899 4597 973 4651 illum

173 4685 258 4757 virgo
272 4685 387 4759 gestavit
401 4687 429 4739 in
443 4695 532 4752 utero,
561 4686 590 4738 in
610 4699 662 4755 quo
687 4686 775 4740 omnis
801 4683 974 4754 pulchritudo

171 4773 319 4832 divinitatis
332 4774 513 4842 corporaliter
529 4773 670 4828 habitavit.
686 4773 715 4829 Si
736 4790 797 4830 vasa
821 4776 975 4848 pigmento-

173 4880 232 4924 'tttm
253 4864 299 4919 din
314 4873 421 4918 serrant
435 4874 588 4920 aromatum
606 4864 789 4936 tragrantiam,
808 4874 834 4919 et
859 4865 907 4920 diu
931 4883 973 4922 re

174 4953 263 5010 tinent
290 4951 411 5017 odorem,
442 4967 523 5023 quem
564 4952 639 5024 prius
670 4960 843 5025 receperunt,
873 4965 973 5024 quanto

174 5042 265 5116 magis
280 5042 411 5114 apotheca
425 5041 546 5098 omnium
566 5041 724 5113 gratiarum,
748 5041 841 5113 inqua
856 5043 976 5100 coelestis

172 5131 371 5204 pigmentarius
386 5146 448 5186 cum
462 5130 589 5187 omnibns
604 5131 662 5185 suis
676 5131 822 5203 unguentis
848 5131 974 5186 sacello·

175 5222 254 5288 cavit,
272 5227 298 5277 et
322 5237 383 5276 curn
413 5222 540 5277 omnibus
566 5220 670 5277 deliciis
693 5221 827 5284 accubuit,
852 5221 972 5286 dardos,

174 5309 293 5380 Virginis
307 5310 385 5366 dedii
399 5311 512 5367 odorem
527 5326 613 5366 suurn
623 5310 719 5381 (Cant.
738 5324 758 5375 t,
776 5311 832 5380 tt),
846 5319 973 5377 etregem

178 5397 212 5452 de
224 5396 350 5454 accubitu
365 5398 460 5470 gloriae
475 5398 592 5468 attraxit,
607 5407 633 5453 et
647 5398 784 5469 virginalis
798 5397 867 5454 aute
881 5413 974 5454 sacra-

176 5484 249 5540 rium
278 5486 436 5556 angelorum
462 5487 602 5557 plenitudo
625 5485 792 5557 implerito
820 5485 973 5544 intiolahile

1028 4335 1090 4389 ttae
1106 4342 1147 4387 est
1161 4331 1293 4396 miranda,
1310 4339 1336 4386 et
1351 4328 1560 4400 profundissima
1575 4328 1763 4398 dispensatrix
1780 4345 1826 4384 sa-

1031 4420 1150 4486 pientiae,
1173 4435 1233 4490 quae
1261 4419 1320 4473 talis
1345 4417 1419 4487 virga
1448 4426 1574 4472 nascetur
1599 4415 1632 4470 de
1656 4416 1703 4470 tali
1734 4417 1825 4473 radice

1028 4507 1090 4563 talis
1113 4507 1168 4562 litia
1190 4510 1222 4562 de
1247 4506 1292 4562 tali
1316 4515 1410 4570 matre,
1432 4506 1493 4560 talis
1515 4504 1600 4559 libera
1623 4503 1657 4557 de
1684 4504 1730 4560 tali
1757 4522 1824 4577 pro-

1028 4598 1138 4667 scripta,
1165 4597 1224 4651 talis
1249 4594 1403 4666 imperatrix
1426 4595 1460 4649 de
1489 4595 1534 4648 ta'i
1558 4591 1676 4662 captiva,
1698 4602 1753 4648 tam
1774 4593 1825 4649 tlo-

1030 4702 1091 4743 rens
1112 4701 1173 4740 rosa
1192 4686 1225 4740 de
1240 4693 1294 4740 tam
1309 4685 1384 4739 sicca
1399 4681 1491 4755 spina!
1510 4683 1593 4737 llatae
1609 4692 1653 4738 tua
1668 4682 1712 4737 rix
1728 4683 1826 4738 habuit

1028 4774 1221 4840 innocentiam,
1236 4787 1262 4828 ot
1282 4773 1380 4827 amisit.
1403 4773 1451 4828 Vix
1471 4774 1554 4835 stetit,
1570 4779 1598 4826 et
1620 4771 1731 4826 cecidit.
1749 4773 1825 4829 Non·

1029 4866 1091 4918 dum
1109 4870 1256 4934 pepererat,
1279 4870 1305 4914 et
1321 4859 1471 4916 nascituros
1485 4859 1631 4915 damnavit.
1650 4858 1705 4913 Sed
1720 4859 1825 4916 beatis·

1029 4954 1097 5008 sima
1115 4952 1190 5021 virgo
1214 4952 1295 5006 llario
1310 4957 1403 5005 contra
1418 4947 1571 5002 letltilernm
1588 4946 1723 5002 suasionis
1740 4965 1825 5004 uene·

1029 5058 1092 5097 nutu
1117 5042 1187 5098 lacta
1210 5049 1249 5095 cst
1272 5039 1360 5110 regale
1384 5038 1544 5099 antidotum,
1561 5046 1590 5092 ut
1617 5051 1648 5091 et
1672 5051 1724 5091 suo
1751 5051 1827 5094 utero

1030 5139 1195 5200 praepararet
1217 5127 1356 5183 medicinae
1371 5127 1491 5182 caelestis
1505 5140 1643 5179 arcanum.
1661 5122 1752 5181 Tuas
1768 5143 1829 5182 rere

1028 5219 1170 5276 benedicta
1183 5217 1212 5272 in
1228 5216 1393 5285 tnulieribus,
1409 5213 1474 5285 ‹pria
1489 5220 1515 5267 ιιι
1536 5228 1564 5266 es
1590 5213 1655 5267 mira
1677 5214 1828 5282 medicina,

1029 5308 1161 5380 virginum
1198 5309 1290 5370 decus,
1320 5303 1481 5360 innocentiae
1510 5302 1659 5370 ¹speculum,
1693 5304 1830 5360 castitatis

1028 5397 1193 5465 exenrplnm,
1219 5393 1380 5468 integritatis
1403 5392 1501 5455 forma,
1518 5400 1546 5469 ut
1571 5390 1746 5473 adducantur
1773 5393 1829 5467 regi

1027 5485 1163 5558 rirghres;
1186 5484 1269 5540 servit
1288 5482 1306 5536 ii
1346 5481 1423 5556 virgo
1438 5488 1524 5536 mater
1539 5478 1634 5551 prima,
1651 5492 1678 5535 et
1693 5482 1830 5551 proxime
