3728 5940
104 199 173 261 tots
209 249 211 254 .
458 195 621 261 chilim
639 194 804 262 undisoni
825 194 1175 263 rururrouuuno1.-
1195 196 1385 289 souqtltlo.
1675 196 1744 264 toto

102 326 226 400 rogerivs
242 325 320 382 rostri
336 323 756 400 VirginiserrareturtPrimum
769 326 896 401 equidem
950 327 993 384 rel
1017 328 1158 387 beatorum
1183 327 1350 403 Angelorum
1384 342 1461 384 suurn
1498 327 1640 385 eonsilium
1670 328 1744 387 Dens

103 425 146 472 est
167 422 282 486 ternpus,
293 414 445 471 secundum
459 414 543 482 locus,
560 416 667 472 tertium
684 418 791 485 modus,
813 435 896 491 quer·
951 417 1105 492 priusquam
1119 417 1234 492 Virqiui,
1249 404 1525 490 revolasse'putelnr,
1542 426 1656 490 excepto
1671 420 1743 476 durr-

104 514 158 561 tum
172 504 267 561 electio
291 518 415 575 personae
430 502 576 581 rirgiuslis.
603 507 659 563 Hoc
683 508 816 583 responde
839 507 895 563 ire·
951 514 1022 564 texui
1035 508 1198 581 archangelo
1209 506 1347 564 Gabriele.
1358 509 1443 564 Suum
1454 507 1596 565 consilium
1607 506 1744 573 dixit,uon

101 593 196 660 tribus,
209 593 254 664 qui
279 607 322 647 me
346 593 547 663 reprehendunt
560 594 634 665 quod
648 594 761 653 dixerim
785 598 819 654 od
839 598 896 654 lou·
949 595 982 672 dp
997 613 1089 670 opere,
1105 598 1153 656 sod
1168 597 1202 653 de
1216 597 1307 669 operis
1321 606 1452 669 tempore,
1464 599 1499 655 rto
1512 598 1585 664 loro,
1600 595 1635 652 de
1652 596 1743 660 modo,

100 682 162 737 deor
171 679 301 754 Virginis,
313 679 373 735 ideo
388 684 505 751 positum
524 699 586 740 esse
609 701 628 740 a
642 686 704 751 Deo,
724 701 758 742 no
772 686 815 743 cui
830 686 897 745 torta
949 687 983 742 de
999 702 1120 758 personne
1134 703 1241 760 quoquo
1255 686 1394 744 electione.
1412 687 1487 743 itale.

116 803 1747 845 w

473 900 787 996 ADMONITIO
817 905 873 992 IN
921 903 1254 996 OPUSCULUM
1287 904 1366 994 xl.

136 1096 259 1156 ΜΗ.
275 1102 431 1171 Epistulam
449 1106 621 1174 sequentem,
636 1120 700 1176 quse
716 1104 796 1162 inter
810 1106 1001 1162 Bernardinas
1016 1104 1114 1164 ordine
1128 1106 1284 1163 centesima
1297 1106 1481 1176 nonoqesimo
1500 1108 1553 1169 est,
1570 1105 1697 1161 liorstlus
1714 1106 1745 1160 in

101 1171 219 1229 classem
229 1175 409 1228 tractatuum
419 1173 452 1231 oh
461 1175 588 1247 epistole
596 1176 795 1247 prolixitatem
805 1193 838 1232 ac
853 1180 983 1233 marone
996 1177 1167 1248 diqnitatem
1176 1177 1285 1247 rejecit.
1302 1176 1415 1244 Scripta
1430 1177 1494 1247 tuit
1503 1179 1647 1232 occasione
1665 1177 1744 1232 darn·

100 1249 236 1300 oratorum
254 1244 392 1300 Ahoeiardi
406 1261 533 1302 errorum
547 1247 578 1301 in
593 1247 694 1316 syuodo
706 1248 868 1312 Senanensi,
892 1264 976 1320 quom
994 1264 1069 1304 anno
1085 1251 1154 1302 llio
1170 1249 1313 1320 frequenti
1328 1247 1541 1304 Gallicanorum
1551 1249 1744 1319 episcoporum

100 1330 242 1380 consessu,
263 1321 403 1387 presente
422 1332 484 1385 reqe
500 1317 635 1374 ludovico
647 1319 774 1383 iuniore,
793 1319 964 1376 celebratam
983 1320 1110 1375 diximus
1131 1321 1163 1374 in
1185 1320 1261 1375 notis
1277 1318 1314 1372 ad
1332 1319 1481 1390 epistolam
1495 1320 1680 1376 centesimam
1695 1335 1744 1376 oc-

101 1388 433 1457 toqcsirnornseptimam.
445 1388 478 1442 tn
489 1388 624 1459 Synodion
638 1390 767 1459 epistola,
780 1393 928 1462 queinter
942 1390 1133 1448 Bernardinos
1147 1394 1188 1446 est
1201 1390 1653 1459 centesimanonaqesimaprima,
1670 1394 1698 1444 et
1712 1392 1744 1445 in

100 1459 161 1513 alio
172 1474 236 1529 quer
251 1459 330 1513 modo
344 1461 386 1515 est
399 1458 498 1514 ordine
513 1461 710 1516 trecentesima
722 1461 903 1532 tripesimose
924 1463 1006 1524 tima,
1019 1461 1182 1518 Innocentio
1192 1476 1273 1531 papie
1292 1460 1456 1528 siqnificaut
1469 1461 1579 1523 Patres,
1603 1458 1745 1517 theotardi

100 1545 208 1586 errores
222 1544 240 1583 a
253 1545 282 1586 se
297 1529 455 1591 damnatos,
468 1532 578 1586 intacto
590 1536 715 1594 auctore,
728 1533 799 1602 quod
814 1534 850 1588 ad
863 1551 892 1589 se
969 1532 1153 1604 apostolicam
1168 1531 1358 1604 appellasset:
1369 1532 1453 1601 atque
1468 1546 1597 1587 errorum
1611 1531 1744 1602 caminia

103 1601 241 1672 «plenius
260 1601 400 1657 contineri
418 1602 450 1656 in
462 1602 569 1657 litteris
578 1600 687 1658 domini
701 1603 878 1660 senonensis.
892 1623 905 1654 u
927 1606 980 1658 llos
996 1603 1108 1659 litteras
1123 1618 1181 1659 non
1203 1601 1276 1657 ulios
1295 1616 1353 1657 esse
1374 1601 1526 1663 credimus,
1545 1618 1630 1673 quam
1645 1601 1741 1658 suhse·

100 1676 235 1744 quentern
249 1672 385 1729 Bernardi
395 1673 555 1743 epistolam,
571 1674 603 1728 in
616 1690 673 1744 qua
689 1674 826 1742 eiusmodi
835 1674 962 1746 capitula
974 1675 1151 1744 referuntur.
1167 1673 1345 1744 strictimque
1358 1671 1542 1741 refelluntur.
1557 1673 1659 1728 Eadem
1673 1677 1743 1729 sunt

99 1744 239 1815 capitula.
255 1759 318 1814 que
330 1743 465 1813 Goutrida
475 1744 641 1800 tarnatensi
649 1745 773 1816 episcopo
782 1749 810 1800 et
820 1744 960 1802 Berrrardo
971 1745 1117 1802 direxerat
1129 1743 1305 1806 duillelmus,
1313 1758 1349 1798 eu
1357 1743 1471 1799 Sancti·
1477 1743 1636 1800 Theoderici
1645 1743 1743 1801 ohhate

100 1819 171 1870 tunc
185 1814 341 1869 menoetius
357 1815 538 1883 lqniacensis.
549 1815 594 1869 uti
608 1819 727 1885 apparet
738 1831 774 1871 ee
788 1817 847 1886 ejus
859 1817 963 1872 titteris
975 1817 1108 1886 superius
1122 1814 1207 1871 editis
1220 1816 1297 1870 inter
1308 1814 1509 1870 Bernardinas.

137 1890 163 1940 2.
178 1885 308 1954 Capitale
323 1886 379 1940 isto
393 1885 500 1955 partim
510 1884 563 1940 sihi
576 1885 648 1955 palso
661 1887 792 1957 imposita
807 1892 975 1957 conquestus
989 1891 1040 1951 est,
1054 1887 1162 1958 purtim
1175 1901 1226 1957 pro
1240 1887 1301 1942 suis
1319 1887 1418 1956 aquito
1436 1887 1562 1942 correxit
1579 1884 1742 1942 rihelardus

98 1956 132 2011 in
146 1956 350 2028 Apoloqiasua‚
367 1954 398 2009 in
408 1971 463 2026 qua
481 1955 669 2025 hemardum,
681 1961 816 2028 tanquam
831 1960 950 2015 unicum
963 1958 1158 2015 aduersarium
1172 1972 1267 2018 suurn,
1290 1961 1323 2012 ut
1345 1956 1500 2013 delatorem
1515 1956 1587 2012 rualr'
1604 1973 1675 2013 num
1691 1960 1743 2011 aut

98 2026 347 2083 inconsideratum
364 2027 472 2097 passim
487 2025 609 2082 lacessit.
625 2029 765 2083 Berrurrdi
789 2032 984 2100 patrocinium
1008 2027 1139 2086 adversm
1163 2043 1209 2085 eas
1228 2028 1389 2084 calrrmnius
1415 2043 1493 2084 susce
1514 2043 1560 2084 erc
1593 2043 1628 2082 uo
1652 2028 1743 2100 ipsius

100 2097 241 2153 Adcelordi
255 2096 395 2168 quondam
408 2095 580 2166 familiares,
597 2099 646 2170 qui
664 2101 698 2154 ah
712 2101 773 2171 ejus
789 2101 931 2157 errorihas
948 2098 1062 2156 taudem
1076 2101 1267 2170 resipuerant,
1294 2098 1459 2168 (laufridus,
1483 2044 1624 2154 themodi·
1645 2103 1742 2169 postea

100 2170 253 2233 notarius,·
273 2171 301 2223 et
316 2168 432 2240 quidam
446 2168 528 2225 ahhos
544 2184 700 2239 anorqpmus
717 2190 728 2219 r
747 2171 897 2241 ll'iqrorum
910 2172 1146 2228 monachorumr
1166 2172 1320 2241 Utrumque
1337 2170 1397 2225 desi
1434 2172 1531 2226 armat
1561 2167 1696 2226 chesnius
1710 2185 1741 2225 m

102 2241 180 2296 Notis
191 2239 227 2294 ad
245 2238 441 2296 ethelardum:
456 2239 504 2297 sed
518 2240 665 2296 omhorum
680 2241 818 2312 opuscula
830 2243 911 2300 modo
925 2244 999 2314 tppis
1010 2242 1089 2299 edita
1103 2243 1216 2298 suntin
1231 2244 1307 2296 torno
1321 2256 1393 2313 quar
1407 2257 1423 2297 o
1438 2238 1618 2297 Bibliothecae
1634 2240 1741 2296 Cister-

100 2312 219 2367 cr'ensis:
235 2310 422 2366 nhieruditus
437 2311 527 2367 editor
552 2312 722 2368 Bertrandus
742 2312 1021 2386 Tisser'usahseroot,
1036 2312 1163 2369 ahhatem
1175 2315 1264 2367 istum
1278 2326 1450 2382 anonymum
1465 2311 1557 2366 olium
1567 2325 1652 2366 essee
1668 2310 1742 2366 Guil-

102 2382 186 2438 lclmo
202 2381 482 2438 Sancti-Theoderici.
500 2382 585 2437 Ahhas
598 2399 680 2453 porro
695 2386 757 2438 erut
772 2387 804 2438 in
817 2330 948 2452 dranosa,
959 2384 988 2439 id
1002 2387 1045 2440 est
1059 2385 1090 2438 in
1104 2384 1254 2455 metropoli
1268 2383 1423 2438 Senanensi
1450 2381 1493 2437 aet
1515 2381 1655 2447 tremensi,
1672 2384 1742 2437 teste

103 2453 247 2522 Garrtrido,
258 2457 290 2509 ut
310 2469 377 2509 moa
391 2452 564 2519 uidehimus,·
580 2456 690 2526 tresque
705 2455 798 2518 lihros,
811 2455 946 2511 aduersus
964 2454 1142 2511 Aharlordnrn
1154 2471 1171 2508 u
1185 2470 1215 2509 se
1229 2454 1359 2523 scriptos,
1371 2453 1481 2523 Huqoni
1496 2452 1743 2522 tiotomaqensium

101 2522 309 2594 archiepiscopo
324 2523 472 2580 dedicauit.
488 2527 559 2580 Eum
574 2544 584 2573 ι
602 2524 748 2580 dominum
761 2544 772 2573 r
785 2540 871 2580 suurn
886 2529 966 2581 uocat
983 2526 1071 2581 initia·
1093 2524 1159 2580 lihri
1174 2523 1305 2586 secundi,
1329 2525 1451 2594 itemque
1475 2523 1665 2578 clarissimum
1688 2524 1743 2577 Ro-

101 2595 305 2666 tornaqeusium
320 2594 486 2650 lucernam:
501 2595 549 2667 qui
558 2595 697 2652 catholico
712 2598 831 2666 pectore,
847 2597 951 2667 inquit,
966 2597 999 2653 de
1009 2597 1064 2653 Deo
1076 2599 1122 2651 tuo
1132 2596 1228 2661 sentis,
1243 2593 1380 2651 catholico
1395 2608 1441 2651 ore
1455 2593 1586 2666 loqueris,
1601 2596 1631 2651 et
1644 2591 1743 2650 catho-

102 2665 160 2722 lica
174 2681 263 2720 rnanu
278 2665 389 2720 certeris
404 2666 588 2722 excellentius
604 2667 737 2722 scrihis.»

136 2738 210 2791 alise
223 2737 359 2807 capitulis
373 2750 505 2792 errorum
519 2735 664 2792 Ahoetardo
687 2738 848 2809 imputatis,
863 2737 991 2809 quiedam
1010 2738 1041 2794 in
1061 2738 1186 2808 culpatis
1200 2738 1261 2806 ejus
1279 2734 1407 2808 operihus
1431 2734 1637 2793 desiderantur.
1669 2734 1743 2792 llnde

98 2806 233 2863 nonnulli
246 2808 419 2863 occasionem
432 2807 582 2877 arripiunt
596 2809 788 2865 insimulandi
804 2810 989 2872 hemardum,
1005 2810 1087 2881 quasi
1100 2806 1242 2864 dhrelordo
1256 2808 1341 2879 fuisos
1351 2822 1458 2864 errores
1468 2807 1631 2876 affinxerit,
1642 2809 1744 2862 etcum

100 2879 186 2934 larris
197 2881 282 2948 atquc
296 2877 403 2932 unrhris
413 2876 600 2932 dimicaverit.
613 2879 768 2935 Atconstat
777 2881 922 2951 plerosque
936 2882 1023 2936 etiarn
1033 2882 1065 2936 in
1079 2880 1200 2949 oulqatis
1210 2880 1322 2952 scriptis
1332 2894 1441 2936 errores
1450 2877 1672 2951 depreheudt,ut
1684 2878 1744 2932 suis

101 2948 168 3005 iocis
182 2947 360 3003 ostendemus
370 2966 378 3002 .·
389 2949 458 3011 ct‚si
472 2965 525 3020 qua
538 2950 664 3019 amplius
673 2967 730 3005 nan
744 2955 911 3010 ecstantea
924 2952 1066 3022 quondam
1075 2953 1105 3006 in
1115 2951 1174 3022 ipso
1186 2949 1328 3006 Ahcelordo
1340 2950 1436 3020 lepisse
1453 2948 1636 3005 Guillelmum
1647 2948 1745 3003 Sancti

104 3019 271 3083 Theoderici,
286 3019 467 3089 Gausridum,
483 3019 645 3077 etahhetem
656 3021 741 3077 illurn
769 3037 945 3090 anonymum
964 3021 1104 3077 ethelardi
1113 3021 1253 3093 qrcorrdum
1268 3021 1451 3090 discipulum,
1463 3022 1511 3091 qui
1524 3023 1552 3075 et
1560 3020 1743 3089 praeceptoris

99 3092 147 3146 sui
161 3089 322 3146 doctrinam
341 3090 470 3158 callehat,
489 3094 517 3147 et
527 3090 609 3147 oerha
620 3093 682 3163 ipsa
697 3095 794 3163 refert,
804 3095 851 3148 nti
865 3096 893 3148 et
909 3091 1087 3153 Guillelrnus.
1105 3094 1165 3146 turn
1179 3109 1216 3148 ee
1227 3092 1367 3162 Apoloqia.
1382 3095 1444 3146 tum
1457 3107 1494 3145 ex
1512 3089 1655 3160 Theoloqia
1670 3088 1743 3144 Ahar-

100 3159 185 3228 lardi,
197 3161 297 3234 quaein
307 3160 390 3218 editis
399 3177 457 3218 non
467 3166 642 3233 conr-parent.
654 3165 686 3219 lit
698 3167 775 3221 certe
786 3161 1014 3233 Ahmlocdusipse
1026 3164 1059 3219 in
1073 3162 1141 3218 lihro
1155 3164 1275 3219 sectando
1285 3162 1483 3218 commentarii
1492 3175 1576 3232 super
1587 3160 1743 3242 Epistulam

100 3230 137 3287 ad
153 3234 299 3296 Romanos,
315 3250 378 3304 paq.
395 3235 457 3297 hiri,
473 3233 601 3302 quoedmn
622 3235 655 3288 in
678 3236 822 3305 Theoloqia
834 3250 886 3290 sua
915 3232 1071 3298 tractanda
1088 3237 1222 3296 reservat,
1239 3233 1273 3290 de
1299 3232 1398 3317 quihus
1416 3233 1501 3288 nulla
1519 3233 1625 3287 mentio
1648 3235 1691 3287 est
1711 3232 1742 3286 in

99 3304 848 3444 ‘lt'tiltrttttlitltttulltttlttlli?
861 3303 1682 3446 2rt.tittttultltltlttliltriilitio..
1700 3374 1745 3429 o

99 3445 222 3504 soleant.
242 3444 421 3501 hemardum
432 3461 513 3508 coeco,
528 3451 563 3501 ut
576 3450 669 3512 aiunt,
687 3449 748 3504 uelo
765 3435 922 3520 impulsum
942 3447 1031 3516 fuisse
1044 3448 1247 3503 criminentur.
1266 3447 1372 3502 Saltem
1391 3461 1455 3502 cnm
1474 3444 1619 3501 theotardo
1641 3445 1700 3516 ipso
1715 3448 1744 3500 et

99 3517 162 3583 eius
173 3514 317 3584 defensore
328 3515 495 3585 Berenqario
506 3522 661 3586 aquascant
677 3519 801 3578 modern.
818 3535 882 3575 eum
902 3518 933 3572 in
948 3517 1118 3586 quihusdom
1133 3532 1253 3573 errasse.
1267 3519 1309 3574 lta
1320 3518 1446 3580 enimse,
1461 3517 1588 3588 quamuis
1596 3531 1656 3571 non
1669 3516 1743 3571 sotis

100 3600 137 3640 en
150 3586 257 3647 animo,
268 3600 349 3639 reum
362 3588 487 3654 umescit
502 3586 535 3639 in
548 3587 698 3642 nonnullis
711 3588 872 3643 Ahoetardus
887 3588 920 3641 in
935 3587 1066 3657 Apolaqia
1080 3603 1141 3651 sua,
1157 3589 1204 3643 uhi
1219 3587 1278 3641 loe
1291 3586 1395 3643 oerha:
1414 3603 1426 3637 s
1442 3587 1549 3657 Scripsi
1562 3588 1638 3656 sorte
1647 3586 1744 3657 aliqua

97 3672 151 3729 per
165 3669 300 3720 errorem,
315 3670 378 3726 qure
392 3671 450 3711 non
464 3658 609 3726 oportuit:
625 3655 672 3712 scd
683 3658 769 3712 Deum
784 3662 881 3714 testem
895 3661 923 3711 et
932 3657 1063 3727 judicem
1076 3659 1107 3710 in
1121 3659 1249 3712 animam
1265 3674 1357 3712 mecam
1372 3657 1480 3720 invoco,
1504 3658 1572 3726 qaia
1590 3657 1623 3709 in
1642 3654 1695 3723 his,
1712 3655 1745 3711 de

100 3727 197 3798 quihus
210 3740 335 3792 accusor,
347 3724 390 3779 nil
404 3741 454 3797 per
463 3727 608 3781 malitiam
618 3731 668 3781 aul
681 3728 840 3797 supertiam
848 3728 1026 3798 presumpsi.
1040 3747 1050 3776 r
1064 3728 1127 3782 Esto
1142 3728 1238 3797 itaque
1248 3727 1402 3789 malitiam,
1412 3730 1497 3796 atque
1511 3727 1598 3781 etiam
1613 3724 1744 3780 heresim
1771 3719 1775 3754 ¹

100 3797 171 3853 aheo
182 3811 323 3852 remouere
342 3797 444 3852 liceat:
460 3799 492 3851 at
505 3811 612 3853 errores
628 3797 731 3852 saltem
744 3798 863 3868 aliquos,
883 3812 982 3854 uocum
996 3811 1135 3853 nortorum
1150 3797 1453 3863 studiumleuitutem,
1469 3797 1577 3866 farsum
1592 3797 1679 3852 etiam
1693 3811 1744 3851 su·

99 3868 227 3942 perhiam
240 3870 268 3925 ct
283 3869 501 3924 contentionum
516 3870 599 3938 pruri
617 3870 693 3925 incur
707 3870 739 3925 in
754 3885 784 3924 eo
799 3867 981 3925 dissimulare
995 3884 1054 3922 non
1070 3866 1143 3924 licet.
1162 3868 1215 3924 Sed
1230 3866 1344 3922 demrrm
1360 3866 1542 3923 lnrrocentius
1557 3867 1693 3938 rescripto
1708 3865 1744 3922 od

101 3941 241 4010 episcopos
256 3940 339 3993 misso
355 3938 497 3995 hominem
512 3887 619 3995 recludi
634 3940 718 4006 iussit
732 3941 846 4012 ejusque
863 3939 946 3995 lihros
960 3937 1097 4001 cornhuri,
1118 3954 1185 4010 quos
1213 3939 1272 4008 ipse
1292 3940 1384 3994 Romae
1395 3937 1519 4001 dominis
1534 3938 1611 3992 tradi
1625 3937 1744 3993 manda-

99 4012 151 4074 uit,
168 4013 291 4066 testante
307 4010 454 4080 (lanfrido.
475 4011 573 4066 Verum
589 4010 703 4067 tandem
714 4013 833 4083 resipuit
847 4013 956 4076 Petrus,
968 4014 1053 4080 utque
1066 4010 1100 4064 nh
1119 4009 1310 4080 appellatione
1324 4009 1434 4064 destitit
1452 4007 1567 4064 consilio
1582 4013 1612 4065 et
1631 4008 1744 4065 hortatu

100 4083 180 4138 Petri
200 4081 365 4137 Venerabilis
373 4081 482 4137 ahhatis
495 4081 696 4145 Cluniacensis,
712 4083 762 4149 qui
783 4085 924 4138 extremos
942 4082 1002 4150 ejus
1012 4095 1103 4136 mores
1116 4081 1222 4152 eprrpie
1233 4079 1333 4135 tendat
1347 4082 1377 4135 iu
1398 4079 1517 4150 epistola
1531 4079 1568 4134 ad
1578 4080 1742 4137 Helaissam.

136 4149 222 4208 637
235 4155 260 4206 5.
280 4153 490 4209 Bernardanon
505 4154 622 4224 impune
640 4155 733 4216 cessit,
750 4153 822 4224 quod
837 4152 1015 4208 lietardum
1030 4155 1057 4208 et
1072 4152 1186 4223 scriptis
1200 4150 1327 4208 etoerhis
1340 4155 1503 4223 persecutus
1516 4150 1565 4205 sit.
1586 4151 1658 4206 Nam
1686 4165 1744 4206 non

101 4224 195 4280 solum
208 4224 371 4279 rihelardus
386 4241 513 4281 censure
523 4225 686 4296 impatiens,
693 4223 741 4279 sed
754 4225 843 4279 etiarn
858 4224 1051 4293 Berenqariuu
1061 4224 1122 4293 ejus
1137 4222 1334 4293 discipulusne
1343 4223 1482 4292 defensor,
1494 4221 1623 4293 quedam
1634 4224 1666 4277 in
1675 4221 1745 4278 Ber·

100 4294 186 4350 nardi
200 4296 315 4366 scriptis
329 4310 448 4352 erronea
458 4297 566 4364 iactare
581 4295 694 4353 demum
709 4296 772 4351 ausi
786 4299 866 4361 sunt,
878 4296 985 4366 insipni
995 4295 1163 4351 commento.
1183 4313 1195 4344 ι
1214 4294 1324 4349 Errasti
1342 4308 1414 4355 uere,
1439 4295 1532 4365 inquit
1556 4293 1744 4365 tierenpurius

101 4364 279 4422 Bernardum
288 4367 445 4438 alloquens,
460 4367 527 4422 dum
535 4366 673 4437 oriqinem
687 4368 853 4423 animarum
866 4367 900 4425 de
914 4367 982 4422 coele
992 4366 1140 4422 asseruisti
1151 4380 1218 4421 esse.
1236 4386 1247 4414 r
1263 4381 1327 4435 paq.
1343 4363 1406 4420 3l0.
1422 4366 1457 4421 lit
1490 4381 1534 4433 aq.
1551 4367 1622 4419 315:
1641 4383 1653 4418 r
1674 4365 1744 4421 Ani·

101 4452 215 4494 morum
231 4437 275 4491 οη·
293 4439 370 4491 inem
388 4436 507 4494 decuriis
521 4437 662 4506 tahumris
676 4454 744 4507 esse,
758 4437 807 4494 uhi
821 4439 862 4494 sic
874 4438 965 4494 recolo
980 4440 1007 4494 te
1021 4438 1149 4493 locutum
1168 4434 1279 4507 (nempe
1304 4450 1433 4494 sermone
1475 4436 1561 4492 ecimo
1578 4437 1698 4508 septima
1712 4437 1745 4491 in

105 4507 233 4577 Cantica)
249 4524 258 4560 .·
275 4454 372 4565 hierita
387 4507 462 4564 dieii
474 4508 639 4582 Apostolus:
655 4529 666 4560 ι
683 4511 785 4566 Nostro
798 4508 973 4565 conuersatio
986 4511 1029 4563 est
1043 4509 1073 4562 in
1084 4506 1192 4564 coelis.»
1204 4510 1267 4564 Hac
1274 4507 1357 4563 uerlm
1368 4512 1418 4564 tua
1426 4507 1573 4564 subtiliter
1582 4522 1618 4562 ea
1640 4507 1744 4576 lerata,

102 4578 268 4635 christianae
282 4579 388 4636 mentis
397 4581 493 4652 potnto
509 4579 640 4637 haeresim
658 4581 785 4654 sapiunt.
798 4601 810 4629 ι
823 4583 916 4651 Apaqe
933 4581 1069 4636 insanum
1083 4583 1169 4649 atque
1182 4578 1377 4650 impudentem
1390 4579 1598 4635 nehrrlonem.rl
1632 4595 1663 4634 as
1677 4593 1745 4634 ano·

102 4667 206 4777 ”iti
216 4649 276 4778 ill
285 4650 372 4793 illl
386 4650 1332 4795 lltittltittitilei'lltttultir.tlultttortt
1329 4651 1530 4779 riutilio
1535 4649 1746 4778 ‘rutilii

103 4738 357 4863 harderenssen
371 4811 429 4849 non
443 4799 495 4859 est,
508 4798 557 4866 qui
570 4795 745 4851 criminatur
755 4792 1168 4866 Ahhatem,quaddicat,1teum
1178 4797 1206 4848 et
1221 4797 1400 4864 assumptum
1412 4793 1489 4848 alteo
1502 4791 1645 4848 hominem
1655 4806 1746 4846 unum

105 4877 163 4919 esse
178 4864 208 4916 in
224 4865 364 4921 Trinitate
372 4882 544 4937 personam:
563 4882 630 4920 cum
645 4865 725 4922 homo
737 4882 782 4921 res
792 4867 965 4936 corporea.et
978 4863 1112 4920 memhris
1126 4865 1290 4934 compositu,
1307 4867 1335 4919 et
1348 4862 1519 4920 dissolubilis
1532 4864 1571 4917 sit
1582 4881 1590 4916 :
1601 4864 1673 4917 Deras
1682 4877 1746 4919 uero

104 4947 156 4989 nec
165 4947 297 4999 corporea
308 4952 352 4992 res
362 4939 469 5005 sit,ncc
478 4937 611 4993 memhris
621 4938 764 5002 coucam,
774 4941 807 4992 ut
817 4935 931 4992 dissolui
938 4937 1035 5008 possit.
1050 4933 1126 4992 llnde
1135 4950 1187 4989 nec
1197 4936 1269 4990 heus
1279 4934 1368 4999 homo,
1377 4950 1428 4990 nec
1439 4933 1519 4991 horno
1529 4935 1601 4990 Deus
1611 4932 1747 4989 dicendas

106 5007 158 5067 est,
176 5021 189 5052 r
206 5008 259 5059 etc.
272 5006 318 5061 Sic
332 5006 532 5064 Nestorianum
542 5009 602 5076 aqit
612 5007 784 5072 rihelardus,
808 5023 874 5062 cum
887 5006 1066 5064 Bernurdnm
1080 5008 1183 5063 erroris
1197 5006 1363 5076 petulanter
1377 5008 1501 5061 recensui.
1518 5006 1599 5060 ilecto
1614 5005 1650 5059 od
1672 5005 1748 5060 hunc

108 5076 200 5131 locum
212 5076 380 5133 Guillelmus
395 5078 672 5134 Sancti-Theoderici
686 5079 718 5132 in
727 5079 820 5151 capite
832 5082 929 5134 octauo
943 5081 1042 5134 contro
1054 5075 1230 5132 .lhoelardum
1239 5094 1268 5130 :r
1288 5076 1362 5134 Unde
1373 5079 1401 5132 et
1410 5091 1461 5131 nos
1471 5075 1607 5132 similiter
1616 5075 1747 5139 dicimus,

110 5146 255 5204 Christum
267 5147 363 5214 ritum
378 5147 500 5206 hommis
514 5149 618 5221 inipso
635 5152 744 5205 natura
772 5149 963 5207 humanitatis
975 5165 1044 5214 sue,
1061 5147 1109 5204 sed
1123 5162 1180 5203 non
1194 5163 1229 5203 eu
1248 5148 1318 5219 ipsu.
1338 5149 1495 5203 secundum
1510 5163 1572 5204 earn
1587 5163 1670 5218 quam
1685 5162 1750 5202 mm

107 5220 161 5274 Deo
172 5217 252 5275 hahet
266 5220 412 5282 unionem,
428 5220 546 5277 tertiam
561 5234 619 5276 csse
629 5220 660 5274 in
678 5220 814 5276 Trinitate
832 5236 983 5290 personam
992 5238 1001 5275 :
1011 5221 1084 5359 puio
1098 5219 1172 5274 sicut
1186 5220 1354 5274 incarnatus
1363 5220 1436 5275 Deus
1448 5220 1545 5289 factus
1560 5222 1601 5274 est
1614 5218 1693 5287 prius
1707 5217 1751 5273 he

108 5290 197 5345 ruinis
210 5294 325 5360 propter
339 5290 482 5348 hominem
495 5296 684 5362 assumptum,
696 5293 737 5347 sic
746 5295 911 5362 assumptus
921 5289 1002 5348 hamo
1025 5294 1107 5346 actus
1117 5294 1159 5346 est
1168 5290 1246 5360 tilius
1257 5291 1305 5347 hei
1314 5292 1429 5363 propter
1437 5294 1625 5347 assumentem
1634 5290 1750 5345 Deum.»

146 5364 171 5414 6.
187 5362 443 5433 Prrrtrraapitulo,
454 5379 517 5434 quar
526 5363 621 5419 dedita
635 5379 719 5434 opera
730 5365 839 5434 refellit
848 5361 1016 5420 Bernordus.
1024 5361 1166 5418 nonnulla
1175 5360 1360 5431 conqlohatim
1372 5364 1533 5417 recensetn.
1545 5360 1589 5425 10,
1601 5363 1753 5417 contentus

109 5447 142 5487 ea
157 5434 329 5518 exposuisse,
341 5450 404 5504 quoe
418 5433 452 5490 ah
465 5435 532 5490 otiis
552 5434 640 5489 eciam
658 5436 837 5505 refutantur,
848 5434 988 5492 sciliceta
1004 5432 1162 5496 Guillclmo,
1178 5436 1205 5487 ct
1220 5431 1316 5488 ahhric
1329 5448 1479 5504 anonymo.
1496 5435 1534 5488 he
1547 5431 1752 5492 accidentibus,

113 5519 176 5574 quoe
190 5504 411 5564 intuetur-istiu
429 5509 493 5578 post
507 5506 749 5566 consecrationem
764 5520 910 5565 remanere
925 5506 958 5562 iu
979 5521 1045 5562 aere
1069 5502 1182 5561 docchat
1196 5502 1372 5571 athelardus,
1392 5504 1436 5560 ita
1452 5503 1621 5562 Guillelmus
1646 5503 1753 5561 scutit:
