3728 5940
127 173 180 246 oto

596 175 623 232 S.
647 173 817 235 BERNthl
837 171 974 231 obbatis
992 172 1308 236 batha-l'ttbltbsts

1724 176 1777 240 580

181 300 780 382 nendumSinpolqriqooqoebeibeneficio,
793 300 921 354 Claroru-
936 315 960 394 g
977 298 1171 368 spiritualibus,
1201 300 1224 354 si
1246 300 1311 372 quid
1337 308 1427 357 nostra
1456 301 1482 354 in
1504 299 1547 356 bis
1565 301 1703 376 exiguitas
1729 320 1775 374 per

162 328 270 438 ‹iollem
286 377 361 432 tanta
375 384 431 427 vm
440 372 532 426 ”wile
543 373 571 426 ii
581 372 919 443 sepulturultonoratam.
976 386 1046 440 beati
1060 389 1140 457 hujus
1164 389 1250 443 Patris
1276 388 1360 445 nostri
1383 389 1478 444 merita
1501 405 1620 462 unquam
1636 392 1773 462 potuerit;

162 481 306 556 Religiosis
331 476 457 533 iratribus
477 492 524 547 qm
557 476 584 530 in
606 477 735 552 Hibernia
750 485 821 540 suut,
837 482 864 530 et
879 473 920 528 iris

127 574 236 629 maxime
266 564 531 640 congregationibus,
566 581 635 637 qaas
670 565 755 621 beatae
784 561 919 618 utemoriae

50 694 53 699 -
124 657 268 716 italaebias
296 655 443 726 episeopus
471 651 603 719 fundavit,
641 655 724 710 irater
750 654 919 707 Burmannus

124 745 306 804 Clara-Vallis
321 749 431 799 vocatus
441 739 534 807 abbas,
552 741 683 799 Paracleti
693 739 916 798 consolationem.

159 844 183 893 l.
201 837 229 892 Si
244 835 408 891 haberemus
423 830 465 885 bic
481 838 634 888 manentem
653 831 800 896 civitatem,
816 829 917 901 copio-

122 926 238 983 sissimis
254 925 318 994 jure
337 920 461 993 iacrymis
475 919 679 993 plangeremus,
697 921 838 976 talemnos
853 920 918 973 anti.

122 1016 190 1072 sisse
204 1008 493 1070 concivem.Caeterum
510 1007 533 1063 si
556 1007 673 1066 futuram
688 1008 773 1083 magis
802 1005 917 1079 inquiri-

123 1120 184 1159 mus
211 1110 240 1157 ut
260 1107 375 1174 oportet,
402 1104 442 1154 est
465 1097 575 1169 quidem
603 1113 656 1154 non
682 1097 788 1153 modica
816 1095 918 1152 doloris

122 1191 227 1250 occasio
242 1202 293 1248 tam
310 1186 462 1246 necessario
483 1185 551 1241 duee
565 1185 674 1242 destitui
695 1204 702 1240 ι
728 1185 807 1241 debet
831 1192 916 1238 tamen

122 1282 207 1336 zelum
230 1287 379 1351 temperare
397 1275 515 1346 scientia,
550 1281 577 1330 et
595 1273 716 1332 dolorem
739 1273 798 1345 spei
820 1270 915 1328 fiducia

123 1367 243 1426 delinire.
270 1351 327 1423 Nec
352 1364 443 1420 mirari
467 1361 620 1437 quempiam
632 1361 721 1430 decet,
737 1362 760 1416 si
784 1359 916 1431 gemitum

121 1458 262 1530 extorquet
275 1454 397 1521 aiiectus,
423 1453 446 1507 si
468 1449 600 1508 desolatio
614 1451 747 1522 iacrymas
765 1447 914 1521 exprimit:

120 1544 229 1602 modum
244 1550 335 1599 tamen
353 1540 480 1597 adhibere
502 1555 612 1596 necessa
638 1546 690 1609 est,
707 1537 761 1595 imo
783 1552 837 1592 uon
853 1551 915 1591 mo-

974 482 1000 528 et
1030 476 1056 528 in
1085 477 1280 547 corporalibus,
1310 477 1334 531 si
1357 478 1465 551 quando
1486 476 1554 535 torte
1579 479 1774 551 opportunitas

974 565 1150 634 probaretur,
1168 582 1275 622 omnem
1290 566 1368 622 robis
1382 568 1595 624 consolationem
1610 568 1773 641 impendere

973 654 1028 707 tota
1043 653 1188 709 devotione
1205 664 1322 725 paratos.

1008 745 1035 795 3.
1070 743 1103 796 Ει
1131 761 1201 800 nttnc
1224 759 1342 818 quoque,
1372 744 1551 813 dilectissimi,
1582 746 1772 806 liiberniensix

972 829 1103 887 Ecclesia
1118 848 1227 904 gravem
1238 834 1309 889 hanc
1321 831 1524 890 destitutionem
1535 839 1591 890 toto
1606 835 1772 895 miseramur

972 917 1070 975 aileetu
1086 938 1092 976 ε
1115 928 1142 976 et
1157 936 1189 976 eo
1203 922 1319 993 amplius
1334 922 1413 979 vobis
1434 923 1625 996 compatimur,
1648 942 1706 998 quo
1720 945 1772 985 nos

972 1007 1088 1080 amplius
1114 1026 1146 1065 ex
1174 1011 1226 1067 hoc
1258 1010 1382 1068 novimus
1409 1010 1556 1068 debitores.
1587 1012 1772 1086 Megniboarit

972 1097 1043 1152 euim
1060 1099 1193 1157 [lominus
1206 1100 1294 1157 iacere
1307 1100 1455 1169 uobiscum,
1467 1117 1526 1157 cnm
1543 1103 1634 1159 iocum
1645 1112 1769 1162 nostrum

971 1186 1150 1258 dignatusest
1165 1190 1250 1244 beata
1265 1189 1360 1246 mortis
1373 1191 1433 1260 ejus
1446 1191 1581 1248 bonorare
1595 1193 1768 1265 praeseutia,

970 1284 996 1332 et
1026 1275 1220 1347 pretiosissimo
1247 1276 1333 1334 881
1362 1281 1485 1351 corporis
1517 1280 1577 1351 ejus
1601 1274 1769 1353 locupletare

971 1364 1106 1421 thesauro.
1123 1365 1180 1421 Nee
1195 1367 1337 1422 molestum
1357 1367 1392 1422 sil
1414 1367 1502 1438 vohis,
1526 1368 1598 1442 quod
1623 1372 1697 1444 apud
1719 1387 1769 1428 nos

971 1452 1068 1507 habeat
1083 1454 1247 1525 sepulturam
1264 1471 1271 1508 ε
1288 1457 1397 1526 quando
1417 1457 1457 1513 sic
1476 1456 1612 1516 ordinarit
1631 1460 1707 1517 Deus
1720 1476 1768 1519 se·

969 1540 1085 1596 cundum
1100 1540 1297 1598 multitudinem
1312 1544 1503 1602 misericordiae
1517 1561 1582 1616 sua,
1599 1554 1630 1602 ul
1642 1563 1691 1604 ros
1705 1564 1768 1607 enm

118 1633 176 1690 dice
191 1630 271 1688 etiarn
286 1627 430 1696 musulani,
459 1628 595 1683 intuentes
615 1642 670 1683 non
694 1642 754 1700 quae
782 1623 913 1693 ridentur,
932 1598 954 1677 Β
971 1627 1058 1685 viram
1076 1629 1221 1701 haberetis,
1234 1631 1312 1688 uobis
1323 1633 1423 1688 babere
1439 1633 1530 1690 liceret
1543 1633 1765 1694 reideiubctum.

116 1721 166 1778 sed
180 1736 239 1795 quae
258 1734 314 1774 uon
326 1716 458 1774 videntur.
470 1713 539 1784 ouae
548 1715 620 1771 enim
633 1715 768 1786 videntur,
780 1721 917 1785 temporeo,

118 1810 154 1864 iia
168 1821 247 1881 sunt3
264 1823 325 1881 quae
344 1814 433 1861 autern
448 1818 503 1860 uon
516 1805 651 1874 videntur,
667 1813 779 1860 aeterna.
795 1800 915 1857 Primum

118 1898 228 1970 quidem
256 1894 496 1967 congratulandum
516 1902 556 1950 est
579 1894 677 1949 auimae
692 1900 801 1958 sanctae,
817 1907 852 1947 ne
866 1905 916 1945 uos

119 1966 213 2059 arguat
230 1985 265 2041 de
286 1983 380 2058 inopia
401 1983 550 2049 charitatis,
584 1983 678 2039 dicens
702 1990 729 2037 et
757 1982 815 2054 ipse
842 1978 915 2052 quod

118 2076 249 2133 Dominus
262 2074 294 2130 ad
307 2071 455 2143 Apostolos
468 2072 504 2126 ait
522 2070 734 2143 :Sidiiiperetis
747 2085 803 2137 me,
813 2069 916 2143 paude-

118 2169 188 2223 rett's
202 2166 311 2238 otique,
327 2165 396 2237 quin
412 2161 529 2219 audead
543 2163 659 2218 Patrem
674 2161 765 2230 (loon.
786 2174 841 2226 xiv,
858 2160 913 2227 28).

124 2254 260 2311 Praevenit
284 2269 334 2309 uos
363 2253 396 2306 ad
412 2252 517 2306 Patrem
540 2248 686 2319 spirituum
697 2247 808 2321 spiritus
832 2245 915 2318 patris

117 2342 219 2399 nostri:
236 2357 286 2398 nec
301 2339 382 2396 modo
407 2337 554 2409 eharitatis)
579 2338 685 2408 inopes,
702 2337 750 2393 sed
770 2335 913 2408 ingratitu-

116 2432 187 2488 dinis
200 2432 280 2488 etiam
292 2430 332 2487 rei
346 2444 406 2486 esse
420 2426 606 2485 convincimur
615 2442 696 2498 super
708 2425 834 2481 omuibus
853 2441 914 2497 quae

117 2537 165 2593 per
184 2535 247 2577 eum
264 2519 344 2575 nubis
366 2514 498 2572 heueiicia
512 2529 675 2588 provenere,
691 2513 713 2569 si
727 2527 782 2569 non
796 2528 913 2586 congra-

117 2610 233 2665 tulamur
245 2609 282 2675 ei,
297 2608 347 2680 qui
360 2605 395 2661 de
409 2606 502 2661 labore
528 2603 561 2658 ad
582 2602 714 2676 requiem,
743 2601 776 2657 de
796 2601 914 2672 periculo

968 1717 1003 1772 iit
1022 1717 1104 1772 nobis
1126 1718 1259 1790 siquidem
1280 1719 1431 1776 communis
1448 1718 1589 1778 rotimum
1614 1732 1692 1798 pater
1720 1725 1766 1780 iiie

969 1810 1036 1870 erat,
1052 1813 1078 1861 et
1089 1814 1130 1860 est
1146 1821 1152 1858 :
1174 1823 1235 1862 nam
1252 1817 1278 1863 et
1293 1810 1320 1863 in
1335 1817 1422 1865 morte
1437 1808 1525 1881 ipsius
1540 1811 1591 1868 itoc
1604 1811 1684 1868 nobis
1698 1830 1765 1870 con·

969 1890 1102 1948 firmatum
1129 1904 1171 1950 est
1193 1903 1396 1957 testamentum.
1421 1897 1599 1968 Quamobrem
1624 1900 1694 1958 sicut
1715 1918 1765 1958 nos

969 1983 1050 2053 hujus
1067 1982 1132 2036 tanti
1156 1982 1243 2056 patris
1271 1987 1368 2059 gratia,
1397 1989 1539 2046 uniuersos
1557 2004 1616 2061 vos,
1638 2000 1765 2062 tanquam

968 2086 1113 2144 germanos
1132 2072 1240 2143 iratres,
1256 2075 1320 2132 totis
1336 2075 1521 2148 amplectimur
1537 2078 1683 2135 visceribus
1697 2081 1763 2136 cha·

969 2159 1055 2215 ritatis
1078 2177 1084 2213 :
1101 2159 1140 2215 sic
1157 2169 1184 2216 et
1205 2162 1239 2216 de
1255 2163 1334 2220 tobis
1344 2160 1416 2221 idem
1433 2168 1531 2222 sentire
1546 2167 1692 2240 spiritualis
1705 2169 1763 2241 ipsa

968 2249 1093 2322 cognatio
1108 2250 1264 2321 persuadet.

1004 2341 1031 2395 b.
1057 2338 1202 2395 ilortamur
1227 2350 1318 2395 autem
1341 2355 1399 2410 vos,
1419 2340 1527 2409 iratres,
1548 2352 1576 2399 ut
1595 2346 1667 2402 beati
1680 2347 1764 2418 hujus

967 2425 1049 2495 patris
1066 2427 1152 2482 nostri
1175 2442 1281 2498 semper
1295 2428 1394 2483 curetis
1408 2430 1505 2485 sectari
1520 2432 1643 2505 uestigia,
1657 2449 1691 2490 eo
1710 2433 1757 2490 stu

967 2513 1081 2584 diosius,
1105 2531 1158 2587 quo
1184 2515 1261 2572 vobis
1278 2515 1376 2572 certius
1399 2525 1490 2571 sancta
1509 2519 1569 2587 ejus
1594 2523 1762 2578 conversatio

967 2602 1103 2658 diuturnis
1116 2603 1305 2674 experimentis
1325 2604 1450 2661 innotuit.
1473 2606 1503 2661 in
1523 2607 1572 2662 boc
1587 2609 1658 2662 eninr
1684 2626 1764 2665 seros

108 2699 149 2754 'ad
168 2698 349 2754 securitatem.
364 2695 399 2751 de
414 2695 514 2749 mundo
524 2692 628 2748 transiit
643 2691 676 2747 ad
691 2694 805 2747 Patrem.
822 2691 914 2762 ltaque
965 2706 1016 2746 rus
1030 2693 1091 2762 ejus
1113 2691 1185 2748 iiiios
1212 2709 1273 2750 esse
1287 2693 1446 2766 probabitis,
1471 2696 1493 2750 si
1518 2704 1629 2764 paterna
1643 2697 1762 2754 viriiiter

117 2793 142 2841 et
166 2784 239 2855 pium
265 2792 306 2840 est
328 2783 485 2839 Malachiam
503 2782 566 2839 llere
594 2780 762 2847 defunctum,
785 2791 810 2836 et
839 2779 911 2851 pium
968 2778 1091 2836 instituta
1105 2780 1219 2838 servetis
1235 2799 1241 2840 :
1259 2789 1286 2838 et
1301 2788 1330 2838 ut
1346 2782 1372 2836 iu
1393 2783 1542 2840 eovidistis
1556 2793 1583 2840 et
1596 2785 1712 2841 audistis
1726 2788 1762 2841 ab

118 2873 204 2948 magis
230 2873 367 2929 Malachiae
380 2871 551 2943 congaudere
574 2869 686 2927 virenti.
717 2868 842 2944 Nunquid
858 2882 911 2924 non
932 2883 999 2966 ceo
1015 2869 1246 2941 quemadmodum
1263 2886 1311 2928 ros
1332 2879 1456 2944 oporteat
1477 2873 1622 2943 ambulare,
1646 2873 1686 2929 sic
1700 2890 1762 2929 am-

115 2962 204 3023 virita
218 2961 316 3035 Utique
331 2969 359 3018 et
372 2962 460 3019 beate.
477 2959 559 3017 Visus
572 2970 614 3016 eet
626 2959 714 3015 oculis
728 2956 911 3029 insipientiam
968 2955 1136 3026 burianam
1150 2959 1294 3016 abundetis
1304 2960 1410 3034 magis:
1426 2960 1556 3034 siquidem
1566 2962 1654 3034 gloria
1667 2967 1762 3035 patris,

115 3051 195 3121 mori,
212 3051 257 3108 1113
270 3058 359 3110 autem
374 3049 451 3108 estin
467 3065 542 3121 pape,
970 3045 1102 3116 sapientia
1124 3047 1239 3105 liliorum
1268 3050 1361 3121 (Pron.
1389 3065 1418 3117 x,
1444 3053 1479 3122 i).
1505 3051 1571 3106 Nam
1592 3061 1619 3108 et
1642 3059 1761 3108 nostram

149 3145 176 3198 2.
206 3141 306 3197 Dehinc
334 3141 414 3196 ctiam
448 3137 557 3195 unitatis
581 3137 699 3211 propriae
729 3135 910 3193 consideratio
966 3150 1020 3191 non
1052 3135 1226 3193 mediocriter
1253 3149 1378 3193 excutere
1407 3140 1551 3209 desidiam,
1579 3148 1606 3195 et
1636 3157 1759 3198 reveren-

113 3230 301 3289 exsuitandum
314 3231 393 3287 uobis
407 3227 530 3303 suggerit
553 3235 580 3284 et
596 3227 751 3292 latendum,
769 3225 840 3298 quod
857 3236 910 3280 tam
959 3222 1033 3279 'tiam
1047 3223 1169 3281 incutere
1179 3226 1263 3294 eoepit
1279 3228 1488 3295 praesensnobis
1498 3235 1578 3284 tantae
1592 3229 1762 3300 perfectionis

112 3329 213 3394 potens
222 3334 287 3376 suos
302 3326 432 3389 patronus
446 3317 480 3372 ad
492 3316 628 3373 coeiestem
643 3314 756 3381 curiam,
775 3326 827 3368 tam
840 3311 908 3369 iide-

111 3400 145 3466 tis
161 3409 328 3483 praecesserit
343 3406 490 3463 advocatus
517 3424 524 3458 :
554 3407 630 3475 cuius
659 3411 686 3458 et
712 3402 909 3460 ferventissima

114 3499 231 3555 charitas
244 3496 370 3555 obliuisci
386 3512 418 3551 ne
433 3503 515 3568 queat
542 3492 671 3562 liliorum,
686 3499 714 3548 et
729 3492 840 3562 probata
851 3506 909 3546 sau-

112 3588 191 3645 ctitas
203 3584 324 3645 obtineat
339 3584 454 3656 gratiam
470 3584 542 3655 npud
558 3584 654 3639 Deum.
670 3579 737 3648 Quis
751 3581 821 3637 enirn
836 3581 908 3636 bunc

110 3676 268 3736 Malachiam
293 3680 413 3732 sanctum
429 3674 579 3730 autminus
604 3687 684 3742 posse
706 3673 847 3742 prodesse,
862 3676 907 3725 aut

111 3769 200 3825 minus
215 3785 280 3826 suos
294 3767 406 3842 diligere
419 3766 519 3821 audeat
533 3763 690 3838 suspicari?
706 3759 828 3818 Proiecto
845 3777 907 3817 cum

109 3856 268 3933 diligeretur
281 3856 367 3929 prius
392 3852 507 3911 certiora
533 3867 605 3908 nunc
631 3868 688 3908 suae
715 3849 866 3906 dilectionis
891 3861 906 3903 a

109 3947 167 4005 Deo
186 3945 260 4018 capit
272 3943 454 4018 experimenta
475 3961 481 3998 :
499 3949 526 3998 et
541 3941 605 3996 dum
633 3941 773 3998 dilexisset
785 3953 863 4008 suos,
878 3937 905 3992 in

104 4029 188 4114 'finem
207 4035 299 4094 dilexit
307 4049 365 4091 eos.
382 4032 458 4088 Absit
473 4038 564 4086 autem
579 4039 608 4085 ut
624 4040 669 4087 tua
684 4045 766 4095 nuuc,
784 4044 800 4084 o
815 4027 905 4082 anima

964 3315 1113 3382 exemplar.
1134 3314 1222 3386 Atque
1247 3313 1350 3369 utinam
1374 3314 1414 3370 sie
1429 3331 1481 3373 uos
1497 3328 1559 3390 post
1574 3335 1605 3387 se
1620 3321 1715 3388 habat,
1731 3330 1761 3375 ut

961 3401 1101 3469 pertrabat
1115 3400 1142 3455 iu
1157 3407 1211 3454 tam
1227 3399 1328 3458 recenti
1342 3401 1469 3459 virtutum
1485 3403 1544 3473 ejus
1557 3407 1640 3463 odore
1653 3404 1760 3464 avidius

961 3486 1131 3560 alacriuspus
1145 3495 1296 3546 curreutes.
1318 3489 1447 3547 Orantem
1467 3508 1516 3563 pro
1531 3495 1610 3550 uobis
1622 3494 1758 3554 uniuersi-

961 3581 1040 3631 tatem
1060 3584 1181 3633 vestram
1195 3577 1318 3635 Christus
1332 3579 1474 3639 custodiat.
1578 3627 1580 3631 Α

1137 3684 1305 3743 srrsrom
1319 3686 1484 3744 acctxxv
1500 3691 1585 3762 (aar).

1097 3788 1134 3830 Ab
1149 3787 1217 3832 tobit
1231 3790 1397 3833 contrtssu
1410 3792 1621 3853 attenuarem.

964 3861 1110 3920 Monachus
1130 3864 1327 3922 Vt'zelt'ocenses
1343 3883 1360 3921 a
1376 3866 1532 3924 domitia-sm
1545 3868 1694 3926 clientilus
1710 3873 1757 3926 ιιι-

1229 3938 1332 4008 ferteri
1346 3937 1490 4010 queritur.

995 4021 1105 4078 Dilectae
1128 4022 1154 4076 ib
1181 4022 1288 4080 Christo
1318 4022 1384 4082 illita
1410 4024 1568 4083 Niveruenei
1597 4028 1754 4098 comitissae,

100 4106 208 4192 'saneta
223 4126 313 4181 minus
327 4121 422 4180 efficax
437 4119 587 4175 aestiuietur
606 4121 703 4188 oratio,
719 4116 826 4190 quando
842 4130 906 4193 praa
959 4107 1044 4168 irater
1070 4112 1240 4169 Bassianus
1268 4112 1506 4170 Clarae-Vallensis
1527 4124 1637 4173 uocatus
1660 4120 1753 4185 abbas,

96 4193 308 4277 fsenti'riridius
334 4208 485 4283 supplicare
507 4216 548 4264 est
570 4207 711 4277 majestati,
735 4221 786 4262 neo
805 4204 906 4277 jamin
922 4182 944 4262 Ι]
959 4199 1111 4256 salutemet
1126 4199 1271 4258 orationes.

105 4298 159 4355 lide
174 4298 306 4369 ambulas,
319 4299 368 4353 sed
382 4297 411 4351 in
426 4296 517 4369 specie
536 4292 650 4368 regnasi
673 4294 750 4351 Absit
771 4304 800 4350 ut
814 4295 903 4350 immi-

105 4398 180 4451 nuta,
195 4387 295 4442 nedum
311 4383 451 4443 exinanita
467 4393 511 4441 tua
527 4383 575 4438 ilia
586 4391 639 4439 tam
655 4399 771 4455 operosa
786 4384 902 4442 ebaritas

104 4470 253 4548 reputetur,
274 4490 335 4531 cum
349 4473 383 4527 ad
404 4471 504 4528 iontem
525 4472 615 4542 ipsum
636 4472 772 4527 charitatis
794 4480 902 4528 aeteruoe

103 4552 269 4639 procumbis,
282 4564 363 4636 pleno
383 4560 508 4618 hauriens
529 4577 588 4630 ore,
603 4561 683 4631 cujus
696 4571 723 4616 et
749 4561 809 4631 ipsa
828 4556 903 4627 prius

98 4652 239 4710 'stillicidia
257 4651 390 4709 sitiebas?
403 4650 463 4707 Non
479 4648 565 4721 potuit
579 4648 660 4707 morti
674 4649 772 4704 cedere
785 4643 903 4702 ebaritas

102 4742 181 4800 iortis
194 4750 224 4798 ut
239 4758 323 4808 mors,
339 4741 394 4799 into
408 4748 435 4797 et
450 4748 536 4796 morte
562 4737 658 4795 iortior
687 4737 756 4807 ipsa.
783 4734 852 4789 Nam
877 4748 902 4797 ea

101 4831 232 4886 decedens
247 4845 301 4886 non
316 4838 374 4885 erat
387 4828 536 4884 immemor
549 4827 643 4897 restri,
663 4821 840 4880 affectuosius
855 4834 902 4876 ros

100 4920 291 4975 commendans
312 4920 379 4983 Deo,
396 4927 421 4973 rt
445 4927 564 4974 nostram
592 4928 702 4987 quoque
726 4910 899 4983 exiguitatem

100 5007 178 5065 solita
198 5008 242 5063 iiia
263 5023 312 5065 sua
334 5006 541 5063 mausuetudine
563 5013 590 5059 et
616 5001 764 5059 bumihtate
785 5014 901 5056 exorans

100 5103 131 5151 ut
143 5095 241 5152 restris
254 5111 308 5152 non
323 5095 559 5158 oblivisceremur
577 5092 605 5146 in
620 5092 710 5147 finem.
726 5090 803 5146 Unde
816 5096 844 5143 et
852 5087 899 5143 di·

101 5198 183 5259 gaunt
207 5184 333 5241 duximus
353 5185 472 5240 scribere
486 5180 574 5248 robis,
594 5187 623 5236 ut
637 5178 730 5236 sciatis
751 5192 802 5234 nos
821 5184 847 5233 et
870 5177 898 5231 in

137 5334 216 5406 qest)
239 5335 314 5392 Alias
334 5334 448 5407 epistole
474 5337 526 5390 390
549 5350 556 5393 :
582 5350 642 5407 quta
663 5348 728 5394 tero
749 5340 827 5390 antea
847 5333 899 5390 375

105 5410 175 5472 erat,
190 5418 263 5464 nunc
276 5409 339 5479 blo.
353 5405 461 5488 Scripta
477 5416 549 5464 anuo
563 5404 661 5466 Christi
674 5406 754 5462 litt.

142 5475 222 5551 (ooo)
234 5475 342 5534 Scilicet
351 5476 471 5534 Pontius.

997 4290 1179 4360 Conqueritur
1192 4289 1354 4347 uenerabilis
1368 4292 1451 4348 abbas
1467 4292 1655 4352 vizeliacensis
1669 4298 1756 4369 (985),

957 4378 1030 4448 quod
1048 4392 1097 4434 ros
1121 4385 1147 4433 et
1170 4380 1281 4434 clientes
1298 4381 1381 4437 uestri
1404 4391 1563 4440 mercateres
1587 4394 1614 4440 et
1640 4396 1755 4441 caeteros

958 4465 1118 4522 Vizcliacum
1134 4467 1256 4524 volentes
1272 4468 1312 4524 ire
1325 4468 1476 4542 prohibetis
1492 4489 1499 4525 ε
1515 4472 1588 4544 quod
1602 4473 1665 4544 quie
1678 4475 1755 4533 Guil-

958 4554 1057 4611 1eimus
1071 4570 1164 4611 comes
1183 4558 1259 4629 (986)
1273 4558 1352 4614 bouae
1366 4559 1515 4633 memoria,
1529 4560 1637 4618 attilius
1650 4562 1710 4632 ejus
1723 4562 1753 4618 in

957 4643 1106 4714 prasentia
1120 4643 1224 4701 domini
1243 4645 1489 4705 Autissiodorensis
1501 4656 1527 4706 et
1540 4657 1629 4707 nostra
1643 4650 1753 4721 penitus

958 4731 1096 4805 refutavit,
1114 4741 1241 4806 tanquam
1263 4735 1376 4806 impium
1400 4746 1427 4793 et
1449 4737 1587 4811 iniquum
1610 4753 1754 4796 monemus

957 4832 984 4876 et
1000 4837 1140 4897 rogamus,
1157 4839 1191 4880 ue
1210 4824 1236 4879 id
1251 4825 1380 4900 deinceps
1404 4820 1554 4886 ullomodo
1574 4827 1688 4885 tartaris.
1703 4829 1752 4884 Ti-

956 4926 1063 4968 memus
1080 4913 1162 4980 enim,
1179 4913 1202 4968 si
1220 4915 1283 4970 talia
1306 4915 1395 4973 lacere
1408 4918 1557 4990 coeperitis,
1580 4934 1615 4975 ne
1641 4917 1710 4975 torte
1725 4929 1752 4974 et

954 5003 1032 5058 robis
1051 5002 1103 5068 bic,
1120 5012 1147 5058 et
1173 5002 1230 5061 viro
1254 5013 1353 5075 vestro,
1380 5008 1425 5062 ubi
1453 5006 1511 5079 ipso
1532 5019 1584 5073 est,
1608 5007 1749 5079 plurimum

956 5090 1063 5160 possint
1075 5093 1182 5162 obesse,
1193 5093 1266 5164 quod
1281 5096 1392 5151 omnino
1406 5097 1549 5154 nollemus.
1566 5096 1672 5154 Credite
1684 5116 1750 5171 ergo

953 5180 1041 5247 nobis,
1062 5189 1090 5237 et
1102 5182 1213 5239 omnino
1227 5183 1349 5243 desistite
1363 5202 1377 5240 a
1393 5187 1493 5243 tnalitia
1506 5188 1567 5247 bac.

995 5332 1074 5408 (986)
1088 5335 1250 5395 Guiiieimus
1272 5337 1324 5394 iste
1338 5338 1366 5394 in
1380 5337 1548 5396 carthusiam
1566 5345 1607 5411 (ut
1625 5342 1682 5409 jani
1699 5356 1750 5397 no·

956 5409 1056 5479 tatum)
1077 5409 1216 5480 secedens,
1234 5407 1348 5466 alterum
1371 5408 1543 5466 Guilielmum
1560 5410 1645 5469 tilium
1668 5426 1750 5469 mum

954 5493 1137 5538 successorem
1154 5479 1249 5537 babuit
1259 5481 1294 5536 rb
1305 5495 1376 5538 runo
1391 5483 1469 5538 titt.
