3728 5940
164 193 219 259 119
632 197 852 260 subueniret
869 195 1004 258 suetus
1015 196 1335 262 OthAE·VlbbfflSlS
1760 192 1816 257 m

166 321 292 394 inseruit,
310 344 322 376 r
338 330 430 396 utpote
444 337 460 378 a
474 331 568 380 sancto
582 325 730 392 Bernemo,
757 348 769 378 ι
785 327 882 400 inquit,
903 350 914 377 ι
940 328 1038 384 abbate
1052 328 1288 397 Clarae-vallensi,
1319 334 1349 384 ut
1362 341 1396 384 en
1409 323 1525 397 prologo
1540 331 1625 395 patet,
1640 321 1787 380 divitum·
1804 345 1817 375 ‘

166 412 273 486 augure
287 412 344 467 haec
358 410 469 465 totidem
484 411 617 483 capitulis,
634 421 701 487 quot
715 415 820 488 Regula
836 416 922 474 sancti
935 414 1084 490 Benedicti,
1100 434 1135 477 ex
1150 436 1203 492 qua
1218 432 1317 492 magna
1332 431 1365 473 ex
1379 421 1456 486 perte
1469 412 1503 467 de
1525 412 1610 468 verbo
1633 419 1745 484 sumpta
1765 420 1816 479 ⁶⁸1,

168 506 281 564 constat,
297 497 323 553 id
338 505 379 553 est
392 499 516 570 capitulis
526 502 698 573 septuaginta
707 504 825 560 duobus.
842 503 885 560 Sic
901 520 965 561 vero
975 504 1129 562 inscribitur
1138 516 1201 565 ente
1215 508 1360 580 prologum
1376 524 1382 560 :
1400 501 1504 573 Regula
1517 514 1670 572 pauperum
1692 501 1818 556 commi·

168 587 282 643 litonum
296 586 395 642 Christi
409 586 570 661 Templique
584 590 759 648 salomonici.
778 612 789 642 r
807 592 987 650 ltanricnsad
1002 610 1102 650 annum
1119 600 1198 663 ttae,
1215 612 1274 668 cap.
1287 598 1313 661 Ξ,
1330 593 1400 648 hanc
1410 589 1544 662 Regulam
1558 589 1696 644 Berucrdc
1711 590 1820 647 sudori

168 689 230 731 curn
243 673 335 730 ldirmo
357 674 460 745 tribuit,
477 676 512 731 ad
535 678 617 750 idque
631 680 800 751 probandum
816 681 870 737 duo
885 680 946 737 loca
960 681 1071 739 adduxit
1086 700 1118 740 ex
1142 685 1266 756 prologo.
1281 683 1388 739 Primus
1416 680 1491 736 lucus
1519 676 1558 733 sic
1583 677 1689 734 habet:
1718 699 1730 727 r
1747 680 1822 736 Sene

86 771 89 778 '
168 767 258 818 sutem
272 777 384 833 prorsus
398 763 459 820 licet
486 766 572 822 nostri
585 767 739 824 dictaminis
767 770 954 849 auctoritatem
978 768 1162 842 permaximus
1186 787 1316 827 numerus
1330 769 1516 844 religiosumm
1532 765 1652 831 Petrum,
1667 765 1713 836 qui
1729 766 1819 822 inille

168 849 284 906 concilio
297 850 388 906 divine
403 852 587 910 admonitione
601 865 795 923 convenerunt,
811 857 983 913 commendat
998 876 1007 926 ς
1022 874 1077 915 non
1091 860 1225 916 debemus
1239 860 1349 916 silenter
1363 856 1487 922 transire,
1503 853 1603 925 quibus
1617 853 1777 910 videntibus
1790 866 1819 911 et

168 951 249 994 neres
262 939 409 995 sententias
423 942 633 1012 proterentibus,
662 960 714 1017 ego
742 946 861 1002 loannes
887 944 1072 1003 michaelensis
1094 949 1236 1020 praesentis
1248 948 1365 1020 paginae,
1380 947 1458 1017 jussu
1471 941 1576 1000 condlii
1591 957 1624 997 at
1651 943 1820 1000 venerabilis

169 1026 277 1082 abbatis
297 1027 542 1099 Clarae-Vallensis,
567 1032 611 1087 cui
634 1033 766 1089 creditum
787 1049 820 1091 ec
841 1033 964 1091 debitum
985 1034 1037 1091 hoc
1059 1044 1127 1102 erat,
1144 1036 1254 1093 humilis
1282 1036 1371 1093 scriba
1394 1046 1455 1090 esse
1470 1030 1561 1091 urina
1575 1029 1664 1102 gratia
1686 1031 1787 1087 merui.
1805 1053 1817 1081 r

170 1114 272 1171 Verum
286 1116 344 1172 haec
357 1118 439 1173 verba
453 1134 508 1174 non
522 1118 672 1193 significant
687 1120 772 1178 ullam
787 1122 921 1195 Regulam
935 1139 951 1179 a
965 1122 1100 1179 Bernardo
1115 1140 1166 1196 pro
1181 1124 1341 1196 Templariis
1354 1122 1440 1180 tuisse
1462 1117 1640 1191 compositam
1659 1138 1666 1173 r
1682 1119 1733 1174 sed
1756 1135 1820 1175 cunr

170 1201 198 1258 in
212 1203 343 1260 loannem
357 1205 562 1264 michaelensem
577 1207 705 1279 rejecisse
731 1210 890 1281 impositum
904 1210 1000 1267 scribae
1028 1210 1160 1269 cilicium.
1188 1215 1283 1285 Neque
1311 1211 1460 1285 quidquam
1487 1206 1602 1279 amplius
1628 1205 1774 1264 conficitur
1788 1224 1820 1264 ex

171 1292 347 1363 sequentibus
360 1294 462 1362 verbis,
478 1311 539 1367 quae
553 1305 615 1367 post
624 1298 854 1355 enumerationem
871 1301 981 1354 Pstmm
995 1299 1139 1356 Trecensis
1152 1301 1261 1358 concilii
1276 1301 1327 1358 hoc
1341 1299 1423 1355 modo
1439 1295 1593 1353 releruntur
1609 1306 1616 1349 t
1633 1314 1650 1349 a
1675 1295 1740 1367 lpse
1755 1312 1820 1353 vero

171 1379 301 1451 magister
315 1380 428 1447 militia,
444 1383 522 1455 llugo
537 1385 658 1452 nomine,
675 1401 768 1442 revera
782 1403 837 1442 non
851 1386 943 1454 deluit,
960 1395 987 1444 et
1002 1388 1137 1461 quosdam
1152 1389 1188 1444 de
1203 1389 1331 1446 tratribus
1341 1388 1500 1445 suissecum
1515 1384 1620 1451 habuit,
1636 1382 1712 1440 verbi
1728 1385 1821 1456 grstia

171 1465 201 1521 P.
232 1467 408 1524 Godelridnm
431 1470 461 1524 F.
492 1472 645 1538 llovallum,
662 1473 691 1531 F.
708 1473 866 1530 Geutridunr
880 1475 963 1545 ltisol,
991 1475 1022 1530 F.
1040 1477 1178 1549 Peganum
1193 1478 1226 1534 de
1248 1473 1498 1541 Monte-Desiderii,
1525 1471 1766 1528 drehembandum
1786 1472 1820 1528 de

172 1555 403 1612 Sancto-Aniene.
419 1559 470 1613 lste
483 1575 550 1615 vcro
565 1560 693 1634 magister
707 1563 787 1631 llugo
802 1578 863 1617 cum
879 1561 937 1618 istis
950 1561 1089 1635 discipulis
1104 1564 1216 1622 modum
1229 1572 1258 1621 ut
1272 1562 1474 1622 observantiam
1502 1559 1607 1634 erigus
1635 1559 1819 1617 inchoationis

171 1641 214 1698 sui
228 1643 351 1700 militaris
364 1645 483 1714 Ordinis,
500 1649 547 1720 qui
562 1650 597 1704 ab
612 1649 659 1705 illo
678 1649 723 1720 qui
747 1649 821 1716 uicit,
839 1653 892 1724 Epo
911 1653 1143 1727 principiumqui
1153 1659 1181 1710 et
1204 1655 1302 1728 loquor
1315 1652 1400 1721 vohis,
1425 1650 1540 1723 sumpsit
1560 1648 1711 1716 exordium,
1740 1649 1819 1719 juxta

172 1732 309 1787 memoris
325 1750 379 1788 suec
396 1734 517 1790 notitiam
531 1752 614 1808 supra
631 1737 779 1794 nominatis
795 1738 921 1794 Patribus
930 1738 1075 1796 intimavit.
1093 1742 1196 1798 Placuit
1211 1743 1302 1815 itaque
1315 1739 1440 1807 concilio,
1459 1748 1489 1793 ut
1501 1736 1643 1794 consilium
1657 1735 1694 1792 ibi
1711 1736 1777 1792 lime
1793 1747 1820 1793 et

171 1819 387 1877 consideratione
401 1822 552 1878 divinarum
567 1825 766 1897 scripturarum
780 1825 926 1899 diligenter
940 1828 1133 1897 examinatum,
1151 1837 1240 1886 tamen
1254 1845 1316 1886 cum
1330 1827 1500 1901 providentis
1528 1827 1608 1897 Papae
1630 1825 1818 1880 Romanorum

171 1921 202 1962 se
230 1907 389 1964 Patriarcltae
416 1911 676 1982 ierosolymitanum,
707 1930 812 1970 necnon
834 1915 917 1971 etiam
931 1918 1043 1972 asehnsu
1057 1918 1166 1989 capituli
1182 1934 1333 1990 pauperum
1347 1916 1560 1973 commilitonum
1576 1914 1670 1985 templi
1688 1913 1761 1985 quod
1778 1922 1819 1968 est

171 1994 199 2050 in
212 1995 371 2062 Jerusalem,
387 1997 486 2068 scripto
509 2001 758 2069 commendaretur,
775 2010 802 2057 et
829 2002 1037 2061 inenodabiliter
1060 2015 1222 2063 servaretur.
1240 2027 1253 2059 a
1270 2005 1375 2076 Quibus
1397 2003 1488 2060 verbis
1501 2003 1530 2058 in
1544 2009 1648 2056 tuntum
1663 2017 1676 2055 a
1693 2001 1819 2057 Patribus

171 2083 302 2138 sancitum
316 2082 399 2153 luisse
412 2085 597 2159 intelligimus,
614 2096 643 2143 ut
656 2088 784 2145 Militibus
798 2090 901 2165 Regula
914 2109 947 2148 ex
963 2109 1057 2149 eorum
1072 2110 1208 2152 consensu
1223 2094 1353 2151 consultis
1379 2093 1504 2148 Romano
1528 2089 1656 2146 Pontifice
1671 2096 1697 2145 et
1733 2089 1818 2144 Patri-

172 2172 255 2227 archa
266 2171 503 2242 ierosolymitano,
519 2176 762 2247 praescriberetur:
789 2179 837 2232 sed
849 2180 1003 2236 Bernardus
1017 2183 1078 2252 ejus
1105 2191 1199 2240 auctor
1212 2180 1299 2241 5⁴18
1322 2195 1494 2254 nequaquem
1522 2177 1661 2236 atteritur·
1691 2177 1819 2247 Quinimo

172 2257 312 2316 Albericus
332 2258 441 2317 Ordinis
468 2263 655 2319 cisterciensis
675 2262 779 2321 eisdem
807 2265 935 2324 ltilitibus
958 2270 1087 2340 Regulam
1102 2271 1187 2326 sancti
1214 2269 1357 2344 Augustini
1376 2268 1531 2340 impositam
1558 2265 1662 2324 scribit.
1691 2265 1771 2322 Unde
1793 2265 1819 2319 in

171 2347 319 2404 Honestico
333 2348 486 2421 duplicans
500 2351 534 2405 ad
550 2351 682 2408 Ordinem
697 2353 782 2409 sancti
797 2353 940 2426 Augustini
964 2366 1132 2415 revocantur.
1159 2357 1309 2414 Permirum
1333 2365 1416 2424 esset,
1432 2356 1456 2412 si
1482 2354 1622 2410 hibericos
1637 2351 1820 2409 Trium-Fon-

174 2434 241 2491 tium
254 2436 326 2492 haud
353 2437 465 2509 longea
492 2439 665 2496 Clare-Valle
690 2443 839 2498 monachus
865 2443 1061 2513 cisterciensis,
1092 2448 1164 2502 hanc
1186 2446 1315 2503 Bernnrdi
1343 2445 1473 2518 Regulam
1488 2443 1647 2516 ignorasset,
1665 2447 1692 2495 θῑ
1707 2458 1760 2512 Ρῐῠ
1776 2440 1822 2497 5¹¹⁸

172 2523 311 2593 Militibus,
328 2525 375 2597 qui
391 2527 448 2596 ejus
466 2534 588 2599 ternpore
603 2539 772 2601 supererunt,
790 2532 871 2587 aliam
887 2531 1034 2589 tribuisset.
1058 2532 1221 2591 Guillelmns
1246 2534 1375 2606 Tyrcnsis
1388 2531 1532 2607 episcopus
1550 2530 1578 2585 in
1602 2529 1660 2599 jam
1675 2527 1741 2584 dicti
1758 2528 1822 2583 libri

172 2611 325 2687 duodecimi
339 2614 426 2686 capite
439 2614 554 2687 septimo
569 2617 659 2686 tradit,
676 2618 779 2674 eisdem
795 2619 936 2687 llilitibus,
954 2621 1000 2693 qui
1015 2629 1078 2678 ante
1101 2623 1244 2680 concilium
1257 2625 1391 2680 Trecense
1408 2643 1422 2675 r
1439 2619 1545 2678 nonnisi
1559 2631 1656 2674 novem
1680 2622 1771 2683 erant,
1787 2615 1823 2672 de

173 2698 300 2756 mandato
314 2701 417 2756 domini
440 2702 551 2759 llonorii
565 2720 644 2776 papae
659 2712 685 2761 et
698 2706 802 2762 domini
817 2707 948 2779 Stephani
961 2708 1180 2781 ierosolymitani
1211 2711 1369 2783 patriarchae
1396 2709 1479 2765 tuisse
1504 2705 1652 2763 institutam
1675 2703 1819 2774 Regulam,

173 2795 201 2843 et
210 2787 301 2842 elbum
316 2788 440 2845 habitum
456 2791 636 2864 assignatum,
657 2814 669 2844 ι
687 2809 750 2850 cum
765 2801 844 2851 antea
854 2794 961 2870 vulgari
976 2796 1017 2852 usi
1033 2807 1134 2855 essent.
1153 2819 1164 2849 a
1183 2798 1358 2856 Postmodum
1372 2813 1436 2855 vero
1450 2807 1571 2868 tempore
1586 2790 1689 2850 domini
1703 2790 1821 2863 Eugenii

56 2875 59 2879 “
174 2889 262 2948 pupae,
278 2883 308 2932 ut
331 2876 437 2946 dicitur,
453 2894 549 2937 cruces
564 2881 599 2938 de
613 2896 702 2954 panno
719 2883 805 2939 rubeo
828 2884 963 2941 mantellis
979 2885 1036 2942 anis
1050 2897 1190 2958 coeperunt
1209 2902 1330 2951 assuere,
1347 2909 1360 2936 ι
1378 2895 1431 2942 tam
1445 2885 1558 2959 equites,
1576 2903 1589 2935 ⁸
1615 2896 1697 2954 (111811
1725 2892 1820 2936 ⁰⁰f¹¹m

174 2962 283 3021 Fratres
297 2964 344 3038 qui
359 2965 485 3024 dicuutur
510 2968 675 3027 Sortientes.
701 2968 825 3039 Quorum
844 2989 889 3028 res
911 2972 982 3030 adeo
1010 2975 1096 3033 crevit
1117 2974 1145 3031 in
1172 2975 1348 3042 immensum,
1362 2982 1392 3030 ut
1416 2973 1528 3042 hodie»
1546 2970 1635 3044 inquit
1647 2967 1819 3033 Guillelmua,

176 3058 341 3110 «trecentos
368 3054 430 3125 plus
447 3056 569 3113 minusve
584 3056 619 3113 in'
639 3066 774 3116 conventu
803 3060 903 3117 habeat
917 3061 1034 3134 equites,
1060 3063 1128 3119 albis
1141 3063 1331 3135 chlamydibus
1343 3062 1462 3126 indutos,
1487 3059 1609 3131 exceptis
1632 3054 1781 3115 emnium
1808 3074 1820 3103 ι

173 3139 207 3196 Bt
220 3140 262 3198 his
275 3143 420 3214 postremis
441 3145 532 3201 verbis
544 3146 715 3216 conjicimus,
732 3146 861 3218 [tegulam
875 3148 961 3218 illam,
977 3166 1039 3222 que
1053 3151 1187 3208 bernardo
1210 3151 1316 3208 auctori
1335 3149 1472 3216 tribuitur,
1486 3146 1594 3204 nonnisi
1620 3153 1684 3218 post
1704 3143 1822 3201 Guillel·

173 3244 247 3284 mum
261 3230 411 3302 'tyrensem
424 3232 551 3304 scriptam
570 3233 672 3292 tuisse:
690 3235 908 3309 quandoquidem
920 3237 948 3292 in
962 3237 1051 3310 capite
1065 3238 1198 3313 vigesimo
1213 3239 1302 3311 primo
1324 3244 1451 3293 notentur
1470 3235 1577 3308 quidam
1599 3232 1823 3303 «pseudofratres

172 3331 207 3372 ex
232 3316 444 3374 Ultrsmontanis
467 3321 601 3391 pertibus,
621 3322 781 3378 mentientes
799 3339 829 3378 se
850 3339 910 3380 esse
925 3326 958 3380 de
970 3325 1099 3398 'lemp103
1118 3349 1129 3376 ι
1146 3333 1173 3381 et
1187 3326 1310 3399 quaedam
1325 3324 1397 3396 apud
1411 3323 1486 3395 ipsos
1501 3320 1596 3378 llilitce
1614 3342 1623 3367 ι
1641 3323 1701 3373 sine
1717 3320 1822 3376 disme-

174 3403 247 3461 tiune
260 3420 292 3460 ac
317 3406 430 3462 consilio
443 3408 596 3463 communis
610 3410 721 3480 capituli
750 3413 917 3469 succrevisse
943 3413 1050 3485 penitus
1063 3413 1229 3484 amputanda
1246 3434 1257 3461 ι
1273 3417 1432 3487 arguuntur,
1460 3425 1556 3481 nempe
1579 3407 1654 3480 quod
1688 3407 1824 3464 habebant

175 3491 237 3547 olim
266 3489 357 3551 famuli
375 3502 403 3549 et
416 3495 543 3568 armigeri
557 3496 618 3553 elba
642 3497 812 3567 vestimenta,
829 3501 903 3557 unde
917 3501 1063 3558 veniebant
1076 3500 1176 3557 damna
1190 3499 1384 3573 importabilis,
1404 3520 1415 3550 t
1443 3497 1556 3554 Nullum
1584 3510 1649 3551 vero
1677 3496 1822 3565 capitulum

174 3580 301 3652 generale
315 3582 530 3654 Templariorum
540 3583 588 3640 tuit
603 3593 665 3641 ante
680 3587 824 3645 concilium
837 3589 973 3645 irecense
986 3603 993 3644 ε
1008 3590 1102 3646 nullus
1116 3596 1196 3645 antea
1208 3588 1353 3661 peculiaris
1367 3587 1480 3644 ltilitum
1494 3583 1613 3651 habitus,
1629 3582 1678 3638 scd
1692 3582 1821 3657 vulgaris,

175 3669 259 3725 Albus
273 3668 313 3725 eis
325 3684 471 3727 concessus
486 3682 527 3729 est
541 3689 558 3729 a
570 3674 696 3733 Patribus
710 3675 826 3745 concilii,
842 3677 961 3749 exceptis
975 3677 1171 3736 servientibus.
1188 3677 1270 3746 Plane
1293 3676 1335 3734 rel
1351 3692 1383 3732 ex
1398 3675 1441 3732 his
1465 3672 1529 3729 solis
1542 3671 1633 3729 uerbis
1658 3668 1822 3743 intelligitur,

174 3758 226 3813 hoc
238 3757 332 3815 saltem
347 3759 496 3832 capitutum
504 3762 586 3836 longe
600 3771 663 3835 post
677 3773 703 3819 et
713 3769 818 3837 tempus
832 3765 942 3823 concilii
953 3765 1039 3823 inisse
1049 3765 1223 3837 adscriptum.
1235 3763 1389 3837 Capitulum
1400 3756 1825 3835 septimumrstsndumdivinum

174 3844 294 3902 cilicium
309 3847 397 3905 audiri
412 3871 425 3898 ι
441 3865 496 3906 non
509 3853 598 3907 sulum
608 3867 662 3909 non
678 3852 779 3921 laudat,
790 3855 838 3910 sed
854 3853 935 3910 etiam
951 3855 1097 3926 vituperat,
1114 3853 1261 3927 statuitque
1276 3852 1362 3908 sudiri
1373 3850 1493 3910 sedendo
1508 3867 1514 3903 :
1532 3847 1606 3920 quod
1621 3861 1688 3901 saue
1698 3854 1825 3902 statutum

175 3933 203 3989 in
216 3934 345 3992 bernardi
363 3944 485 3994 mentem
511 3956 564 3995 con
592 3941 722 3997 uenisset.
752 3943 782 3998 lu
809 3941 928 4015 capitulo
948 3941 1176 4015 quinquagesimo
1189 3948 1265 3999 sento
1280 3941 1416 4008 statuitur,
1436 3960 1448 3990 r
1465 3945 1494 3994 ut
1517 3935 1634 4007 amplius
1651 3947 1827 3991 commuue

175 4023 323 4081 habeantur
343 4046 349 4083 :
369 4048 380 4078 r
398 4027 471 4102 quod
485 4028 576 4100 arguit
600 4045 654 4085 non
669 4029 753 4086 luisse
768 4045 861 4088 recens
888 4031 1052 4088 institutum.
1068 4029 1110 4087 dd
1122 4031 1239 4086 loannes
1252 4028 1438 4086 ltichsclensis
1456 4026 1533 4084 istius
1546 4023 1659 4097 negate
1673 4030 1767 4079 tueor
1793 4020 1828 4077 sit

174 4111 233 4170 atii·
247 4110 424 4188 judicandum
440 4116 576 4192 relinquo.
591 4117 659 4175 illud
674 4119 701 4175 in
724 4134 756 4175 ea
773 4121 918 4176 observatu
932 4135 988 4176 non
1014 4119 1167 4192 indignum,
1184 4117 1257 4193 quod
1274 4138 1286 4173 r
1307 4117 1414 4176 collatio
1431 4132 1508 4188 «pro
1529 4112 1637 4172 coenula
1661 4110 1829 4181 ieiuniorum

175 4212 323 4277 usurpatur
336 4204 365 4260 in
380 4204 467 4280 capita
483 4205 591 4265 decimo
606 4215 694 4265 sento.
