3728 5940
112 164 152 234 ili
743 153 917 226 milti
942 151 1134 228 cummis.
1729 170 1767 234 gg

115 302 183 356 teste
196 294 330 354 Ordcricc
343 294 411 367 (ab).
426 293 466 349 De
479 293 529 348 hac
536 289 672 365 legatione
678 288 717 347 ita
723 290 820 350 sebit
834 291 994 349 Vincentius
1006 291 1034 348 in
1047 291 1117 350 libro
1123 290 1243 350 mado
1256 290 1291 350 da
1300 288 1361 350 tra
1373 291 1503 364 Staphatlf
1510 286 1766 354 Mmchnnds

109 399 177 459 cap.
191 387 245 443 49:
266 405 277 437 r
293 381 518 441 Excellentissimi
537 395 645 453 quoque
657 380 819 446 cardinales,
832 380 982 454 Gregorius
995 388 1023 436 et
1035 381 1132 437 aeuus
1145 379 1252 446 Leonis,
1268 380 1339 437 inter
1351 395 1420 454 quos
1435 383 1604 455 postmodum
1618 385 1652 442 de
1665 392 1766 458 papam

113 474 230 532 schisma
244 473 302 540 fuit,
318 489 377 529 cum
392 472 418 526 in
437 470 553 527 Galliam
567 470 654 540 missi,
668 470 696 524 io
713 470 832 540 partibus
847 470 995 526 Lemoaicis
1017 469 1152 542 legatione
1166 486 1214 526 sun
1229 471 1415 542 fungerentur,
1430 471 1553 530 adhunc
1576 474 1664 529 sirum
1679 475 1729 531 liei
1750 494 1764 528 s

114 564 279 635 Stephanum
295 581 308 615 s
328 562 428 635 pariter
441 567 631 616 convenerunt.
652 579 662 607 a
675 559 709 614 Et
722 559 831 630 quidem
843 558 1030 615 constitutioni
1045 557 1153 632 sugerii
1166 560 1275 614 abbatis
1284 573 1355 615 anno
1371 559 1440 618 rtis
1454 561 1669 633 subscripserunt
1683 564 1765 620 ambc

112 661 143 709 ut
157 653 246 727 legati,
260 651 333 724 apud
348 649 510 706 chesnium:
528 666 541 698 a
561 646 618 719 Ego
637 647 733 702 Petrus
745 646 985 720 sedisapostolicae
1004 649 1144 720 presbyter
1164 646 1307 705 cardinalis
1326 656 1352 704 et
1367 648 1471 721 legatus
1484 648 1565 706 laudo
1579 659 1607 706 et
1620 652 1763 711 continno.

112 740 172 814 Ego
188 741 339 813 Gregorius
353 739 442 795 Sancti
457 736 549 809 angeli
563 736 694 792 diaconus
705 736 852 792 cardinalis
866 746 894 793 et
904 737 1059 809 apostolica
1072 737 1145 792 aedis
1159 736 1264 806 lagatus
1275 736 1343 807 (id),
1359 745 1411 793 etc.
1425 737 1552 795 »Eodem
1568 746 1690 811 ternpore
1701 740 1767 798 lier-

112 832 215 889 nardus
231 830 362 903 quasdam
375 827 503 897 epistolas
524 825 632 895 scripsit
646 826 723 880 Petro
747 826 865 883 Diacono
888 826 1018 883 cardinali
1039 831 1138 899 legato,
1159 825 1284 881 nimirum
1304 825 1448 895 epistolam
1469 828 1598 884 decimam
1620 831 1765 900 septimam

113 930 141 977 at
154 927 313 990 sequentes:
330 932 409 990 quem
424 917 512 988 ipsum
527 930 587 971 esse
602 917 709 970 Petrum
725 915 820 971 Leonis
832 914 976 986 aliquando
989 931 1050 971 cum
1067 914 1186 970 ldaomco
1201 915 1327 983 opinatus
1340 928 1412 970 sum.
1427 917 1462 970 iit
1474 932 1535 973 curn
1549 917 1658 973 Petrum
1674 917 1764 988 illum,

113 1010 158 1067 cui
172 1009 320 1065 Bernartius
333 1005 438 1069 scribit,
463 1004 616 1071 diaconum,
639 1019 693 1058 nou
720 1003 905 1076 presbyterum
926 1005 1085 1062 canlinalcm
1104 1003 1185 1060 luisse
1201 1007 1325 1073 constot;
1342 1003 1465 1075 epistolae
1489 1004 1542 1061 iliae
1560 1006 1641 1063 Petro
1666 1004 1765 1064 leonis

111 1097 259 1154 convenire
273 1110 327 1151 non
342 1103 461 1165 possum,
481 1094 528 1165 qui
542 1102 604 1149 tunc
617 1093 675 1147 sine
694 1094 777 1148 dubio
790 1092 930 1164 presbyter
942 1093 1085 1150 cardinalis
1108 1101 1174 1158 erat,
1192 1099 1220 1148 ut
1234 1093 1331 1164 probat
1346 1106 1400 1148 nnn
1421 1094 1507 1150 solnm
1526 1093 1685 1167 Onuphrics
1703 1109 1764 1153 cum

112 1185 181 1249 aliis,
197 1184 246 1239 aad
259 1184 340 1239 etiam
356 1181 491 1253 praernissa
506 1181 592 1251 ipsius
607 1181 677 1238 Patri
691 1180 863 1253 subscriptio,
878 1188 959 1254 atqua
969 1181 1080 1252 sigerii
1095 1181 1291 1250 testimonium,
1307 1181 1378 1252 quod
1399 1197 1460 1237 mox
1475 1181 1650 1239 adducemus.
1671 1185 1765 1256 ltaque

110 1273 207 1330 Petrus
220 1274 265 1328 illc
279 1271 408 1328 diaconus
421 1270 563 1326 cardinatis
574 1286 604 1325 ae
618 1269 732 1343 legatus,
748 1271 795 1340 qni
813 1269 939 1327 Bernardi
958 1270 1116 1342 superiores
1128 1270 1251 1340 epistolae
1273 1270 1409 1342 inscriptae
1423 1279 1497 1334 aunt,
1518 1269 1640 1327 fortassis
1658 1273 1682 1328 ia
1703 1273 1765 1346 ipse

109 1361 199 1430 fucrit,
215 1361 261 1434 qui
275 1363 405 1416 altrorsus
419 1359 542 1417 Pontium
558 1359 682 1414 abbatem
704 1358 909 1415 Cluniacensem
923 1365 1137 1423 exauctoratum,
1155 1360 1272 1431 eiusque
1290 1358 1411 1415 fautores
1429 1358 1628 1423 fontinacam
1648 1360 1764 1419 Galliam

109 1451 222 1506 accessit
236 1466 268 1505 ex
284 1451 409 1505 mandato
423 1447 534 1504 Honorii
547 1463 643 1519 papae;
659 1449 737 1518 cujus
756 1448 794 1503 rei
813 1456 951 1504 auctorem
975 1447 1105 1504 habemns
1119 1448 1231 1504 Petrum
1244 1447 1431 1503 Venerabilero
1454 1446 1482 1502 in
1510 1447 1581 1504 libro
1596 1449 1717 1506 secundo
1730 1450 1764 1507 dc

111 1537 256 1604 iliracuiis,
270 1554 330 1610 cap.
352 1541 404 1594 ta:
423 1557 436 1589 a
452 1537 614 1591 Decesserat
627 1538 709 1605 ierne
725 1537 778 1591 vita
791 1524 875 1607 ¹supra
888 1536 1003 1608 scriptus
1017 1537 1185 1593 venerandus
1201 1550 1273 1608 papa
1287 1536 1415 1605 Colimus,
1432 1551 1482 1594 neo
1496 1552 1526 1592 se
1539 1534 1693 1594 inferiorem
1712 1553 1762 1610 pa-

108 1647 172 1706 pam
186 1631 334 1686 florarium
345 1635 487 1700 acceparat
496 1641 690 1683 successorem.
707 1625 757 1682 liic
771 1634 853 1683 tantae
863 1625 989 1682 Ecclesiae
1005 1645 1018 1675 a
1036 1625 1244 1682 cluniacensis«
1259 1635 1348 1682 tantos
1361 1625 1492 1680 tumultus
1501 1625 1623 1693 audiens,
1634 1626 1718 1684 misso
1727 1628 1762 1684 da

111 1720 195 1777 latere
207 1734 257 1775 suo
278 1719 377 1791 legato,
392 1717 504 1772 domino
527 1714 627 1771 scilieet
641 1715 722 1770 Petro
745 1714 885 1779 cardinali,
905 1713 1031 1770 Pontium
1049 1723 1077 1770 et
1091 1715 1243 1780 Fundanos,
1267 1712 1314 1787 qui
1327 1721 1392 1771 tunc
1406 1714 1445 1770 sic
1467 1714 1642 1782 vocabantur,
1666 1730 1764 1772 omues

110 1810 238 1881 adiuncto
253 1807 305 1862 sibi
320 1805 495 1880 Lugdunensi
513 1805 626 1875 primate
649 1803 780 1870 liubaldo,
797 1803 907 1859 terribili
926 1804 1095 1881 anathemate
1118 1802 1316 1860 condemnarit.
1338 1803 1452 1874 aculus
1464 1818 1530 1860 sero
1554 1802 1623 1858 tituli
1643 1804 1764 1861 isnardi

110 1897 180 1954 ndis
200 1897 288 1963 luerit,
313 1909 368 1948 non
388 1894 464 1948 facile
483 1901 525 1948 est
547 1891 673 1947 definire:
690 1891 858 1962 cumplures
877 1900 941 1948 tunc
964 1891 1097 1964 temporis
1116 1900 1201 1949 eraut.
1227 1899 1325 1963 praeter
1346 1893 1454 1949 Parum
1478 1892 1583 1958 Lacum
1599 1907 1631 1949 ec
1653 1893 1763 1951 nomiae

111 1985 275 2050 cardinalem
291 1981 418 2038 nimirum
432 1981 525 2037 Petrus
544 1980 689 2052 episcopus
701 1980 868 2050 londensis,
888 1981 985 2036 Petrus
997 1980 1108 2036 Pisanus
1131 1981 1172 2035 tit.
1196 1981 1303 2037 Sancte
1323 1980 1463 2049 Susanna,
1479 1982 1574 2038 Petrus
1596 1983 1762 2056 Burgundus

110 2077 150 2132 tit.
164 2074 254 2132 Sancti
269 2071 396 2139 Marcelli,
411 2073 506 2127 Petrus
521 2069 560 2125 tit.
584 2069 676 2125 Lanoti
688 2068 810 2139 AEquitii
827 2068 873 2141 qui
888 2068 975 2139 prima
989 2069 1100 2125 lionorii
1117 2069 1253 2125 creatione
1274 2078 1415 2141 promotus
1428 2078 1470 2127 ast
1483 2085 1554 2128 anuo
1569 2072 1649 2142 trac,
1668 2072 1762 2128 Petrus

110 2164 252 2237 presbyter
269 2160 410 2219 cardinalis
434 2159 473 2214 tit.
499 2159 603 2214 Sanctae
623 2156 774 2212 Anastasiae
797 2172 867 2212 anno
891 2165 1029 2228 sequente,
1050 2173 1081 2215 ac
1101 2157 1211 2214 demum
1237 2159 1346 2215 biennio
1364 2168 1426 2231 post
1448 2163 1546 2216 Petrus
1569 2160 1700 2218 diaconus
1720 2159 1760 2217 tit.

110 2253 199 2309 Sancti
215 2250 338 2308 Adriani.
354 2247 407 2305 Sed
420 2256 482 2303 ante
495 2247 591 2303 horum
607 2246 722 2302 duorum
737 2246 902 2302 creationem
911 2245 1038 2303 Bernardi
1049 2246 1171 2317 epistole
1185 2246 1292 2316 scripte
1305 2246 1440 2306 ridentur.

147 2343 205 2400 XL.
222 2342 326 2396 Interea
341 2339 453 2394 moritur
466 2336 602 2392 Honorius
617 2335 738 2407 pontifex
755 2335 844 2390 medio
864 2333 997 2390 februario
1011 2335 1073 2390 anni
1090 2338 1170 2392 llio.
1190 2336 1387 2393 Praecedentem
1402 2337 1522 2411 assignat
1540 2337 1761 2410 chronographus

109 2428 332 2488 Mauriciaccnsis
350 2430 385 2484 de
399 2441 474 2482 more
499 2424 645 2488 Gallicano,
661 2440 714 2496 qno
741 2425 801 2480 novi
825 2424 887 2478 anni
911 2421 1015 2480 initium
1039 2439 1053 2479 a
1076 2424 1207 2482 Pascbate
1230 2425 1420 2483 deducebatur.
1446 2428 1513 2484 Tum
1532 2446 1545 2479 s
1564 2425 1725 2494 cardinales,
1747 2447 1759 2477 s

109 2519 229 2576 nitidem
244 2515 476 2592 chronographus,
493 2534 506 2567 a
527 2513 649 2586 quicum
668 2513 793 2569 cancellar
800 2511 827 2568 io
848 2532 860 2563 s
878 2511 1056 2569 haimerico«
1078 2513 1142 2568 inibi
1164 2514 1287 2585 aderant,
1302 2525 1328 2573 at
1342 2515 1460 2573 Honorio
1482 2514 1628 2572 infirmanti
1646 2517 1760 2574 assede-

110 2617 178 2677 runt,
195 2606 359 2681 Gregorinm
382 2605 535 2677 quemdam,
560 2622 573 2655 a
596 2619 657 2658 euro
677 2603 780 2658 seilicet
797 2618 877 2672 quem
903 2602 986 2658 modo
1009 2602 1193 2671 laudabamus,
1220 2603 1364 2661 «scantia
1382 2621 1414 2661 ac
1433 2605 1563 2678 religione
1588 2605 1758 2678 preclarum,

108 2696 160 2755 stbi
173 2694 333 2770 preficiunt,
355 2703 382 2750 et
396 2692 479 2748 nimis
501 2692 667 2759 festinanter,
683 2701 713 2746 ut
735 2706 751 2745 a
773 2688 933 2762 quibusdam
953 2690 1061 2759 dicitur,
1086 2691 1285 2764 pontificalibus
1307 2692 1423 2750 induunt
1446 2694 1604 2768 insignibus.
1626 2694 1656 2749 ld
1686 2695 1759 2751 illius

109 2785 195 2862 gratia
212 2781 419 2856 dispensationis
434 2781 533 2837 lactum
546 2781 651 2850 dicunt,
665 2789 695 2836 ut
709 2781 814 2836 Petrum
833 2779 986 2851 quemdam,
1015 2780 1061 2851 qui
1075 2778 1239 2838 seculariter
1261 2781 1296 2837 ad
1311 2791 1440 2856 papatum
1454 2784 1614 2840 ridebantur
1626 2782 1758 2856 aspirare,

108 2891 157 2946 spe
170 2890 219 2930 sua
242 2873 445 2928 frustrarentur.
469 2869 531 2925 Fuit
545 2869 589 2925 hic
613 2871 707 2924 Petrus
722 2869 793 2925 Petri
808 2867 889 2935 filius,
906 2869 952 2925 filii
966 2868 1076 2938 Leonis,
1093 2893 1105 2921 ι
1121 2879 1149 2927 et
1163 2879 1271 2942 catera,
1285 2889 1346 2945 quae
1368 2873 1492 2946 superius
1510 2875 1544 2930 de
1558 2887 1591 2930 en
1606 2873 1757 2930 retulimus.

107 2965 218 3023 Eactum
232 2963 331 3021 clarius
349 2960 474 3032 exprimit
498 2959 628 3035 Sugarius
653 2959 680 3013 in
694 2959 763 3013 libro
785 2959 819 3014 de
842 2958 902 3015 Vita
925 2958 1054 3017 ludovici
1076 2960 1181 3030 Grcssi,
1204 2960 1251 3017 ubi
1264 2961 1310 3029 ait,
1328 2964 1481 3020 «Romane
1493 2961 1624 3020 Ecclesia
1644 2963 1759 3034 majores

108 3061 135 3112 et
153 3052 345 3125 Sapientiores,
367 3070 380 3101 a
407 3051 539 3105 exstincto
561 3047 692 3115 Honorio,
712 3048 745 3102 ad
760 3048 954 3107 removendum
971 3048 1097 3106 Ecclesia
1113 3050 1257 3109 tumultum
1272 3071 1286 3104 a
1303 3053 1480 3120 consensisse,
1508 3074 1519 3104 ι
1540 3054 1612 3124 apud
1628 3051 1757 3109 Sanctum

106 3140 235 3206 Marcum,
251 3150 279 3197 et
293 3156 347 3196 non
362 3139 432 3202 alibi,
448 3145 475 3192 et
485 3136 592 3192 nonnisi
606 3136 783 3192 communiter
797 3136 920 3192 Romano
936 3151 1011 3193 more
1025 3137 1161 3195 celebrem
1176 3136 1235 3196 fieri
1249 3141 1418 3199 electionem.
1436 3160 1449 3193 a
1465 3141 1526 3198 ait«
1541 3141 1588 3213 qui
1601 3140 1759 3198 assiduitate

106 3237 134 3288 et
161 3229 338 3286 familiaritate
359 3227 565 3299 propinquiores
587 3225 727 3295 apostolici
751 3225 865 3290 fuerant,
890 3224 986 3282 timore
1008 3226 1229 3284 tumultuantium
1253 3228 1434 3285 Romanorum
1457 3230 1519 3286 illuc
1539 3228 1681 3286 convenire
1704 3244 1758 3286 non

106 3319 247 3384 audentes,
270 3324 415 3388 antequam
438 3314 619 3388 publicaretur
641 3313 742 3369 domini
772 3329 849 3385 papae
872 3314 1009 3379 docemus,
1033 3330 1177 3387 personam
1199 3316 1391 3387 venerabilem,
1415 3317 1578 3374 cardinalem
1602 3317 1635 3374 de
1659 3321 1757 3375 Sancto

105 3406 212 3480 Angelo
223 3405 362 3463 diaconum
387 3403 559 3475 Gregorinm,
574 3417 706 3457 summum
727 3402 842 3475 elegisse
866 3400 1037 3473 pontificem:
1064 3403 1109 3476 qui
1124 3412 1216 3460 autem
1245 3405 1314 3460 Petri
1328 3404 1428 3460 Leonis
1443 3405 1509 3472 parti
1534 3404 1670 3476 favebant,
1686 3407 1757 3478 apud

105 3494 232 3553 Sanctum
248 3495 367 3551 Marcum
382 3508 431 3565 pro
445 3503 523 3565 pacto
535 3491 603 3547 alios
618 3489 761 3546 invitantes
781 3490 957 3562 convenisse3
978 3489 1135 3563 dominique
1155 3506 1234 3563 papae
1248 3500 1336 3548 morte
1349 3501 1499 3564 compertu,
1518 3492 1606 3563 ipsum
1629 3494 1757 3549 eumdem

104 3585 214 3641 Petrum
232 3582 340 3648 Leonis,
364 3581 526 3640 cardinalem
552 3578 750 3651 presbyterum,
776 3579 932 3648 multorum,
956 3586 983 3633 et
1007 3579 1206 3652 episcoporum,
1232 3588 1259 3636 et
1279 3580 1465 3649 cardinalium,
1489 3590 1516 3637 et
1535 3579 1705 3645 clericorum,
1730 3591 1757 3637 et

104 3672 287 3730 Romanorum
312 3670 441 3728 nobilium
464 3685 600 3726 consensu
623 3667 712 3726 sotim
733 3667 867 3738 elegisse:
894 3667 1024 3738 »sicque
1046 3668 1163 3724 schisma
1187 3668 1365 3741 perniciosum
1389 3669 1535 3725 conflatum
1559 3669 1651 3728 luisse.
1681 3669 1757 3726 Prior

105 3762 198 3834 itaque
211 3771 270 3819 erat
281 3760 429 3818 innocentii
444 3758 556 3816 electio:
572 3757 619 3814 sed
635 3771 817 3830 praepropera,
832 3770 883 3813 nec
897 3752 931 3810 ab
946 3755 1074 3814 universo
1087 3757 1244 3832 eligentium
1268 3767 1340 3816 coetu
1359 3760 1436 3816 facta.
1453 3782 1464 3810 r
1486 3759 1554 3816 Cum
1577 3766 1666 3815 autem
1686 3759 1757 3816 Petri

102 3850 198 3910 honis
211 3867 276 3922 pars
290 3861 344 3907 tum
361 3858 501 3921 parentum
515 3846 682 3923 suffragiu»
703 3846 776 3901 addit
798 3845 939 3919 Sugarius,
960 3864 974 3898 a
994 3855 1053 3903 tum
1071 3847 1200 3906 Romane
1224 3849 1373 3907 nobilitatis
1397 3849 1516 3920 presidio
1540 3849 1718 3919 prevaleret3
1740 3870 1753 3901 a

102 3938 276 3999 Innocentius
290 3939 390 3997 Urbem
414 3937 525 4006 descrit,
544 3945 571 3992 et
592 3936 627 3993 ad
642 3946 732 4005 piantes
753 3934 901 3992 Galliarum
925 3935 1032 4012 navigio
1051 3937 1198 4007 descendit,
1217 3939 1399 4011 «nuntiisque
1418 3938 1451 3992 ad
1471 3954 1562 4013 regern
1589 3937 1756 3995 Ludoticum

102 4031 253 4103 destinatis,
275 4050 288 4082 a
309 4031 369 4101 ejus
383 4044 463 4101 opem
478 4026 618 4098 efflagitat.
644 4025 825 4096 Quamobrem
849 4023 1002 4082 Ludcricus
1025 4024 1147 4097 Stampas
1170 4025 1266 4081 indicit
1287 4025 1472 4093 amachium„
1480 4025 1756 4097 archiepiscoporum,

102 4121 301 4194 episcoporum,
319 4119 443 4174 abbatum
464 4127 491 4172 et
509 4114 701 4186 religiosorum
716 4114 852 4176 virorum;
869 4124 896 4166 et
915 4128 1010 4167 eorum
1022 4112 1135 4167 consitio
1151 4114 1235 4185 magis
1250 4114 1284 4168 de
1308 4128 1435 4186 persona,
1461 4129 1539 4186 quam
1565 4115 1599 4170 de
1625 4114 1756 4172 electione

101 4207 276 4280 investigans.
295 4226 308 4257 a
323 4204 479 4260 Innocentio
494 4202 539 4255 dat
552 4216 655 4264 manus,
672 4208 782 4255 auctore
795 4198 940 4264 Eemardu,
957 4197 984 4252 in
998 4199 1079 4268 cujus
1097 4196 1258 4272 suffragium
1275 4201 1356 4258 tctim
1364 4202 1470 4259 concilii
1483 4211 1547 4259 vota
1561 4211 1755 4269 convenerant,

101 4303 169 4352 teste
187 4294 306 4349 Ernalrto
319 4291 348 4347 in
361 4292 431 4347 libro
456 4288 576 4346 monnio
591 4288 625 4342 de
640 4287 699 4356 ejus
720 4285 791 4361 Vita,
804 4302 855 4357 cap
871 4290 896 4341 l.
911 4286 968 4343 Sub
983 4288 1041 4342 baec
1063 4288 1202 4360 sugerius,
1218 4289 1324 4361 ntiipse
1345 4292 1527 4364 persequitur,
1542 4292 1669 4351 mandato
1685 4293 1756 4369 regis

101 4382 210 4443 obuiam
229 4381 385 4438 innocentio
405 4378 504 4434 missus
523 4376 680 4433 Cluuianum
702 4391 803 4449 usque;
829 4375 909 4446 cuius
927 4374 981 4431 lcci
999 4377 1083 4431 abbas
1107 4379 1204 4435 Petrus
1227 4379 1392 4437 Venerabilis
1408 4389 1435 4436 et
1458 4381 1583 4438 monachi
1608 4383 1755 4454 anacleto,

101 4473 234 4531 monacho
248 4470 384 4543 quondam
395 4483 455 4536 suo,
470 4465 651 4523 Innocentium
666 4465 850 4537 praetulerant,
866 4472 896 4522 ut
910 4471 1005 4537 postea
1019 4465 1173 4524 notabimus
1188 4469 1220 4523 ad
1243 4467 1386 4540 epistolam
1401 4470 1574 4527 centesimam
1595 4469 1754 4543 vigesimam

101 4572 216 4620 sextam.
231 4563 288 4619 Rex
302 4558 361 4631 ipso
374 4557 506 4630 usquead
520 4555 690 4612 Floriaoense
705 4553 787 4612 sancti
800 4554 935 4611 Benedicti
950 4558 1144 4611 monasterium
1160 4573 1222 4613 cum
1237 4560 1331 4629 regina
1345 4568 1373 4616 et
1386 4558 1451 4615 filiis
1461 4560 1516 4615 suis
1531 4577 1608 4633 papae
1627 4559 1754 4626 occurrit,

100 4652 243 4723 etregium
259 4648 395 4715 verticem,
422 4654 580 4717 «tanquam
607 4644 642 4700 ad
666 4645 821 4717 sepulcrum
847 4644 916 4699 Patri
940 4643 1080 4714 inclinans,
1106 4645 1220 4717 pedibus
1240 4649 1298 4717 eius
1322 4649 1484 4718 procumbit.
1511 4670 1522 4700 ι
1549 4651 1616 4720 Ejus
1630 4649 1754 4718 exemplo

100 4756 150 4798 rex
169 4740 273 4816 angliae
297 4737 437 4805 henricus,
461 4733 556 4789 itidem
583 4733 742 4789 innocentio
767 4754 779 4785 a
809 4734 954 4789 carnotum
977 4748 1133 4799 occurrens,
1150 4735 1450 4810 devotissimepedibus
1471 4739 1532 4808 ejus
1554 4745 1714 4810 prostratus,
1737 4758 1750 4786 ι

100 4846 178 4887 suam
192 4843 358 4901 suorumque
372 4823 553 4882 obedientiam
571 4824 595 4880 ei
612 4821 753 4895 promittit.
769 4823 943 4880 Innocentius
962 4839 1027 4880 vero
1051 4846 1065 4874 a
1085 4823 1218 4882 visitanda
1237 4825 1404 4884 Gallicanam
1427 4826 1581 4897 Ecclesiam,
1603 4827 1637 4882 ad
1664 4834 1754 4897 partes

100 4935 130 4976 sa
144 4916 272 4975 transfert
295 4913 531 4988 Letharingorum.
557 4911 686 4968 Caicum
709 4911 857 4982 imperator
875 4913 1020 4970 aotharius
1039 4914 1145 4971 civitate
1160 4914 1252 4970 Leodii
1274 4932 1336 4971 cum
1359 4931 1457 4990 magno
1479 4915 1752 4993 archiepiscoporum,

100 5017 127 5065 et
141 5009 340 5080 episcoporum,
354 5013 382 5060 et
395 5001 535 5059 Teutonici
559 5000 635 5075 regni
650 4999 810 5071 optimatum
831 5001 943 5073 collegio
964 5001 1140 5058 celeberrime
1159 5003 1338 5072 occurrisset;
1355 5004 1381 5059 in
1395 5005 1481 5076 platea
1495 5014 1557 5062 ante
1571 5003 1752 5076 episcopalem

101 5096 244 5156 ecclesiam
257 5093 407 5151 humillime
421 5107 451 5148 se
464 5092 552 5163 ipsum
568 5097 709 5146 stratorem
732 5088 862 5158 offerens,
879 5089 961 5160 pedes
979 5107 1030 5163 per
1043 5090 1163 5147 medium
1186 5101 1288 5149 sanctae
1303 5093 1485 5163 processionis
1498 5094 1533 5151 ad
1558 5109 1621 5151 eum
1633 5093 1751 5158 festinat,

101 5185 246 5244 aliarum
264 5183 364 5258 virgam
394 5183 427 5236 ad
455 5179 667 5245 defendendum,
695 5179 747 5234 alia
773 5177 879 5233 frenum
911 5177 965 5234 albi
997 5179 1059 5252 equi
1092 5181 1241 5254 accipiens,
1270 5190 1397 5252 tanquam
1421 5182 1561 5240 dominum
1589 5183 1751 5239 deducebat.

100 5270 286 5333 Descendentc
301 5287 364 5331 vero
379 5279 434 5327 tcta
447 5269 578 5334 statione,
594 5283 656 5324 eum
671 5266 859 5339 suppodiando
873 5267 1029 5340 deportans,
1045 5269 1232 5327 celsitudinem
1247 5270 1417 5343 paternitatis
1431 5273 1490 5344 ejus
1508 5273 1582 5330 notis
1601 5279 1629 5330 et
1652 5269 1755 5345 ignotis

136 5454 195 5530 (ab)
212 5452 369 5522 Orderious,
382 5449 429 5507 lib.
443 5463 496 5515 xri,
510 5463 539 5521 p.
554 5449 617 5508 877.
988 5447 1046 5521 (36)
1066 5447 1210 5518 chesnius,
1225 5455 1299 5509 tomo
1313 5449 1360 5519 tv,
1375 5466 1440 5528 pag.
1454 5451 1517 5510 tta.
