3728 5940
438 240 537 306 amaa
555 242 599 305 ull
613 240 791 306 PRAEGRP'N
809 240 851 302 BT
871 240 1140 310 classensibus.
1562 273 1616 332 378

85 373 202 431 sunnia
215 379 335 427 struatur
349 369 384 425 de
403 367 588 442 impossibili?
615 371 699 434 ltsne,
722 367 804 460 in]
823 366 931 429 casione
958 376 1058 431 malurn
1084 375 1122 432 ita
1150 378 1337 437 inobedientis
1351 391 1533 462 exaggeratis,
1556 404 1616 453 ut,

95 461 227 517 monacho
252 458 353 515 crimen
380 456 523 513 insidiatur
549 455 764 513 inobedientiae?
817 473 872 528 tarn
899 465 1053 519 nemssario
1073 466 1146 520 bouo
1162 467 1348 536 promittendae
1376 472 1538 536 obedientie
1559 492 1614 542 ter·

90 548 200 623 antiqua
213 546 258 602 illa
273 557 325 602 tarn
340 555 414 612 nuta,
434 555 462 602 at
480 553 535 600 um
557 545 638 601 noxia
662 560 764 614 prava·
819 550 916 603 neatis:
932 552 995 623 quis
1022 553 1072 607 etsi
1087 553 1198 611 difficile
1225 567 1336 614 cavetur
1349 560 1451 633 ubique
1463 568 1616 640 subrepens

92 638 181 702 nesse,
196 645 226 691 ut
245 637 375 702 creditur,
398 633 592 706 iramqentiam
615 649 765 704 conseque·
820 634 896 706 [rae.
911 638 1074 712 subripiens]
1089 641 1129 696 rel
1144 641 1284 710 insidians,
1296 655 1325 701 ut
1343 663 1393 704 ros
1406 651 1504 719 dicitis,
1522 656 1616 717 inobe-

84 726 219 785 eammodo
236 723 380 790 consessio,
395 732 423 779 ει
436 738 490 779 nou
503 722 626 780 delensio
639 735 766 793 sequere·
818 723 918 779 dientia
931 726 960 780 in
974 735 1028 782 tarn
1046 729 1127 785 variis
1142 741 1170 786 et
1184 733 1342 803 innumeris,
1363 753 1424 808 quae
1438 744 1616 802 asenioribus

84 831 131 891 ιω
145 818 216 870 ,nim
230 820 341 878 mmm,
358 819 387 867 ur
398 812 500 868 dimum
519 821 571 878 est,
595 811 687 868 nocuit
702 811 767 865 sim·
819 809 990 886 indicuntur3
1005 831 1060 872 non
1071 833 1177 889 semper
1196 832 1283 876 tamen
1298 823 1485 884 damnabiliter
1500 848 1547 886 seu
1565 837 1617 890 eri·

84 902 189 969 saonis,
204 901 327 974 quamvis
340 915 373 957 ex
386 899 591 964 deliberatione,
613 909 766 970 transgres-
820 900 954 957 minalitar
968 905 1041 974 quod
1060 906 1225 978 praecipitur,
1241 924 1295 966 uon
1314 910 1448 984 impletur.
1474 919 1531 975 Etsi
1544 923 1615 980 enlm

84 1000 170 1050 rutum
184 991 318 1063 adjuncta
337 988 523 1047 excusationis
542 1004 604 1046 cum
619 986 766 1059 praemedi·
820 989 908 1047 omnis
941 991 1125 1050 inobedientia
1152 996 1367 1056 inexcusabiliter
1395 1003 1429 1061 sit
1454 1008 1614 1082 culpabilis,

91 1080 250 1141 obstinatio.
717 1153 723 1164 ,
821 1079 892 1134 nulla
905 1088 995 1135 tamen
1021 1082 1185 1137 eternaliter
1202 1084 1372 1154 damnabilis,
1393 1092 1444 1146 nisi
1473 1113 1552 1166 quam
1575 1117 1616 1156 re·

269 1188 381 1246 cqpm·
407 1187 470 1243 χῃ,
821 1168 939 1225 medium
958 1167 1122 1240 paenitentiae
1137 1186 1190 1227 non
1214 1181 1309 1244 sauat3
1334 1178 1409 1234 nulla
1422 1192 1464 1238 est
1485 1185 1616 1246 lethaliter

84 1280 129 1339 sle
138 1290 222 1353 ‘oeqae
246 1295 278 1334 uc
304 1279 361 1349 leqe
378 1276 474 1332 divine
496 1276 696 1348 dispensatam
710 1289 768 1332 Μ
820 1254 977 1322 criminalis,
998 1257 1055 1357 .⁰i.⁸⁵
1069 1274 1130 1328 quae
1143 1265 1324 1333 contemptum
1339 1269 1474 1336 superbire
1488 1288 1542 1329 non
1557 1280 1616 1334 evi-

266 1347 468 1404 iacbedientioe.
819 1349 868 1399 tat.
884 1345 979 1417 lingna
997 1353 1080 1416 agutur
1103 1351 1234 1404 securitas
1259 1349 1320 1406 liliis
1334 1354 1502 1431 obedientie,
1530 1371 1556 1419 et
1570 1383 1615 1422 re.

85 1439 139 1497 Sed
164 1437 283 1509 nunquid
307 1435 376 1491 sorra
400 1434 428 1488 in
450 1435 511 1506 loge
537 1435 649 1505 quidem
674 1433 768 1491 diuina
820 1448 883 1489 vera
910 1448 962 1498 ραι
975 1433 1128 1490 bominibus
1155 1437 1232 1494 bonae
1253 1439 1416 1499 voluntatis:
1441 1451 1568 1519 quoniam
1588 1455 1616 1510 in

84 1535 156 1584 aest
174 1526 231 1581 baec
244 1522 425 1580 consideratio
438 1520 581 1597 gravioris,
604 1520 767 1593 leviorisque
821 1521 896 1576 omni
908 1521 1062 1578 obedientia
1076 1523 1133 1578 sola
1155 1525 1298 1582 damnatur
1311 1529 1514 1604 impoenitentis,
1535 1557 1615 1611 quam

84 1616 173 1683 sarie,
193 1629 248 1670 nou
267 1622 358 1669 autem
374 1611 411 1667 ita
432 1619 459 1667 et
482 1611 509 1666 in
531 1610 634 1683 Regiis
656 1609 767 1667 nostrai
822 1611 906 1666 nescit
929 1610 976 1682 qui
992 1609 1080 1682 diligit
1101 1614 1205 1680 libanu
1221 1616 1277 1673 sola
1304 1618 1491 1681 incriminatur
1516 1645 1615 1700 super·

83 1701 263 1760 &medicat
277 1700 338 1770 plus
352 1697 524 1756 tribuendum
538 1699 674 1770 humanis,
686 1715 766 1770 quam
783 1700 805 1780 fl
821 1699 876 1769 bia,
904 1716 985 1771 quam
1010 1699 1088 1756 laeile
1109 1712 1188 1757 cavet
1208 1705 1255 1776 qui
1284 1706 1359 1763 timet
1384 1712 1545 1779 gebennam.
1562 1719 1615 1775 Sed

85 1789 291 1858 traditionibus;
307 1788 445 1860 plurisque
459 1787 533 1860 quod
547 1803 595 1858 per
607 1802 671 1843 suos
683 1788 768 1854 Deus,
822 1789 953 1860 exemplis
966 1789 1065 1846 clarius
1087 1792 1221 1848 elucescet
1235 1795 1307 1866 quod
1322 1797 1445 1859 dicimus.
1465 1802 1494 1858 Si
1505 1804 1617 1874 jubente

83 1880 138 1937 uod
152 1895 199 1951 per
214 1893 244 1934 se
258 1879 347 1947 ipsum
356 1877 481 1947 imperat,
493 1876 678 1931 estimandum
689 1875 768 1930 idn·
823 1877 929 1940 seniore
948 1886 978 1933 ut
992 1877 1096 1945 sileam,
1111 1881 1222 1937 verbum
1236 1884 1302 1939 mihi
1312 1885 1381 1942 lorte
1397 1905 1442 1958 per
1456 1892 1616 1953 oblivionem

83 1968 162 2040 sique
177 1978 205 2020 et
228 1964 300 2036 apud
315 1971 438 2020 sanctum
455 1962 631 2018 benedictum
650 1963 769 2034 proprie
822 1966 936 2024 elabitur
949 1983 956 2033 ;
970 1981 1048 2023 reum
1064 1983 1106 2022 me
1134 1967 1218 2027 fateor
1232 1972 1431 2043 inobedientiae,
1447 1981 1494 2035 sed
1509 1984 1619 2041 veniali·

83 2061 149 2111 acte
164 2054 197 2108 ab
213 2051 325 2108 invicem
349 2050 491 2109 sententie
514 2051 695 2116 inveniuntur,
716 2050 769 2106 alia
822 2065 873 2113 ter.
888 2055 916 2112 Si
929 2071 963 2112 ex
987 2064 1142 2129 contempta
1166 2061 1252 2116 sciens
1269 2069 1295 2116 et
1309 2064 1459 2121 deliberans
1471 2081 1568 2141 sponte
1590 2076 1616 2130 in

83 2142 185 2207 oribus,
204 2137 291 2198 619
320 2138 371 2194 alia
390 2140 424 2195 de
450 2138 619 2210 grauioribus
641 2138 768 2210 inscripta
821 2144 902 2200 rerba
911 2158 1073 2217 prorupero,
1084 2155 1110 2202 et
1120 2163 1219 2218 rupero
1229 2149 1329 2207 silentii
1340 2154 1446 2227 legem:
1459 2164 1617 2226 pravarica-

83 2229 176 2302 ›(309‚
191 2229 218 2286 s,
234 2227 392 2295 Benedicti,
407 2242 488 2298 capp.
506 2229 550 2296 al,
567 2228 624 2294 ab.)
641 2225 712 2294 Quid
726 2238 768 2282 est
822 2241 906 2288 torem
920 2248 964 2289 me
978 2235 1123 2303 constituo,
1133 2244 1161 2292 et
1174 2238 1363 2311 criminaliter3
1373 2250 1400 2298 et
1409 2246 1431 2300 si
1448 2245 1619 2318 impaenitens

83 2317 161 2376 terior
173 2317 262 2388 culpa,
282 2315 334 2370 nisi
358 2315 444 2371 leuior
467 2314 672 2372 inobedientia?
696 2315 766 2371 Tra-
822 2335 1061 2393 perseveransque
1074 2323 1108 2377 ad
1118 2333 1241 2392 mortem,
1250 2329 1366 2396 peccam,
1378 2340 1406 2385 et
1419 2333 1616 2392 damnabiliter.

84 2405 167 2484 igitur
181 2421 197 2462 a
212 2404 328 2476 prelatis
343 2404 479 2461 interdum
506 2403 611 2460 minora
629 2404 765 2473 mandata,
1114 2420 1227 2477 CAPUT
1245 2423 1321 2481 Xlll.

82 2514 89 2551 ι
118 2494 298 2566 latreusis>
325 2493 427 2593 teriora
454 2493 603 2593 ernanum
627 2492 765 2592 'nautam
824 2527 938 2607 neena
956 2525 1117 2609 mecaenas,
1135 2525 1497 2599 ersficatraem,vezeeem
1520 2543 1620 2615 ampos-

82 2590 202 2658 .p9ccata
215 2591 261 2652 ;et
275 2590 363 2639 tamen
375 2598 402 2636 ru
416 2582 502 2637 Deum
513 2581 688 2680 nibilominus
702 2595 768 2651 pne·
857 2595 1023 2653 miditatem
1036 2596 1201 2655 obedientie
1218 2601 1353 2673 reliqiosoe
1366 2607 1489 2666 nimium
1503 2627 1620 2685 exaque-

82 2686 103 2729 ,ε
133 2669 174 2736 lit,
203 2671 310 2743 quoties
336 2669 439 2726 abbatis
466 2668 554 2738 jussio
581 2676 754 2740 proelerllur:
855 2670 963 2723 radice·

82 2766 148 2817 raet
165 2775 198 2817 ex
211 2761 330 2831 oreipso
345 2757 460 2815 Deinon
483 2756 597 2829 equalis
613 2764 678 2811 sunt
700 2769 764 2826 pro·
858 2763 902 2816 31.
931 2760 974 2817 Aa
1002 2769 1030 2817 et
1052 2763 1103 2820 boo
1130 2763 1227 2822 durum
1255 2766 1369 2826 fortasse
1391 2772 1533 2832 rideatur?
1558 2779 1622 2835 Hac

82 2873 104 2927 t,
117 2866 145 2915 et
157 2858 219 2914 ideo
234 2873 288 2913 non
299 2857 394 2930 aequali
409 2862 505 2912 cuneta
520 2853 655 2925 vigilantia
668 2854 766 2910 obser·
824 2849 996 2922 quittassent
1007 2860 1106 2918 vestre.
1127 2853 1150 2909 si
1165 2854 1233 2910 bene
1247 2857 1345 2926 recolo,
1356 2862 1447 2934 verba,
1469 2881 1530 2922 eum
1550 2867 1621 2923 dilli-

82 2945 146 3016 ;sed
159 2945 210 3002 alia
220 2960 284 3002 cura
299 2944 450 3000 exbibenda
464 2949 505 2999 εει
518 2942 542 2998 εἰ
556 2942 649 3013 procul
674 2942 767 3008 dubio,
783 2940 806 3021 c
821 2939 947 2996 cultatem
961 2955 1011 2995 sen
1027 2941 1281 3012 impossibilitatem,
1305 2954 1334 3002 ut
1355 2950 1432 3006 vobis
1446 2953 1558 3020 videtur,
1577 2967 1620 3013 te-

82 3034 383 3108 aapcrbibetprimum
396 3030 769 3091 etmoeimumnroadolam
823 3029 918 3085 neude
943 3028 1115 3097 obedieutiae,
1130 3031 1172 3088 rel
1196 3036 1323 3091 cavendae
1343 3037 1530 3100 inobedientia
1554 3062 1620 3103 con-

82 3138 171 3190 ‚usq
184 3122 230 3194 ³8)
246 3138 253 3177 ι
269 3123 322 3179 alia
331 3121 373 3177 bis
387 3137 447 3193 quse
461 3121 528 3176 alibi
544 3119 770 3189 discernens,(lai
823 3119 983 3185 siderantes,
1004 3119 1032 3174 in
1060 3119 1141 3175 sitam
1168 3120 1204 3176 ita
1223 3125 1407 3182 monachicam
1440 3133 1618 3191 exclamatis:

82 3217 103 3284 t,
129 3211 229 3284 inquit,
260 3227 351 3268 anum
365 3211 398 3269 de
412 3211 455 3268 bis
477 3211 605 3268 minimis
625 3210 768 3266 mundetis
827 3207 980 3265 «Haeccine
1001 3217 1042 3264 εει
1060 3208 1105 3263 illa
1122 3223 1155 3265 eo
1174 3211 1304 3279 securior,
1320 3230 1373 3286 quo
1387 3219 1501 3293 aretior;
1517 3237 1549 3279 ao
1562 3239 1622 3280 eer-

82 3341 92 3358 .
105 3316 136 3366 r,
151 3300 207 3370 te).
227 3297 299 3368 Quid
312 3299 403 3372 erqo?
424 3299 586 3354 Audivimus
603 3313 636 3353 ex
664 3296 769 3368 Regula
825 3298 888 3366 tior,
902 3311 959 3368 quo
971 3297 1061 3370 magis
1071 3297 1155 3352 ardua
1169 3299 1338 3357 verrienuiad
1352 3304 1437 3360 Deum
1453 3308 1506 3376 via,
1516 3321 1546 3366 ut
1560 3326 1622 3367 mo-

81 3394 154 3447 eset
163 3387 279 3444 leuiores
292 3387 404 3460 culpas;
418 3386 536 3458 legimus
548 3394 575 3442 et
584 3386 612 3441 iu
624 3385 770 3458 Evangelio
828 3385 916 3441 nacho
930 3386 1088 3441 naturaliter
1109 3387 1180 3442 bona
1203 3387 1247 3442 rix
1260 3404 1367 3458 cauere,
1382 3397 1539 3454 naturaliter
1552 3399 1623 3455 bona

82 3477 281 3547 emiuimaque
292 3476 433 3532 mandatu:
446 3483 472 3532 et
484 3478 671 3531 mandatorum
687 3480 771 3529 trans·
825 3474 870 3530 vix
884 3491 934 3543 pro
955 3473 1095 3531 communi
1121 3474 1274 3533 infirmitate
1299 3466 1412 3538 calenti⁸
1423 3483 1545 3555 irublere,
1570 3503 1623 3543 nou

81 3580 139 3624 taes
152 3564 295 3622 universas
307 3563 428 3621 dicemus
451 3565 590 3635 aequaliter
615 3562 770 3618 maximas?
832 3562 922 3618 minor
936 3559 1272 3620 tamenbfflneeessaria
1287 3568 1321 3621 sit
1336 3572 1438 3626 cautela
1451 3574 1622 3644 adcarenda,

81 3652 192 3728 ttigitur
203 3667 316 3709 necesse
328 3662 357 3709 ut
372 3654 517 3709 concedam
532 3650 605 3723 quod
618 3649 770 3715 dicitis,aut
824 3649 870 3706 vel
892 3650 1063 3707 observanda
1081 3667 1142 3722 quae
1166 3652 1219 3707 sibi
1240 3655 1369 3724 praelatus
1392 3675 1456 3713 suus
1470 3662 1511 3716 vel
1531 3664 1625 3732 probi-

81 3740 147 3801 dlcet
160 3756 214 3799 non
229 3740 310 3797 tribui
323 3757 404 3797 omne
416 3741 488 3812 quod
502 3741 536 3795 ab
550 3739 660 3795 bomine
673 3738 772 3810 maqis-
824 3741 889 3795 bere
898 3739 1024 3806 uoluerit,
1037 3738 1079 3795 vel
1087 3740 1208 3809 jubere?
1221 3760 1232 3790 a
1246 3741 1280 3795 El
1299 3743 1426 3801 subditis:
1446 3767 1457 3796 a
1469 3746 1545 3816 Quod
1561 3768 1622 3807 cum

81 3830 314 3904 luitur,quoduou
327 3829 464 3888 aitcontra
476 3825 771 3898 Deum3autmonacbo
828 3844 843 3882 a
860 3828 950 3882 multis
964 3829 1101 3895 credatur,
1121 3828 1183 3885 licet
1197 3847 1212 3885 a
1227 3829 1328 3901 paucis,
1353 3835 1393 3889 vel
1410 3836 1489 3890 etiam
1508 3854 1526 3893 a
1543 3841 1625 3898 nullis

99 3933 180 3992 posse
194 3917 309 3975 inveniri
331 3919 391 3975 leue
413 3935 461 3974 seu
489 3917 591 3974 veniale
613 3924 769 3987 pecatum:
825 3915 858 3971 sd
884 3917 1019 3991 integrum
1042 3918 1220 3986 observetur,·
1234 3917 1298 3989 quid
1320 3919 1393 3976 alind
1416 3936 1542 3992 operatur
1565 3931 1624 3984 rati,

81 4005 200 4064 aitoties
214 4007 271 4063 beo
284 4005 370 4079 (quod
383 4005 522 4064 latendum
537 4005 590 4077 est)
613 4001 771 4058 inobediens
824 4006 969 4062 sententia
988 4006 1145 4074 credulitas,
1168 4023 1249 4077 quam
1268 4010 1341 4080 quod
1364 4008 1409 4066 illa
1423 4014 1458 4068 ab
1488 4016 1622 4087 Apostolo

81 4096 248 4165 revincitur,
268 4096 374 4168 quoties
396 4097 466 4168 ejus,
494 4097 540 4170 qui
563 4110 614 4167 pro
642 4093 698 4149 Deo
719 4090 771 4147 sibi
832 4102 935 4150 unium
963 4096 1070 4166 culpata
1094 4096 1276 4151 manducandi
1299 4096 1445 4172 idolothyta
1465 4102 1621 4160 libertasia

80 4185 227 4252 ,bominis
246 4187 413 4252 mandatum,
437 4187 510 4259 quod
533 4185 639 4257 quidem
660 4179 852 4262 justitiam!
882 4185 945 4242 dor.
968 4196 1031 4248 vrrs,
1049 4185 1091 4253 Ἰ.)
1120 4184 1163 4239 Nil
1189 4184 1267 4255 plane
1293 4186 1375 4254 aliud,
1406 4188 1478 4245 siita
1498 4200 1577 4260 esset,
1594 4205 1624 4250 ut

81 4283 196 4348 unguet,
211 4274 448 4348 pretergreditur3
466 4273 536 4331 sicut
548 4279 638 4328 umen
652 4283 708 4324 non
720 4280 770 4338 par
830 4271 930 4329 dicitis.
946 4272 1018 4327 liene
1043 4287 1154 4342 prorsus
1171 4288 1225 4328 uon
1239 4281 1328 4346 potest
1339 4278 1463 4335 conscius
1475 4295 1535 4336 esse
1556 4281 1622 4349 sibi,

80 4366 274 4421 raxsecutione
287 4363 417 4439 exigitur,
432 4364 472 4419 sic
485 4377 533 4420 uec
548 4377 594 4432 per
608 4359 687 4430 culpa
700 4370 770 4413 eon·
823 4361 869 4433 qui
890 4377 921 4417 se
948 4376 1003 4417 non
1019 4360 1132 4433 implere
1158 4361 1269 4418 confidit
1283 4366 1358 4435 quod
1371 4367 1468 4424 debere
1483 4386 1512 4426 se
1526 4372 1621 4428 credit.

80 4466 136 4509 rex
149 4451 375 4524 transgressione.
395 4451 454 4509 Etsi
468 4452 567 4524 quippe
580 4463 650 4506 unus
668 4444 770 4518 estqui
825 4449 941 4506 Creditis
959 4450 1051 4522 itaque
1065 4451 1107 4523 (ut
1121 4450 1262 4507 verborum
1278 4465 1429 4512 vestrorum
1439 4473 1546 4514 sensum
1561 4461 1622 4516 bre·

79 4549 141 4613 tnr;
156 4554 211 4596 nou
227 4550 317 4597 tamen
329 4541 410 4597 unius
423 4540 552 4613 ponderis
564 4535 770 4611 qaejubentur,
827 4538 897 4595 riter
911 4535 1050 4609 colligam)
1065 4539 1136 4610 quod
1153 4539 1187 4594 ad
1211 4540 1342 4612 integrum
1371 4547 1497 4602 mandata
1511 4547 1559 4603 Dei
1574 4549 1623 4604 ob·

80 4629 120 4686 ius
134 4629 253 4684 subinde
267 4627 434 4685 discriminis
444 4631 584 4701 jussorum
597 4634 638 4682 est
651 4621 771 4680 omnium
823 4627 927 4685 seruari
945 4628 987 4683 vix
1002 4628 1116 4693 valeant,
1131 4628 1236 4684 abbatis
1250 4646 1303 4686 non
1327 4633 1435 4689 ualeant
1448 4652 1455 4689 ε
1472 4649 1532 4689 oum
1544 4636 1622 4693 Veri-

80 4717 110 4774 da
122 4709 315 4793 transglessio.
332 4718 410 4776 Unde
423 4725 499 4792 pater
512 4716 683 4774 Benedictus.
698 4733 710 4765 x
726 4710 773 4768 Se·
826 4723 866 4773 tas
883 4715 943 4787 ipsa
964 4723 1086 4785 testetur,
1112 4732 1146 4772 ne
1164 4734 1246 4774 unum
1263 4719 1373 4789 quidem
1388 4722 1440 4777 iota
1456 4723 1621 4793 praeteritum

80 4821 134 4878 n,s
151 4806 248 4881 iuquit,
268 4823 451 4864 «mensuram
470 4808 567 4881 culpae,
592 4795 775 4861 excommuni·
825 4805 858 4863 iri
872 4804 982 4879 (satta.
998 4821 1028 4860 v.
1045 4807 1100 4872 llll.
1126 4806 1256 4862 Caetemm
1272 4807 1318 4877 qui
1346 4810 1382 4865 ita
1400 4815 1491 4880 sentit,
1516 4813 1621 4870 viderur

80 4896 264 4953 intendatur
277 4912 413 4954 mensura,
430 4917 444 4952 a
460 4898 536 4971 (neq,
551 4911 611 4967 esp.
626 4890 681 4960 al.)
827 4896 891 4952 mibi
905 4895 948 4968 (ut
958 4910 1022 4966 pace
1037 4902 1128 4951 vestra
1148 4893 1273 4967 dixerim)
1283 4899 1396 4954 necdum
1408 4912 1620 4974 gustassequam

89 4982 202 5039 Frustra
217 4986 329 5056 proinde
354 4988 396 5057 (ut
421 4986 527 5056 ridelis)
553 4995 599 5042 aut
624 4969 774 5043 terremisslr
826 4985 916 5041 suavis
930 4995 971 5040 εει
984 4982 1114 5038 Dominus
1129 5000 1136 5037 :
1152 4984 1202 5038 sub
1215 4984 1283 5056 jugo
1300 4984 1370 5056 legis
1391 5004 1501 5060 gemere
1522 4992 1619 5058 adbuc,

79 5086 153 5129 rrare
172 5073 308 5130 conamini
335 5076 369 5131 de
405 5075 564 5132 obedientiae
587 5072 776 5147 promissiones
827 5073 946 5130 noudum
962 5071 1094 5143 respirare
1122 5071 1173 5127 sub
1191 5073 1293 5142 qratia3
1310 5089 1393 5131 suave
1411 5077 1510 5133 Cbristi
1522 5082 1621 5156 jugum

79 5170 131 5219 tex
142 5159 258 5235 regulari
273 5160 446 5234 professione,
470 5163 549 5234 quasi
570 5179 627 5220 non
644 5169 768 5234 oporteat
819 5177 989 5233 nequaquam
1003 5177 1063 5216 esse
1087 5168 1231 5230 expertum
1255 5160 1373 5234 ideoque
1404 5165 1552 5224 certissime
1569 5171 1621 5224 ad-

80 5256 146 5318 iere,
158 5263 239 5321 quam
253 5256 360 5305 constat
372 5265 423 5306 uec
436 5249 540 5321 integre
562 5266 645 5322 posse
669 5251 765 5315 teneri,
822 5253 876 5308 hnc
895 5250 1023 5306 infirmari
1038 5265 1087 5320 per
1106 5264 1226 5315 carnem,
1241 5249 1306 5320 quia
1320 5251 1432 5323 spiritus
1450 5271 1502 5311 uon
1513 5258 1622 5329 adjurat

80 5345 115 5388 aa
138 5330 251 5387 crimine
273 5330 424 5401 preteriri:
450 5331 581 5404 siquidem
608 5331 677 5398 Deo,
691 5331 768 5403 quid·
821 5338 1084 5412 ejusiufirmitatem.

79 5418 106 5478 ei
119 5419 244 5477 minister
256 5419 340 5478 bomo
354 5435 408 5477 uon
422 5436 566 5494 perperam
580 5419 700 5492 jusserit,
714 5419 766 5476 im·
864 5433 909 5487 ³2.
929 5427 1001 5499 Quid
1025 5442 1090 5484 uero
1112 5426 1164 5484 sibi
1182 5427 1240 5485 uult
1252 5428 1298 5484 illa
1323 5419 1470 5500 distinctio,
1485 5436 1559 5507 qnod
1572 5439 1622 5495 bei

79 5511 130 5568 lam
144 5509 304 5570 comtiterit.
318 5510 438 5584 Frustra,
453 5511 576 5585 inquam,
595 5526 627 5568 ex
653 5509 705 5569 hac
725 5525 771 5569 oc·
836 5519 947 5591 quidam
979 5517 1022 5577 ael
1045 5517 1090 5574 rix
1114 5517 1220 5589 praelati
1248 5517 1622 5601 rerohomiuisuequaquam
