<?xml version="1.0" encoding="UTF-8"?>
<!DOCTYPE html PUBLIC "-//W3C//DTD XHTML 1.0 Transitional//EN"
    "http://www.w3.org/TR/xhtml1/DTD/xhtml1-transitional.dtd">
<html xmlns="http://www.w3.org/1999/xhtml" xml:lang="en" lang="en">
 <head>
  <title>
</title>
<meta http-equiv="Content-Type" content="text/html;charset=utf-8" />
  <meta name='ocr-system' content='tesseract 3.04.00' />
  <meta name='ocr-capabilities' content='ocr_page ocr_carea ocr_par ocr_line ocrx_word'/>
</head>
<body>
  <div class='ocr_page' id='page_1' title='image "./patrologiaecurs62unkngoog_0467.png"; bbox 0 0 3714 5940; ppageno 0'>
   <div class='ocr_carea' id='block_1_1' title="bbox 98 150 1753 251">
    <p class='ocr_par' dir='ltr' id='par_1_1' title="bbox 98 150 1753 251">
     <span class='ocr_line' id='line_1_1' title="bbox 98 150 1753 251; baseline -0.012 -16"><span class='ocrx_word' id='word_1_1' title='bbox 98 171 152 251; x_wconf 71' lang='lat' dir='ltr'>pot</span> <span class='ocrx_word' id='word_1_2' title='bbox 592 160 621 223; x_wconf 83' lang='lat' dir='ltr'>S.</span> <span class='ocrx_word' id='word_1_3' title='bbox 641 158 808 223; x_wconf 75' lang='lat' dir='ltr'>thuhtuttt</span> <span class='ocrx_word' id='word_1_4' title='bbox 826 152 963 219; x_wconf 75' lang='lat' dir='ltr'>huntus</span> <span class='ocrx_word' id='word_1_5' title='bbox 992 154 1312 219; x_wconf 78' lang='lat' dir='ltr'>ChhllAE·VthilllSlS</span> <span class='ocrx_word' id='word_1_6' title='bbox 1512 202 1515 207; x_wconf 86' lang='lat'>.</span> <span class='ocrx_word' id='word_1_7' title='bbox 1704 150 1753 215; x_wconf 79' lang='lat' dir='ltr'>etl</span> 
     </span>
    </p>
   </div>
   <div class='ocr_carea' id='block_1_2' title="bbox 94 278 1756 1427">
    <p class='ocr_par' dir='ltr' id='par_1_2' title="bbox 94 278 1756 1242">
     <span class='ocr_line' id='line_1_2' title="bbox 96 278 1755 374; baseline -0.011 -20"><span class='ocrx_word' id='word_1_8' title='bbox 96 296 257 354; x_wconf 85' lang='lat' dir='ltr'>calcitranti.</span> <span class='ocrx_word' id='word_1_9' title='bbox 271 293 306 349; x_wconf 85' lang='lat' dir='ltr'>Et</span> <span class='ocrx_word' id='word_1_10' title='bbox 320 302 362 348; x_wconf 91' lang='lat' dir='ltr'>est</span> <span class='ocrx_word' id='word_1_11' title='bbox 376 288 496 360; x_wconf 90' lang='lat' dir='ltr'>turpium</span> <span class='ocrx_word' id='word_1_12' title='bbox 511 287 688 359; x_wconf 79' lang='lat' dir='ltr'>poenalleus:</span> <span class='ocrx_word' id='word_1_13' title='bbox 699 284 747 340; x_wconf 83' lang='lat' dir='ltr'>lux</span> <span class='ocrx_word' id='word_1_14' title='bbox 761 293 803 341; x_wconf 85' lang='lat' dir='ltr'>est</span> <span class='ocrx_word' id='word_1_15' title='bbox 814 283 935 374; x_wconf 54' lang='lat' dir='ltr'>enimn</span> <span class='ocrx_word' id='word_1_16' title='bbox 953 291 1037 338; x_wconf 89' lang='lat' dir='ltr'>morte</span> <span class='ocrx_word' id='word_1_17' title='bbox 1061 281 1202 350; x_wconf 78' lang='lat' dir='ltr'>sensibus,</span> <span class='ocrx_word' id='word_1_18' title='bbox 1228 297 1276 355; x_wconf 92' lang='lat' dir='ltr'>per</span> <span class='ocrx_word' id='word_1_19' title='bbox 1295 295 1366 353; x_wconf 91' lang='lat' dir='ltr'>quos</span> <span class='ocrx_word' id='word_1_20' title='bbox 1387 279 1484 353; x_wconf 85' lang='lat' dir='ltr'>ntique</span> <span class='ocrx_word' id='word_1_21' title='bbox 1502 278 1650 341; x_wconf 72' lang='lat' dir='ltr'>cnu&#39;oein</span> <span class='ocrx_word' id='word_1_22' title='bbox 1673 278 1755 347; x_wconf 79' lang='lat' dir='ltr'>exire,</span> 
     </span>
     <span class='ocr_line' id='line_1_3' title="bbox 96 368 1756 456; baseline -0.01 -15"><span class='ocrx_word' id='word_1_23' title='bbox 96 385 132 441; x_wconf 84' lang='lat' dir='ltr'>ttt</span> <span class='ocrx_word' id='word_1_24' title='bbox 146 384 210 456; x_wconf 93' lang='lat' dir='ltr'>qnid</span> <span class='ocrx_word' id='word_1_25' title='bbox 226 390 278 436; x_wconf 91' lang='lat' dir='ltr'>tam</span> <span class='ocrx_word' id='word_1_26' title='bbox 301 377 416 434; x_wconf 86' lang='lat' dir='ltr'>invisum</span> <span class='ocrx_word' id='word_1_27' title='bbox 440 373 565 431; x_wconf 82' lang='lat' dir='ltr'>obscenis</span> <span class='ocrx_word' id='word_1_28' title='bbox 589 371 782 446; x_wconf 79' lang='lat' dir='ltr'>flagitiosisque</span> <span class='ocrx_word' id='word_1_29' title='bbox 800 369 898 425; x_wconf 90' lang='lat' dir='ltr'>menti·</span> <span class='ocrx_word' id='word_1_30' title='bbox 951 378 1009 425; x_wconf 89' lang='lat' dir='ltr'>ata</span> <span class='ocrx_word' id='word_1_31' title='bbox 1032 386 1061 425; x_wconf 93' lang='lat' dir='ltr'>se</span> <span class='ocrx_word' id='word_1_32' title='bbox 1076 369 1114 426; x_wconf 90' lang='lat' dir='ltr'>ire</span> <span class='ocrx_word' id='word_1_33' title='bbox 1137 370 1240 426; x_wconf 77' lang='lat' dir='ltr'>solebat</span> <span class='ocrx_word' id='word_1_34' title='bbox 1259 369 1287 424; x_wconf 90' lang='lat' dir='ltr'>in</span> <span class='ocrx_word' id='word_1_35' title='bbox 1309 384 1384 434; x_wconf 86' lang='lat' dir='ltr'>eam,</span> <span class='ocrx_word' id='word_1_36' title='bbox 1408 384 1469 439; x_wconf 81' lang='lat' dir='ltr'>quae</span> <span class='ocrx_word' id='word_1_37' title='bbox 1496 368 1639 441; x_wconf 79' lang='lat' dir='ltr'>preterit,</span> <span class='ocrx_word' id='word_1_38' title='bbox 1663 368 1756 425; x_wconf 76' lang='lat' dir='ltr'>mmet</span> 
     </span>
     <span class='ocr_line' id='line_1_4' title="bbox 94 456 1756 536; baseline -0.007 -9"><span class='ocrx_word' id='word_1_39' title='bbox 94 473 166 529; x_wconf 76' lang='lat' dir='ltr'>bus?</span> <span class='ocrx_word' id='word_1_40' title='bbox 193 466 315 525; x_wconf 73' lang='lat' dir='ltr'>Profecto</span> <span class='ocrx_word' id='word_1_41' title='bbox 343 463 432 521; x_wconf 89' lang='lat' dir='ltr'>omnis</span> <span class='ocrx_word' id='word_1_42' title='bbox 460 463 506 536; x_wconf 90' lang='lat' dir='ltr'>qui</span> <span class='ocrx_word' id='word_1_43' title='bbox 528 461 602 519; x_wconf 87' lang='lat' dir='ltr'>male</span> <span class='ocrx_word' id='word_1_44' title='bbox 628 461 695 533; x_wconf 87' lang='lat' dir='ltr'>ugit,</span> <span class='ocrx_word' id='word_1_45' title='bbox 725 459 782 515; x_wconf 93' lang='lat' dir='ltr'>odit</span> <span class='ocrx_word' id='word_1_46' title='bbox 808 459 896 513; x_wconf 86' lang='lat' dir='ltr'>lucem</span> <span class='ocrx_word' id='word_1_47' title='bbox 952 461 1030 515; x_wconf 89' lang='lat' dir='ltr'>istius</span> <span class='ocrx_word' id='word_1_48' title='bbox 1046 460 1162 532; x_wconf 76' lang='lat' dir='ltr'>liguram</span> <span class='ocrx_word' id='word_1_49' title='bbox 1176 459 1191 513; x_wconf 76' lang='lat' dir='ltr'>i</span> <span class='ocrx_word' id='word_1_50' title='bbox 1204 457 1285 515; x_wconf 91' lang='lat' dir='ltr'>llides</span> <span class='ocrx_word' id='word_1_51' title='bbox 1301 456 1425 529; x_wconf 80' lang='lat' dir='ltr'>turpibus</span> <span class='ocrx_word' id='word_1_52' title='bbox 1439 457 1506 512; x_wconf 89' lang='lat' dir='ltr'>nihil</span> <span class='ocrx_word' id='word_1_53' title='bbox 1521 458 1625 515; x_wconf 83' lang='lat' dir='ltr'>deesse</span> <span class='ocrx_word' id='word_1_54' title='bbox 1644 460 1681 514; x_wconf 77' lang='lat' dir='ltr'>ed</span> <span class='ocrx_word' id='word_1_55' title='bbox 1698 472 1756 514; x_wconf 82' lang='lat' dir='ltr'>eon</span> 
     </span>
     <span class='ocr_line' id='line_1_5' title="bbox 94 544 1755 634; baseline -0.009 -17"><span class='ocrx_word' id='word_1_56' title='bbox 94 563 187 634; x_wconf 75' lang='lat' dir='ltr'>(loch.</span> <span class='ocrx_word' id='word_1_57' title='bbox 217 572 256 620; x_wconf 91' lang='grc' dir='ltr'>ιιι,</span> <span class='ocrx_word' id='word_1_58' title='bbox 274 554 331 626; x_wconf 77' lang='grc'>20).</span> <span class='ocrx_word' id='word_1_59' title='bbox 356 553 411 609; x_wconf 86' lang='lat' dir='ltr'>Sed</span> <span class='ocrx_word' id='word_1_60' title='bbox 431 552 516 607; x_wconf 90' lang='lat' dir='ltr'>dico:</span> <span class='ocrx_word' id='word_1_61' title='bbox 537 551 660 622; x_wconf 90' lang='lat' dir='ltr'>nunquid</span> <span class='ocrx_word' id='word_1_62' title='bbox 688 566 742 607; x_wconf 91' lang='lat' dir='ltr'>non</span> <span class='ocrx_word' id='word_1_63' title='bbox 773 553 898 620; x_wconf 84' lang='lat' dir='ltr'>poterunt</span> <span class='ocrx_word' id='word_1_64' title='bbox 951 548 1095 616; x_wconf 90' lang='lat' dir='ltr'>t&#39;usioncm,</span> <span class='ocrx_word' id='word_1_65' title='bbox 1112 563 1173 602; x_wconf 91' lang='lat' dir='ltr'>cnm</span> <span class='ocrx_word' id='word_1_66' title='bbox 1190 546 1371 618; x_wconf 73' lang='lat' dir='ltr'>producentur</span> <span class='ocrx_word' id='word_1_67' title='bbox 1394 545 1580 618; x_wconf 76' lang='lat' dir='ltr'>spectaculum</span> <span class='ocrx_word' id='word_1_68' title='bbox 1612 544 1676 601; x_wconf 81' lang='lat' dir='ltr'>heri</span> <span class='ocrx_word' id='word_1_69' title='bbox 1692 547 1755 609; x_wconf 77' lang='lat' dir='ltr'>lien,</span> 
     </span>
     <span class='ocr_line' id='line_1_6' title="bbox 95 633 1755 711; baseline -0.009 -7"><span class='ocrx_word' id='word_1_70' title='bbox 95 645 248 704; x_wconf 77' lang='lat' dir='ltr'>declinaret</span> <span class='ocrx_word' id='word_1_71' title='bbox 271 642 380 698; x_wconf 81' lang='lat' dir='ltr'><strong>Minime</strong></span> <span class='ocrx_word' id='word_1_72' title='bbox 403 642 524 698; x_wconf 92' lang='lat' dir='ltr'>omnino.</span> <span class='ocrx_word' id='word_1_73' title='bbox 540 640 625 697; x_wconf 89' lang='lat' dir='ltr'>Lucet</span> <span class='ocrx_word' id='word_1_74' title='bbox 651 635 825 711; x_wconf 86' lang='lat' dir='ltr'>ubique,etsi</span> <span class='ocrx_word' id='word_1_75' title='bbox 844 650 898 690; x_wconf 92' lang='lat' dir='ltr'>non</span> <span class='ocrx_word' id='word_1_76' title='bbox 953 635 1074 709; x_wconf 76' lang='lat' dir='ltr'>Angelis,</span> <span class='ocrx_word' id='word_1_77' title='bbox 1095 635 1261 702; x_wconf 88' lang='lat' dir='ltr'>hominibus,</span> <span class='ocrx_word' id='word_1_78' title='bbox 1279 634 1332 690; x_wconf 82' lang='lat' dir='ltr'>sibi</span> <span class='ocrx_word' id='word_1_79' title='bbox 1349 634 1443 706; x_wconf 77' lang='lat' dir='ltr'>ipsis?</span> <span class='ocrx_word' id='word_1_80' title='bbox 1458 633 1580 706; x_wconf 77' lang='lat' dir='ltr'>0quam</span> <span class='ocrx_word' id='word_1_81' title='bbox 1597 634 1672 691; x_wconf 89' lang='lat' dir='ltr'>male</span> <span class='ocrx_word' id='word_1_82' title='bbox 1697 635 1755 690; x_wconf 88' lang='lat' dir='ltr'>mati</span> 
     </span>
     <span class='ocr_line' id='line_1_7' title="bbox 98 723 1756 801; baseline -0.007 -10"><span class='ocrx_word' id='word_1_83' title='bbox 98 735 236 791; x_wconf 91' lang='lat' dir='ltr'>omnibus.</span> <span class='ocrx_word' id='word_1_84' title='bbox 252 732 376 801; x_wconf 83' lang='lat' dir='ltr'>Denique</span> <span class='ocrx_word' id='word_1_85' title='bbox 391 732 418 788; x_wconf 94' lang='lat' dir='ltr'>in</span> <span class='ocrx_word' id='word_1_86' title='bbox 438 730 557 788; x_wconf 88' lang='lat' dir='ltr'>tenebris</span> <span class='ocrx_word' id='word_1_87' title='bbox 571 730 654 798; x_wconf 90' lang='lat' dir='ltr'>lucet,</span> <span class='ocrx_word' id='word_1_88' title='bbox 669 736 695 785; x_wconf 92' lang='lat' dir='ltr'>et</span> <span class='ocrx_word' id='word_1_89' title='bbox 709 725 826 784; x_wconf 75' lang='lat' dir='ltr'>tenebra</span> <span class='ocrx_word' id='word_1_90' title='bbox 837 741 898 780; x_wconf 86' lang='lat' dir='ltr'>eam</span> <span class='ocrx_word' id='word_1_91' title='bbox 951 741 1047 782; x_wconf 90' lang='lat' dir='ltr'>omnes</span> <span class='ocrx_word' id='word_1_92' title='bbox 1068 723 1148 782; x_wconf 88' lang='lat' dir='ltr'>locati</span> <span class='ocrx_word' id='word_1_93' title='bbox 1177 728 1250 790; x_wconf 85' lang='lat' dir='ltr'>sunt,</span> <span class='ocrx_word' id='word_1_94' title='bbox 1280 726 1371 796; x_wconf 88' lang='lat' dir='ltr'>utique</span> <span class='ocrx_word' id='word_1_95' title='bbox 1395 724 1515 796; x_wconf 87' lang='lat' dir='ltr'>oppositi</span> <span class='ocrx_word' id='word_1_96' title='bbox 1542 725 1667 781; x_wconf 85' lang='lat' dir='ltr'>torrenti</span> <span class='ocrx_word' id='word_1_97' title='bbox 1696 724 1756 781; x_wconf 82' lang='lat' dir='ltr'>haic</span> 
     </span>
     <span class='ocr_line' id='line_1_8' title="bbox 98 812 1755 893; baseline -0.005 -15"><span class='ocrx_word' id='word_1_98' title='bbox 98 838 155 879; x_wconf 92' lang='lat' dir='ltr'>non</span> <span class='ocrx_word' id='word_1_99' title='bbox 179 822 414 893; x_wconf 89' lang='lat' dir='ltr'>comprehendunt</span> <span class='ocrx_word' id='word_1_100' title='bbox 427 820 476 893; x_wconf 73' lang='lat' dir='ltr'>[ld.</span> <span class='ocrx_word' id='word_1_101' title='bbox 493 834 513 886; x_wconf 95' lang='grc' dir='ltr'>ι,</span> <span class='ocrx_word' id='word_1_102' title='bbox 534 818 573 890; x_wconf 75' lang='lat' dir='ltr'>h).</span> <span class='ocrx_word' id='word_1_103' title='bbox 588 817 668 874; x_wconf 87' lang='lat' dir='ltr'>Videt</span> <span class='ocrx_word' id='word_1_104' title='bbox 690 819 815 873; x_wconf 87' lang='lat' dir='ltr'>tenebras</span> <span class='ocrx_word' id='word_1_105' title='bbox 829 814 896 879; x_wconf 80' lang='lat' dir='ltr'>hux,</span> <span class='ocrx_word' id='word_1_106' title='bbox 951 814 1060 869; x_wconf 79' lang='lat' dir='ltr'>‹ttreerae</span> <span class='ocrx_word' id='word_1_107' title='bbox 1075 813 1220 886; x_wconf 84' lang='lat' dir='ltr'>aeqnitatis,</span> <span class='ocrx_word' id='word_1_108' title='bbox 1236 821 1263 869; x_wconf 89' lang='lat' dir='ltr'>ct</span> <span class='ocrx_word' id='word_1_109' title='bbox 1277 813 1341 870; x_wconf 89' lang='lat' dir='ltr'>huic</span> <span class='ocrx_word' id='word_1_110' title='bbox 1366 812 1461 868; x_wconf 91' lang='lat' dir='ltr'>lumini</span> <span class='ocrx_word' id='word_1_111' title='bbox 1475 814 1634 884; x_wconf 82' lang='lat' dir='ltr'>pmpeletae</span> <span class='ocrx_word' id='word_1_112' title='bbox 1655 813 1755 869; x_wconf 79' lang='lat' dir='ltr'>verita·</span> 
     </span>
     <span class='ocr_line' id='line_1_9' title="bbox 99 901 1755 980; baseline -0.007 -12"><span class='ocrx_word' id='word_1_113' title='bbox 99 911 145 968; x_wconf 91' lang='lat' dir='ltr'>cni</span> <span class='ocrx_word' id='word_1_114' title='bbox 160 911 223 968; x_wconf 76' lang='lat' dir='ltr'>hoe·</span> <span class='ocrx_word' id='word_1_115' title='bbox 233 917 275 966; x_wconf 92' lang='lat' dir='ltr'>est</span> <span class='ocrx_word' id='word_1_116' title='bbox 295 908 398 974; x_wconf 82' lang='lat' dir='ltr'>ridere,</span> <span class='ocrx_word' id='word_1_117' title='bbox 418 907 493 980; x_wconf 88' lang='lat' dir='ltr'>quod</span> <span class='ocrx_word' id='word_1_118' title='bbox 512 908 627 963; x_wconf 86' lang='lat' dir='ltr'>lucere:</span> <span class='ocrx_word' id='word_1_119' title='bbox 650 904 698 961; x_wconf 89' lang='lat' dir='ltr'>sed</span> <span class='ocrx_word' id='word_1_120' title='bbox 713 920 766 960; x_wconf 92' lang='lat' dir='ltr'>non</span> <span class='ocrx_word' id='word_1_121' title='bbox 781 902 898 959; x_wconf 85' lang='lat' dir='ltr'>vicissim</span> <span class='ocrx_word' id='word_1_122' title='bbox 950 904 984 960; x_wconf 91' lang='lat' dir='ltr'>tis</span> <span class='ocrx_word' id='word_1_123' title='bbox 998 903 1111 976; x_wconf 84' lang='lat' dir='ltr'>expositi</span> <span class='ocrx_word' id='word_1_124' title='bbox 1127 901 1181 975; x_wconf 88' lang='lat' dir='ltr'>[ot.</span> <span class='ocrx_word' id='word_1_125' title='bbox 1204 901 1343 975; x_wconf 83' lang='lat' dir='ltr'>oppositil.</span> <span class='ocrx_word' id='word_1_126' title='bbox 1368 902 1467 958; x_wconf 89' lang='lat' dir='ltr'>Nonne</span> <span class='ocrx_word' id='word_1_127' title='bbox 1482 901 1535 958; x_wconf 93' lang='lat' dir='ltr'>bnc</span> <span class='ocrx_word' id='word_1_128' title='bbox 1548 910 1594 957; x_wconf 84' lang='lat' dir='ltr'>est</span> <span class='ocrx_word' id='word_1_129' title='bbox 1617 910 1755 975; x_wconf 74' lang='lat' dir='ltr'>perpetue</span> 
     </span>
     <span class='ocr_line' id='line_1_10' title="bbox 100 990 1755 1075; baseline -0.004 -20"><span class='ocrx_word' id='word_1_130' title='bbox 100 1014 117 1055; x_wconf 83' lang='lat' dir='ltr'>a</span> <span class='ocrx_word' id='word_1_131' title='bbox 136 998 252 1055; x_wconf 86' lang='lat' dir='ltr'>tenebris</span> <span class='ocrx_word' id='word_1_132' title='bbox 267 999 329 1069; x_wconf 88' lang='lat' dir='ltr'>ipse</span> <span class='ocrx_word' id='word_1_133' title='bbox 342 997 459 1061; x_wconf 85' lang='lat' dir='ltr'>ridetur,</span> <span class='ocrx_word' id='word_1_134' title='bbox 473 997 538 1068; x_wconf 88' lang='lat' dir='ltr'>quia</span> <span class='ocrx_word' id='word_1_135' title='bbox 556 994 674 1053; x_wconf 77' lang='lat' dir='ltr'>tenebre</span> <span class='ocrx_word' id='word_1_136' title='bbox 683 1008 742 1049; x_wconf 79' lang='lat' dir='ltr'>earn</span> <span class='ocrx_word' id='word_1_137' title='bbox 754 1008 807 1048; x_wconf 92' lang='lat' dir='ltr'>non</span> <span class='ocrx_word' id='word_1_138' title='bbox 821 1007 898 1048; x_wconf 91' lang='lat' dir='ltr'>com·</span> <span class='ocrx_word' id='word_1_139' title='bbox 952 991 1028 1049; x_wconf 86' lang='lat' dir='ltr'>tundi</span> <span class='ocrx_word' id='word_1_140' title='bbox 1042 1003 1228 1064; x_wconf 83' lang='lat' dir='ltr'>perpetuoque</span> <span class='ocrx_word' id='word_1_141' title='bbox 1245 990 1405 1048; x_wconf 76' lang='lat' dir='ltr'>untnnut</span> <span class='ocrx_word' id='word_1_142' title='bbox 1430 990 1540 1065; x_wconf 79' lang='lat' dir='ltr'>Duplici</span> <span class='ocrx_word' id='word_1_143' title='bbox 1566 992 1755 1075; x_wconf 67' lang='lat' dir='ltr'>contritione,</span> 
     </span>
     <span class='ocr_line' id='line_1_11' title="bbox 101 1080 1754 1160; baseline -0.006 -13"><span class='ocrx_word' id='word_1_144' title='bbox 101 1084 532 1160; x_wconf 79' lang='lat' dir='ltr'>prehendunt(l&#39;t).sstridentur</span> <span class='ocrx_word' id='word_1_145' title='bbox 546 1099 623 1157; x_wconf 87' lang='lat' dir='ltr'>ergo,</span> <span class='ocrx_word' id='word_1_146' title='bbox 636 1090 665 1138; x_wconf 91' lang='lat' dir='ltr'>ut</span> <span class='ocrx_word' id='word_1_147' title='bbox 680 1081 896 1139; x_wconf 81' lang='lat' dir='ltr'>confundantur:</span> <span class='ocrx_word' id='word_1_148' title='bbox 950 1080 987 1137; x_wconf 89' lang='lat' dir='ltr'>ait</span> <span class='ocrx_word' id='word_1_149' title='bbox 1003 1081 1059 1146; x_wconf 89' lang='lat' dir='ltr'>ille,</span> <span class='ocrx_word' id='word_1_150' title='bbox 1075 1084 1189 1136; x_wconf 85' lang='lat' dir='ltr'>contere</span> <span class='ocrx_word' id='word_1_151' title='bbox 1203 1095 1260 1146; x_wconf 85' lang='lat' dir='ltr'>eos,</span> <span class='ocrx_word' id='word_1_152' title='bbox 1284 1080 1401 1137; x_wconf 81' lang='lat' dir='ltr'>Domine</span> <span class='ocrx_word' id='word_1_153' title='bbox 1419 1082 1492 1137; x_wconf 73' lang='lat' dir='ltr'>Deus</span> <span class='ocrx_word' id='word_1_154' title='bbox 1516 1083 1621 1137; x_wconf 79' lang='lat' dir='ltr'>noster</span> <span class='ocrx_word' id='word_1_155' title='bbox 1640 1080 1754 1151; x_wconf 70' lang='lat' dir='ltr'>(lem.</span> 
     </span>
     <span class='ocr_line' id='line_1_12' title="bbox 100 1170 1100 1242; baseline -0.01 -8"><span class='ocrx_word' id='word_1_156' title='bbox 100 1189 128 1235; x_wconf 91' lang='lat' dir='ltr'>et</span> <span class='ocrx_word' id='word_1_157' title='bbox 147 1175 316 1242; x_wconf 79' lang='lat' dir='ltr'>nonvident,</span> <span class='ocrx_word' id='word_1_158' title='bbox 344 1191 379 1232; x_wconf 90' lang='lat' dir='ltr'>ne</span> <span class='ocrx_word' id='word_1_159' title='bbox 392 1174 572 1232; x_wconf 82' lang='lat' dir='ltr'>consolentur.</span> <span class='ocrx_word' id='word_1_160' title='bbox 588 1174 644 1229; x_wconf 89' lang='lat' dir='ltr'>Nec</span> <span class='ocrx_word' id='word_1_161' title='bbox 670 1171 782 1227; x_wconf 90' lang='lat' dir='ltr'>modoe</span> <span class='ocrx_word' id='word_1_162' title='bbox 808 1170 867 1225; x_wconf 90' lang='lat' dir='ltr'>luce</span> <span class='ocrx_word' id='word_1_163' title='bbox 889 1187 896 1226; x_wconf 91' lang='lat'>:</span> <span class='ocrx_word' id='word_1_164' title='bbox 951 1185 1024 1227; x_wconf 82' lang='lat' dir='ltr'>xvu.</span> <span class='ocrx_word' id='word_1_165' title='bbox 1045 1170 1100 1240; x_wconf 79' lang='grc'>18).</span> 
     </span>
    </p>

    <p class='ocr_par' dir='ltr' id='par_1_3' title="bbox 100 1257 899 1337">
     <span class='ocr_line' id='line_1_13' title="bbox 100 1257 899 1337; baseline -0.015 -13"><span class='ocrx_word' id='word_1_166' title='bbox 100 1275 127 1324; x_wconf 86' lang='grc' dir='ltr'>ει</span> <span class='ocrx_word' id='word_1_167' title='bbox 149 1266 178 1322; x_wconf 93' lang='lat' dir='ltr'>in</span> <span class='ocrx_word' id='word_1_168' title='bbox 196 1266 258 1322; x_wconf 90' lang='lat' dir='ltr'>luce</span> <span class='ocrx_word' id='word_1_169' title='bbox 276 1267 413 1324; x_wconf 81' lang='lat' dir='ltr'>videntur.</span> <span class='ocrx_word' id='word_1_170' title='bbox 433 1265 457 1320; x_wconf 80' lang='grc' dir='ltr'><strong>Δ</strong></span> <span class='ocrx_word' id='word_1_171' title='bbox 476 1278 540 1337; x_wconf 91' lang='lat' dir='ltr'>quo,</span> <span class='ocrx_word' id='word_1_172' title='bbox 565 1262 609 1318; x_wconf 86' lang='lat' dir='ltr'>vel</span> <span class='ocrx_word' id='word_1_173' title='bbox 622 1259 740 1334; x_wconf 69' lang='lat' dir='ltr'>quibus?</span> <span class='ocrx_word' id='word_1_174' title='bbox 757 1259 800 1316; x_wconf 76' lang='lat' dir='ltr'>Ab</span> <span class='ocrx_word' id='word_1_175' title='bbox 826 1257 899 1315; x_wconf 90' lang='lat' dir='ltr'>omni</span> 
     </span>
    </p>

    <p class='ocr_par' dir='ltr' id='par_1_4' title="bbox 99 1328 1449 1427">
     <span class='ocr_line' id='line_1_14' title="bbox 99 1328 1449 1427; baseline -0.01 -15"><span class='ocrx_word' id='word_1_176' title='bbox 99 1357 216 1425; x_wconf 83' lang='lat' dir='ltr'>vidente,</span> <span class='ocrx_word' id='word_1_177' title='bbox 243 1363 274 1410; x_wconf 93' lang='lat' dir='ltr'>nt</span> <span class='ocrx_word' id='word_1_178' title='bbox 295 1369 344 1427; x_wconf 86' lang='lat' dir='ltr'>pro</span> <span class='ocrx_word' id='word_1_179' title='bbox 359 1353 531 1410; x_wconf 91' lang='lat' dir='ltr'>multitudine</span> <span class='ocrx_word' id='word_1_180' title='bbox 544 1351 705 1407; x_wconf 88' lang='lat' dir='ltr'>intuentium</span> <span class='ocrx_word' id='word_1_181' title='bbox 728 1348 761 1403; x_wconf 90' lang='lat' dir='ltr'>sit</span> <span class='ocrx_word' id='word_1_182' title='bbox 776 1347 899 1405; x_wconf 81' lang='lat' dir='ltr'>mniusio</span> <span class='ocrx_word' id='word_1_183' title='bbox 1251 1328 1364 1386; x_wconf 57' lang='lat' dir='ltr'>CAPUT</span> <span class='ocrx_word' id='word_1_184' title='bbox 1379 1328 1449 1387; x_wconf 67' lang='lat' dir='ltr'>xlll-</span> 
     </span>
    </p>
   </div>
   <div class='ocr_carea' id='block_1_3' title="bbox 101 1437 1753 1545">
    <p class='ocr_par' dir='ltr' id='par_1_5' title="bbox 101 1437 1753 1545">
     <span class='ocr_line' id='line_1_15' title="bbox 101 1437 1753 1545; baseline -0.01 -45"><span class='ocrx_word' id='word_1_185' title='bbox 101 1445 194 1501; x_wconf 90' lang='lat' dir='ltr'>multa.</span> <span class='ocrx_word' id='word_1_186' title='bbox 214 1446 248 1499; x_wconf 81' lang='grc' dir='ltr'>Αι</span> <span class='ocrx_word' id='word_1_187' title='bbox 262 1444 352 1498; x_wconf 85' lang='grc' dir='ltr'>ιιιιΙΙιιε</span> <span class='ocrx_word' id='word_1_188' title='bbox 365 1443 400 1498; x_wconf 92' lang='lat' dir='ltr'>de</span> <span class='ocrx_word' id='word_1_189' title='bbox 422 1449 496 1498; x_wconf 80' lang='lat' dir='ltr'>unu</span> <span class='ocrx_word' id='word_1_190' title='bbox 510 1437 703 1496; x_wconf 88' lang='lat' dir='ltr'>numerositate</span> <span class='ocrx_word' id='word_1_191' title='bbox 718 1437 898 1509; x_wconf 79' lang='lat' dir='ltr'>spectantium</span> <span class='ocrx_word' id='word_1_192' title='bbox 950 1471 988 1530; x_wconf 54' lang='lat' dir='ltr'>De</span> <span class='ocrx_word' id='word_1_193' title='bbox 1007 1471 1195 1544; x_wconf 47' lang='lat' dir='ltr'>&amp;mm-mim,</span> <span class='ocrx_word' id='word_1_194' title='bbox 1218 1471 1606 1545; x_wconf 43' lang='lat' dir='ltr'>latitudim&#39;pmsmm,</span> <span class='ocrx_word' id='word_1_195' title='bbox 1628 1470 1753 1528; x_wconf 55' lang='lat' dir='ltr'>mm</span> 
     </span>
    </p>
   </div>
   <div class='ocr_carea' id='block_1_4' title="bbox 99 1528 1702 1686">
    <p class='ocr_par' dir='ltr' id='par_1_6' title="bbox 99 1528 1702 1686">
     <span class='ocr_line' id='line_1_16' title="bbox 99 1528 1702 1634; baseline -0.011 -45"><span class='ocrx_word' id='word_1_196' title='bbox 99 1532 240 1590; x_wconf 80' lang='lat' dir='ltr'>molestior</span> <span class='ocrx_word' id='word_1_197' title='bbox 267 1532 364 1631; x_wconf 77' lang='lat' dir='ltr'>oculus</span> <span class='ocrx_word' id='word_1_198' title='bbox 385 1545 437 1631; x_wconf 79' lang='lat' dir='ltr'>sno</span> <span class='ocrx_word' id='word_1_199' title='bbox 452 1529 593 1601; x_wconf 82' lang='lat' dir='ltr'>cujusque.</span> <span class='ocrx_word' id='word_1_200' title='bbox 622 1528 682 1583; x_wconf 89' lang='lat' dir='ltr'>Non</span> <span class='ocrx_word' id='word_1_201' title='bbox 704 1534 745 1582; x_wconf 90' lang='grc' dir='ltr'>εει</span> <span class='ocrx_word' id='word_1_202' title='bbox 759 1533 895 1600; x_wconf 86' lang='lat' dir='ltr'>aspectus,</span> <span class='ocrx_word' id='word_1_203' title='bbox 1004 1561 1108 1620; x_wconf 58' lang='lat' dir='ltr'>mim</span> <span class='ocrx_word' id='word_1_204' title='bbox 1127 1562 1176 1618; x_wconf 64' lang='lat' dir='ltr'>M</span> <span class='ocrx_word' id='word_1_205' title='bbox 1194 1560 1536 1634; x_wconf 52' lang='lat' dir='ltr'>pmsumetekyanm</span> <span class='ocrx_word' id='word_1_206' title='bbox 1547 1561 1702 1618; x_wconf 51' lang='lat' dir='ltr'>dmm</span> 
     </span>
     <span class='ocr_line' id='line_1_17' title="bbox 99 1577 938 1686; baseline -0.011 -9"><span class='ocrx_word' id='word_1_207' title='bbox 99 1622 157 1678; x_wconf 81' lang='lat' dir='ltr'>sive</span> <span class='ocrx_word' id='word_1_208' title='bbox 172 1621 199 1676; x_wconf 92' lang='lat' dir='ltr'>in</span> <span class='ocrx_word' id='word_1_209' title='bbox 213 1620 294 1684; x_wconf 89' lang='lat' dir='ltr'>noelo,</span> <span class='ocrx_word' id='word_1_210' title='bbox 322 1633 378 1676; x_wconf 84' lang='lat' dir='ltr'>stae</span> <span class='ocrx_word' id='word_1_211' title='bbox 399 1635 425 1673; x_wconf 83' lang='lat' dir='ltr'>ru</span> <span class='ocrx_word' id='word_1_212' title='bbox 456 1626 537 1684; x_wconf 89' lang='lat' dir='ltr'>terra,</span> <span class='ocrx_word' id='word_1_213' title='bbox 558 1632 638 1686; x_wconf 88' lang='lat' dir='ltr'>quem</span> <span class='ocrx_word' id='word_1_214' title='bbox 663 1616 805 1671; x_wconf 85' lang='lat' dir='ltr'>tenebrosa</span> <span class='ocrx_word' id='word_1_215' title='bbox 834 1577 938 1669; x_wconf 62' lang='lat' dir='ltr'>con-⁰</span> 
     </span>
    </p>
   </div>
   <div class='ocr_carea' id='block_1_5' title="bbox 101 1701 1767 5518">
    <p class='ocr_par' dir='ltr' id='par_1_7' title="bbox 101 1701 1753 2753">
     <span class='ocr_line' id='line_1_18' title="bbox 101 1701 1750 1782; baseline -0.004 -17"><span class='ocrx_word' id='word_1_216' title='bbox 101 1709 214 1765; x_wconf 84' lang='lat' dir='ltr'>scientia</span> <span class='ocrx_word' id='word_1_217' title='bbox 239 1708 379 1780; x_wconf 82' lang='lat' dir='ltr'>sulingere</span> <span class='ocrx_word' id='word_1_218' title='bbox 407 1706 496 1782; x_wconf 88' lang='lat' dir='ltr'>magis</span> <span class='ocrx_word' id='word_1_219' title='bbox 519 1706 595 1769; x_wconf 83' lang='lat' dir='ltr'>velit,</span> <span class='ocrx_word' id='word_1_220' title='bbox 617 1704 707 1759; x_wconf 90' lang='lat' dir='ltr'>minus</span> <span class='ocrx_word' id='word_1_221' title='bbox 725 1703 820 1774; x_wconf 85' lang='lat' dir='ltr'>possit.</span> <span class='ocrx_word' id='word_1_222' title='bbox 836 1704 897 1759; x_wconf 90' lang='lat' dir='ltr'>Non</span> <span class='ocrx_word' id='word_1_223' title='bbox 990 1707 1034 1759; x_wconf 79' lang='lat' dir='ltr'>at.</span> <span class='ocrx_word' id='word_1_224' title='bbox 1050 1701 1122 1770; x_wconf 86' lang='lat' dir='ltr'>Quid</span> <span class='ocrx_word' id='word_1_225' title='bbox 1131 1710 1172 1757; x_wconf 79' lang='lat' dir='ltr'>est</span> <span class='ocrx_word' id='word_1_226' title='bbox 1195 1702 1294 1760; x_wconf 72' lang='lat' dir='ltr'>Deus?</span> <span class='ocrx_word' id='word_1_227' title='bbox 1307 1701 1461 1775; x_wconf 76' lang='lat' dir='ltr'>longitudo</span> <span class='ocrx_word' id='word_1_228' title='bbox 1477 1701 1603 1768; x_wconf 82' lang='lat' dir='ltr'>latitudo,</span> <span class='ocrx_word' id='word_1_229' title='bbox 1628 1701 1750 1759; x_wconf 82' lang='lat' dir='ltr'>snbl&#39;nni·</span> 
     </span>
     <span class='ocr_line' id='line_1_19' title="bbox 102 1789 1751 1867; baseline -0.004 -14"><span class='ocrx_word' id='word_1_230' title='bbox 102 1799 187 1854; x_wconf 90' lang='lat' dir='ltr'>lat··nt</span> <span class='ocrx_word' id='word_1_231' title='bbox 213 1800 331 1855; x_wconf 83' lang='lat' dir='ltr'>tenebrae</span> <span class='ocrx_word' id='word_1_232' title='bbox 354 1798 395 1852; x_wconf 84' lang='lat' dir='ltr'>uel</span> <span class='ocrx_word' id='word_1_233' title='bbox 410 1795 537 1867; x_wconf 87' lang='lat' dir='ltr'>seipsas.</span> <span class='ocrx_word' id='word_1_234' title='bbox 564 1792 698 1853; x_wconf 69' lang='lat' dir='ltr'>«those</span> <span class='ocrx_word' id='word_1_235' title='bbox 725 1792 819 1849; x_wconf 75' lang='lat' dir='ltr'>uident</span> <span class='ocrx_word' id='word_1_236' title='bbox 841 1807 901 1865; x_wconf 85' lang='lat' dir='ltr'>quae</span> <span class='ocrx_word' id='word_1_237' title='bbox 955 1789 1243 1862; x_wconf 84' lang='lat' dir='ltr'>ns,etprotundu1n.</span> <span class='ocrx_word' id='word_1_238' title='bbox 1269 1789 1350 1861; x_wconf 82' lang='lat' dir='ltr'>Quid,</span> <span class='ocrx_word' id='word_1_239' title='bbox 1364 1789 1480 1862; x_wconf 77' lang='lat' dir='ltr'>inquis?</span> <span class='ocrx_word' id='word_1_240' title='bbox 1497 1798 1624 1847; x_wconf 79' lang='lat' dir='ltr'>tenemus</span> <span class='ocrx_word' id='word_1_241' title='bbox 1647 1797 1675 1847; x_wconf 86' lang='lat' dir='ltr'>te</span> <span class='ocrx_word' id='word_1_242' title='bbox 1691 1806 1751 1863; x_wconf 76' lang='lat' dir='ltr'>qun·</span> 
     </span>
     <span class='ocr_line' id='line_1_20' title="bbox 103 1876 1752 1956; baseline -0.005 -14"><span class='ocrx_word' id='word_1_243' title='bbox 103 1887 174 1943; x_wconf 85' lang='lat' dir='ltr'>aliud</span> <span class='ocrx_word' id='word_1_244' title='bbox 189 1885 356 1943; x_wconf 82' lang='lat' dir='ltr'>nonuident.</span> <span class='ocrx_word' id='word_1_245' title='bbox 372 1884 464 1956; x_wconf 87' lang='lat' dir='ltr'>Opera</span> <span class='ocrx_word' id='word_1_246' title='bbox 479 1884 651 1940; x_wconf 86' lang='lat' dir='ltr'>tenebrarum</span> <span class='ocrx_word' id='word_1_247' title='bbox 664 1890 815 1954; x_wconf 88' lang='lat' dir='ltr'>sequnntur</span> <span class='ocrx_word' id='word_1_248' title='bbox 829 1880 899 1947; x_wconf 83' lang='lat' dir='ltr'>illas,</span> <span class='ocrx_word' id='word_1_249' title='bbox 955 1878 1097 1946; x_wconf 90' lang='lat' dir='ltr'>temitatis,</span> <span class='ocrx_word' id='word_1_250' title='bbox 1116 1894 1198 1951; x_wconf 88' lang='lat' dir='ltr'>qnam</span> <span class='ocrx_word' id='word_1_251' title='bbox 1222 1878 1393 1935; x_wconf 78' lang='lat' dir='ltr'>abominatus</span> <span class='ocrx_word' id='word_1_252' title='bbox 1416 1893 1456 1945; x_wconf 88' lang='lat' dir='ltr'>es,</span> <span class='ocrx_word' id='word_1_253' title='bbox 1481 1877 1680 1949; x_wconf 74' lang='lat' dir='ltr'>professorem.</span> <span class='ocrx_word' id='word_1_254' title='bbox 1706 1876 1752 1933; x_wconf 81' lang='grc' dir='ltr'>Ιί-</span> 
     </span>
     <span class='ocr_line' id='line_1_21' title="bbox 105 1966 1753 2042; baseline -0.004 -14"><span class='ocrx_word' id='word_1_255' title='bbox 105 1989 155 2030; x_wconf 93' lang='lat' dir='ltr'>nec</span> <span class='ocrx_word' id='word_1_256' title='bbox 170 1981 211 2030; x_wconf 90' lang='lat' dir='ltr'>est</span> <span class='ocrx_word' id='word_1_257' title='bbox 232 1987 288 2042; x_wconf 82' lang='lat' dir='ltr'>quo</span> <span class='ocrx_word' id='word_1_258' title='bbox 310 1990 341 2029; x_wconf 89' lang='lat' dir='ltr'>se</span> <span class='ocrx_word' id='word_1_259' title='bbox 355 1971 523 2028; x_wconf 89' lang='lat' dir='ltr'>abscondant</span> <span class='ocrx_word' id='word_1_260' title='bbox 546 1970 580 2025; x_wconf 89' lang='lat' dir='ltr'>ob</span> <span class='ocrx_word' id='word_1_261' title='bbox 595 1970 658 2036; x_wconf 89' lang='lat' dir='ltr'>illis,</span> <span class='ocrx_word' id='word_1_262' title='bbox 674 1987 708 2026; x_wconf 90' lang='lat' dir='ltr'>ne</span> <span class='ocrx_word' id='word_1_263' title='bbox 735 1970 902 2026; x_wconf 90' lang='lat' dir='ltr'>intenebris</span> <span class='ocrx_word' id='word_1_264' title='bbox 954 1968 1037 2022; x_wconf 91' lang='lat' dir='ltr'>nime.</span> <span class='ocrx_word' id='word_1_265' title='bbox 1057 1966 1236 2024; x_wconf 70' lang='lat' dir='ltr'>abhominatus</span> <span class='ocrx_word' id='word_1_266' title='bbox 1275 1983 1335 2023; x_wconf 89' lang='lat' dir='ltr'>sum</span> <span class='ocrx_word' id='word_1_267' title='bbox 1357 1974 1385 2022; x_wconf 90' lang='lat' dir='ltr'>et</span> <span class='ocrx_word' id='word_1_268' title='bbox 1406 1966 1557 2023; x_wconf 77' lang='lat' dir='ltr'>abominor.</span> <span class='ocrx_word' id='word_1_269' title='bbox 1587 1967 1673 2022; x_wconf 83' lang='lat' dir='ltr'>Visus</span> <span class='ocrx_word' id='word_1_270' title='bbox 1696 1981 1753 2022; x_wconf 81' lang='lat' dir='ltr'>suae</span> 
     </span>
     <span class='ocr_line' id='line_1_22' title="bbox 103 2055 1752 2136; baseline -0.005 -17"><span class='ocrx_word' id='word_1_271' title='bbox 103 2063 224 2136; x_wconf 88' lang='lat' dir='ltr'>quidem.</span> <span class='ocrx_word' id='word_1_272' title='bbox 245 2061 295 2118; x_wconf 84' lang='lat' dir='ltr'>llic</span> <span class='ocrx_word' id='word_1_273' title='bbox 308 2071 349 2118; x_wconf 89' lang='lat' dir='ltr'>cst</span> <span class='ocrx_word' id='word_1_274' title='bbox 363 2060 463 2120; x_wconf 81' lang='lat' dir='ltr'>vermis</span> <span class='ocrx_word' id='word_1_275' title='bbox 484 2060 529 2134; x_wconf 91' lang='lat' dir='ltr'>qni</span> <span class='ocrx_word' id='word_1_276' title='bbox 552 2076 607 2116; x_wconf 90' lang='lat' dir='ltr'>non</span> <span class='ocrx_word' id='word_1_277' title='bbox 629 2059 754 2127; x_wconf 88' lang='lat' dir='ltr'>moritur,</span> <span class='ocrx_word' id='word_1_278' title='bbox 770 2059 902 2116; x_wconf 89' lang='lat' dir='ltr'>memoria</span> <span class='ocrx_word' id='word_1_279' title='bbox 956 2055 1099 2130; x_wconf 81' lang='lat' dir='ltr'>protulisse</span> <span class='ocrx_word' id='word_1_280' title='bbox 1116 2055 1203 2128; x_wconf 87' lang='lat' dir='ltr'>pluro,</span> <span class='ocrx_word' id='word_1_281' title='bbox 1220 2055 1269 2111; x_wconf 90' lang='lat' dir='ltr'>sed</span> <span class='ocrx_word' id='word_1_282' title='bbox 1284 2071 1367 2111; x_wconf 91' lang='lat' dir='ltr'>unum</span> <span class='ocrx_word' id='word_1_283' title='bbox 1380 2063 1432 2111; x_wconf 91' lang='grc' dir='ltr'>εει.</span> <span class='ocrx_word' id='word_1_284' title='bbox 1448 2055 1524 2112; x_wconf 88' lang='lat' dir='ltr'>Unus</span> <span class='ocrx_word' id='word_1_285' title='bbox 1536 2055 1615 2111; x_wconf 87' lang='lat' dir='ltr'>Deus</span> <span class='ocrx_word' id='word_1_286' title='bbox 1635 2055 1752 2126; x_wconf 80' lang='lat' dir='ltr'>signatus</span> 
     </span>
     <span class='ocr_line' id='line_1_23' title="bbox 105 2143 1752 2222; baseline -0.002 -17"><span class='ocrx_word' id='word_1_287' title='bbox 105 2149 317 2222; x_wconf 75' lang='lat' dir='ltr'>praeteritorum.</span> <span class='ocrx_word' id='word_1_288' title='bbox 339 2149 431 2205; x_wconf 86' lang='lat' dir='ltr'>Semel</span> <span class='ocrx_word' id='word_1_289' title='bbox 454 2147 581 2219; x_wconf 85' lang='lat' dir='ltr'>injectus,</span> <span class='ocrx_word' id='word_1_290' title='bbox 611 2150 654 2203; x_wconf 87' lang='lat' dir='ltr'>vel</span> <span class='ocrx_word' id='word_1_291' title='bbox 678 2147 771 2218; x_wconf 89' lang='lat' dir='ltr'>potius</span> <span class='ocrx_word' id='word_1_292' title='bbox 794 2148 902 2203; x_wconf 89' lang='lat' dir='ltr'>innatus</span> <span class='ocrx_word' id='word_1_293' title='bbox 953 2155 993 2202; x_wconf 91' lang='lat' dir='ltr'>est</span> <span class='ocrx_word' id='word_1_294' title='bbox 1007 2159 1057 2216; x_wconf 89' lang='lat' dir='ltr'>pro</span> <span class='ocrx_word' id='word_1_295' title='bbox 1071 2152 1150 2216; x_wconf 88' lang='lat' dir='ltr'>captu</span> <span class='ocrx_word' id='word_1_296' title='bbox 1164 2153 1266 2211; x_wconf 84' lang='lat' dir='ltr'>nostro,</span> <span class='ocrx_word' id='word_1_297' title='bbox 1282 2159 1336 2201; x_wconf 91' lang='lat' dir='ltr'>non</span> <span class='ocrx_word' id='word_1_298' title='bbox 1349 2160 1397 2215; x_wconf 90' lang='lat' dir='ltr'>pro</span> <span class='ocrx_word' id='word_1_299' title='bbox 1419 2159 1469 2200; x_wconf 89' lang='lat' dir='ltr'>suo</span> <span class='ocrx_word' id='word_1_300' title='bbox 1482 2152 1563 2201; x_wconf 86' lang='lat' dir='ltr'>statu.</span> <span class='ocrx_word' id='word_1_301' title='bbox 1587 2143 1700 2202; x_wconf 82' lang='lat' dir='ltr'>Divisae</span> <span class='ocrx_word' id='word_1_302' title='bbox 1714 2155 1752 2201; x_wconf 86' lang='lat' dir='ltr'>est</span> 
     </span>
     <span class='ocr_line' id='line_1_24' title="bbox 105 2232 1750 2311; baseline -0.004 -16"><span class='ocrx_word' id='word_1_303' title='bbox 105 2255 152 2311; x_wconf 82' lang='lat' dir='ltr'>per</span> <span class='ocrx_word' id='word_1_304' title='bbox 173 2249 328 2310; x_wconf 86' lang='lat' dir='ltr'>peceatum,</span> <span class='ocrx_word' id='word_1_305' title='bbox 350 2239 432 2294; x_wconf 83' lang='lat' dir='ltr'>baesit</span> <span class='ocrx_word' id='word_1_306' title='bbox 449 2235 572 2305; x_wconf 84' lang='lat' dir='ltr'>firmiter,</span> <span class='ocrx_word' id='word_1_307' title='bbox 592 2252 760 2310; x_wconf 89' lang='lat' dir='ltr'>nequaquam</span> <span class='ocrx_word' id='word_1_308' title='bbox 773 2236 904 2310; x_wconf 83' lang='lat' dir='ltr'>deinceps</span> <span class='ocrx_word' id='word_1_309' title='bbox 955 2234 1009 2300; x_wconf 88' lang='lat' dir='ltr'>bic,</span> <span class='ocrx_word' id='word_1_310' title='bbox 1029 2249 1083 2289; x_wconf 91' lang='lat' dir='ltr'>non</span> <span class='ocrx_word' id='word_1_311' title='bbox 1107 2234 1162 2289; x_wconf 92' lang='lat' dir='ltr'>ille.</span> <span class='ocrx_word' id='word_1_312' title='bbox 1188 2233 1276 2290; x_wconf 78' lang='lat' dir='ltr'>Voces</span> <span class='ocrx_word' id='word_1_313' title='bbox 1289 2234 1413 2304; x_wconf 84' lang='lat' dir='ltr'>dirersae,</span> <span class='ocrx_word' id='word_1_314' title='bbox 1440 2232 1546 2291; x_wconf 82' lang='lat' dir='ltr'>semiue</span> <span class='ocrx_word' id='word_1_315' title='bbox 1574 2234 1692 2291; x_wconf 86' lang='lat' dir='ltr'>multae:</span> <span class='ocrx_word' id='word_1_316' title='bbox 1707 2235 1750 2289; x_wconf 83' lang='lat' dir='ltr'>sed</span> 
     </span>
     <span class='ocr_line' id='line_1_25' title="bbox 104 2321 1751 2398; baseline -0.002 -16"><span class='ocrx_word' id='word_1_317' title='bbox 104 2326 271 2384; x_wconf 77' lang='lat' dir='ltr'>avellendus.</span> <span class='ocrx_word' id='word_1_318' title='bbox 287 2328 345 2384; x_wconf 90' lang='lat' dir='ltr'>Nec</span> <span class='ocrx_word' id='word_1_319' title='bbox 367 2335 455 2382; x_wconf 85' lang='lat' dir='ltr'>cesset</span> <span class='ocrx_word' id='word_1_320' title='bbox 483 2324 580 2382; x_wconf 90' lang='lat' dir='ltr'>rodere</span> <span class='ocrx_word' id='word_1_321' title='bbox 595 2325 800 2390; x_wconf 85' lang='lat' dir='ltr'>conscientiam,</span> <span class='ocrx_word' id='word_1_322' title='bbox 816 2340 904 2398; x_wconf 87' lang='lat' dir='ltr'>eaque</span> <span class='ocrx_word' id='word_1_323' title='bbox 956 2338 1041 2378; x_wconf 93' lang='lat' dir='ltr'>unum</span> <span class='ocrx_word' id='word_1_324' title='bbox 1065 2338 1114 2395; x_wconf 86' lang='lat' dir='ltr'>par</span> <span class='ocrx_word' id='word_1_325' title='bbox 1138 2339 1184 2379; x_wconf 83' lang='lat' dir='ltr'>eas</span> <span class='ocrx_word' id='word_1_326' title='bbox 1209 2321 1395 2397; x_wconf 88' lang='lat' dir='ltr'>significatur,</span> <span class='ocrx_word' id='word_1_327' title='bbox 1425 2339 1494 2377; x_wconf 92' lang='lat' dir='ltr'>unus</span> <span class='ocrx_word' id='word_1_328' title='bbox 1520 2324 1665 2395; x_wconf 79' lang='lat' dir='ltr'>quaeritur.</span> <span class='ocrx_word' id='word_1_329' title='bbox 1692 2321 1751 2380; x_wconf 81' lang='lat' dir='ltr'>Non</span> 
     </span>
     <span class='ocr_line' id='line_1_26' title="bbox 104 2409 1751 2490; baseline -0.001 -18"><span class='ocrx_word' id='word_1_330' title='bbox 104 2425 210 2490; x_wconf 81' lang='lat' dir='ltr'>pestus,</span> <span class='ocrx_word' id='word_1_331' title='bbox 235 2431 297 2473; x_wconf 87' lang='lat' dir='ltr'>esea</span> <span class='ocrx_word' id='word_1_332' title='bbox 314 2413 408 2486; x_wconf 89' lang='lat' dir='ltr'>utique</span> <span class='ocrx_word' id='word_1_333' title='bbox 430 2413 672 2484; x_wconf 85' lang='lat' dir='ltr'>inconsumptibili,</span> <span class='ocrx_word' id='word_1_334' title='bbox 695 2422 839 2488; x_wconf 87' lang='lat' dir='ltr'>perpetuat</span> <span class='ocrx_word' id='word_1_335' title='bbox 861 2416 903 2471; x_wconf 82' lang='lat' dir='ltr'>ri·</span> <span class='ocrx_word' id='word_1_336' title='bbox 956 2409 1103 2468; x_wconf 83' lang='lat' dir='ltr'>divisiones</span> <span class='ocrx_word' id='word_1_337' title='bbox 1117 2412 1273 2468; x_wconf 79' lang='lat' dir='ltr'>substantie</span> <span class='ocrx_word' id='word_1_338' title='bbox 1293 2413 1320 2467; x_wconf 93' lang='lat' dir='ltr'>in</span> <span class='ocrx_word' id='word_1_339' title='bbox 1347 2413 1518 2485; x_wconf 88' lang='lat' dir='ltr'>quaternario</span> <span class='ocrx_word' id='word_1_340' title='bbox 1537 2411 1591 2470; x_wconf 90' lang='lat' dir='ltr'>isto</span> <span class='ocrx_word' id='word_1_341' title='bbox 1615 2427 1751 2481; x_wconf 75' lang='lat' dir='ltr'>expresae</span> 
     </span>
     <span class='ocr_line' id='line_1_27' title="bbox 104 2501 1750 2576; baseline -0.001 -16"><span class='ocrx_word' id='word_1_342' title='bbox 104 2513 169 2562; x_wconf 87' lang='lat' dir='ltr'>tem.</span> <span class='ocrx_word' id='word_1_343' title='bbox 190 2505 293 2561; x_wconf 89' lang='lat' dir='ltr'>llorreo</span> <span class='ocrx_word' id='word_1_344' title='bbox 320 2519 438 2564; x_wconf 84' lang='lat' dir='ltr'>vermem</span> <span class='ocrx_word' id='word_1_345' title='bbox 466 2503 631 2572; x_wconf 81' lang='lat' dir='ltr'>mordacem,</span> <span class='ocrx_word' id='word_1_346' title='bbox 652 2513 678 2559; x_wconf 85' lang='lat' dir='ltr'>et</span> <span class='ocrx_word' id='word_1_347' title='bbox 699 2513 812 2561; x_wconf 88' lang='lat' dir='ltr'>mortem</span> <span class='ocrx_word' id='word_1_348' title='bbox 831 2505 905 2562; x_wconf 82' lang='lat' dir='ltr'>riua-</span> <span class='ocrx_word' id='word_1_349' title='bbox 958 2509 1037 2570; x_wconf 90' lang='lat' dir='ltr'>sunt;</span> <span class='ocrx_word' id='word_1_350' title='bbox 1054 2517 1107 2559; x_wconf 93' lang='lat' dir='ltr'>non</span> <span class='ocrx_word' id='word_1_351' title='bbox 1121 2501 1316 2570; x_wconf 83' lang='lat' dir='ltr'>dimensiones,</span> <span class='ocrx_word' id='word_1_352' title='bbox 1335 2501 1428 2576; x_wconf 87' lang='lat' dir='ltr'>quales</span> <span class='ocrx_word' id='word_1_353' title='bbox 1443 2501 1470 2557; x_wconf 88' lang='lat' dir='ltr'>in</span> <span class='ocrx_word' id='word_1_354' title='bbox 1488 2502 1750 2573; x_wconf 85' lang='lat' dir='ltr'>corporibusintne·</span> 
     </span>
     <span class='ocr_line' id='line_1_28' title="bbox 104 2589 1752 2662; baseline -0.003 -12"><span class='ocrx_word' id='word_1_355' title='bbox 104 2609 175 2650; x_wconf 86' lang='lat' dir='ltr'>cem.</span> <span class='ocrx_word' id='word_1_356' title='bbox 192 2594 297 2650; x_wconf 88' lang='lat' dir='ltr'>llnrren</span> <span class='ocrx_word' id='word_1_357' title='bbox 325 2592 445 2649; x_wconf 89' lang='lat' dir='ltr'>incidere</span> <span class='ocrx_word' id='word_1_358' title='bbox 465 2593 493 2647; x_wconf 92' lang='lat' dir='ltr'>in</span> <span class='ocrx_word' id='word_1_359' title='bbox 522 2593 906 2660; x_wconf 60' lang='lat' dir='ltr'>maurimonasterium</span> <span class='ocrx_word' id='word_1_360' title='bbox 956 2606 1030 2656; x_wconf 89' lang='lat' dir='ltr'>mur;</span> <span class='ocrx_word' id='word_1_361' title='bbox 1046 2604 1100 2647; x_wconf 91' lang='lat' dir='ltr'>uon</span> <span class='ocrx_word' id='word_1_362' title='bbox 1114 2590 1248 2647; x_wconf 87' lang='lat' dir='ltr'>distinctio</span> <span class='ocrx_word' id='word_1_363' title='bbox 1262 2591 1422 2662; x_wconf 86' lang='lat' dir='ltr'>personalis,</span> <span class='ocrx_word' id='word_1_364' title='bbox 1437 2589 1544 2662; x_wconf 87' lang='lat' dir='ltr'>qualem</span> <span class='ocrx_word' id='word_1_365' title='bbox 1572 2590 1601 2645; x_wconf 94' lang='lat' dir='ltr'>in</span> <span class='ocrx_word' id='word_1_366' title='bbox 1623 2590 1752 2646; x_wconf 82' lang='lat' dir='ltr'>Trinitate</span> 
     </span>
     <span class='ocr_line' id='line_1_29' title="bbox 104 2679 1751 2753; baseline -0.001 -15"><span class='ocrx_word' id='word_1_367' title='bbox 104 2682 166 2738; x_wconf 81' lang='lat' dir='ltr'>vitae</span> <span class='ocrx_word' id='word_1_368' title='bbox 180 2680 329 2738; x_wconf 74' lang='lat' dir='ltr'>morientis.</span> <span class='ocrx_word' id='word_1_369' title='bbox 957 2680 1126 2747; x_wconf 87' lang='lat' dir='ltr'>adoramus;</span> <span class='ocrx_word' id='word_1_370' title='bbox 1156 2695 1210 2737; x_wconf 92' lang='lat' dir='ltr'>non</span> <span class='ocrx_word' id='word_1_371' title='bbox 1246 2695 1374 2737; x_wconf 83' lang='lat' dir='ltr'>numerus</span> <span class='ocrx_word' id='word_1_372' title='bbox 1409 2679 1624 2751; x_wconf 83' lang='lat' dir='ltr'>proprietatnm.</span> <span class='ocrx_word' id='word_1_373' title='bbox 1648 2682 1751 2753; x_wconf 79' lang='lat' dir='ltr'>qualem</span> 
     </span>
    </p>

    <p class='ocr_par' dir='ltr' id='par_1_8' title="bbox 111 2767 1767 5518">
     <span class='ocr_line' id='line_1_30' title="bbox 143 2767 1753 2842; baseline 0.001 -18"><span class='ocrx_word' id='word_1_374' title='bbox 143 2773 189 2826; x_wconf 71' lang='grc' dir='ltr'>ιιι.</span> <span class='ocrx_word' id='word_1_375' title='bbox 207 2770 271 2826; x_wconf 83' lang='lat' dir='ltr'>llaec</span> <span class='ocrx_word' id='word_1_376' title='bbox 286 2767 409 2826; x_wconf 86' lang='lat' dir='ltr'>secunda</span> <span class='ocrx_word' id='word_1_377' title='bbox 421 2783 504 2837; x_wconf 89' lang='lat' dir='ltr'>mors,</span> <span class='ocrx_word' id='word_1_378' title='bbox 520 2785 581 2841; x_wconf 80' lang='lat' dir='ltr'>qnae</span> <span class='ocrx_word' id='word_1_379' title='bbox 595 2785 732 2841; x_wconf 88' lang='lat' dir='ltr'>nunqnam</span> <span class='ocrx_word' id='word_1_380' title='bbox 746 2770 904 2841; x_wconf 83' lang='lat' dir='ltr'>peroccidit,</span> <span class='ocrx_word' id='word_1_381' title='bbox 960 2771 1082 2841; x_wconf 86' lang='lat' dir='ltr'>personis</span> <span class='ocrx_word' id='word_1_382' title='bbox 1097 2768 1164 2842; x_wconf 89' lang='lat' dir='ltr'>ipsis</span> <span class='ocrx_word' id='word_1_383' title='bbox 1183 2768 1271 2826; x_wconf 82' lang='lat' dir='ltr'>inesse</span> <span class='ocrx_word' id='word_1_384' title='bbox 1290 2768 1417 2835; x_wconf 75' lang='lat' dir='ltr'>imemnr,</span> <span class='ocrx_word' id='word_1_385' title='bbox 1428 2769 1479 2825; x_wconf 92' lang='lat' dir='ltr'>etsi</span> <span class='ocrx_word' id='word_1_386' title='bbox 1504 2785 1557 2824; x_wconf 91' lang='lat' dir='ltr'>non</span> <span class='ocrx_word' id='word_1_387' title='bbox 1571 2769 1676 2826; x_wconf 87' lang='lat' dir='ltr'>alinde</span> <span class='ocrx_word' id='word_1_388' title='bbox 1691 2786 1753 2839; x_wconf 86' lang='lat' dir='ltr'>per·</span> 
     </span>
     <span class='ocr_line' id='line_1_31' title="bbox 113 2855 1754 2932; baseline 0.001 -17"><span class='ocrx_word' id='word_1_389' title='bbox 113 2861 161 2915; x_wconf 88' lang='lat' dir='ltr'>sed</span> <span class='ocrx_word' id='word_1_390' title='bbox 187 2873 296 2930; x_wconf 83' lang='lat' dir='ltr'>semper</span> <span class='ocrx_word' id='word_1_391' title='bbox 322 2856 430 2915; x_wconf 86' lang='lat' dir='ltr'>oceidit.</span> <span class='ocrx_word' id='word_1_392' title='bbox 458 2856 523 2927; x_wconf 79' lang='lat' dir='ltr'>Quis</span> <span class='ocrx_word' id='word_1_393' title='bbox 551 2856 597 2914; x_wconf 90' lang='lat' dir='ltr'>det</span> <span class='ocrx_word' id='word_1_394' title='bbox 612 2855 665 2913; x_wconf 92' lang='lat' dir='ltr'>illis</span> <span class='ocrx_word' id='word_1_395' title='bbox 678 2859 758 2913; x_wconf 92' lang='lat' dir='ltr'>semel</span> <span class='ocrx_word' id='word_1_396' title='bbox 772 2859 851 2924; x_wconf 84' lang='lat' dir='ltr'>mori,</span> <span class='ocrx_word' id='word_1_397' title='bbox 876 2868 907 2916; x_wconf 89' lang='lat' dir='ltr'>ut</span> <span class='ocrx_word' id='word_1_398' title='bbox 960 2861 1043 2917; x_wconf 88' lang='lat' dir='ltr'>sonis.</span> <span class='ocrx_word' id='word_1_399' title='bbox 1069 2857 1198 2930; x_wconf 75' lang='lat' dir='ltr'>Alioquin</span> <span class='ocrx_word' id='word_1_400' title='bbox 1214 2860 1265 2916; x_wconf 89' lang='lat' dir='ltr'>hoc</span> <span class='ocrx_word' id='word_1_401' title='bbox 1284 2858 1420 2932; x_wconf 86' lang='lat' dir='ltr'>singulum</span> <span class='ocrx_word' id='word_1_402' title='bbox 1437 2859 1533 2915; x_wconf 81' lang='lat' dir='ltr'>honuni</span> <span class='ocrx_word' id='word_1_403' title='bbox 1557 2858 1584 2915; x_wconf 92' lang='lat' dir='ltr'>in</span> <span class='ocrx_word' id='word_1_404' title='bbox 1600 2859 1669 2930; x_wconf 83' lang='lat' dir='ltr'>Dec,</span> <span class='ocrx_word' id='word_1_405' title='bbox 1683 2858 1754 2932; x_wconf 79' lang='lat' dir='ltr'>qnod</span> 
     </span>
     <span class='ocr_line' id='line_1_32' title="bbox 111 2900 1754 3021; baseline -0.002 -15"><span class='ocrx_word' id='word_1_406' title='bbox 111 2963 166 3006; x_wconf 92' lang='lat' dir='ltr'>non</span> <span class='ocrx_word' id='word_1_407' title='bbox 180 2948 328 3004; x_wconf 86' lang='lat' dir='ltr'>moriantur</span> <span class='ocrx_word' id='word_1_408' title='bbox 351 2946 377 3001; x_wconf 93' lang='lat' dir='ltr'>in</span> <span class='ocrx_word' id='word_1_409' title='bbox 403 2947 556 3003; x_wconf 74' lang='lat' dir='ltr'>eternum?</span> <span class='ocrx_word' id='word_1_410' title='bbox 569 2944 620 3014; x_wconf 83' lang='lat' dir='ltr'>Qui</span> <span class='ocrx_word' id='word_1_411' title='bbox 641 2945 735 3003; x_wconf 91' lang='lat' dir='ltr'>dicunt</span> <span class='ocrx_word' id='word_1_412' title='bbox 750 2900 943 3015; x_wconf 63' lang='lat' dir='ltr'>erenrttiluts,e</span> <span class='ocrx_word' id='word_1_413' title='bbox 961 2945 1192 3020; x_wconf 60' lang='lat' dir='ltr'>quatuordenum</span> <span class='ocrx_word' id='word_1_414' title='bbox 1208 2946 1260 3002; x_wconf 92' lang='lat' dir='ltr'>hoc</span> <span class='ocrx_word' id='word_1_415' title='bbox 1287 2954 1403 3018; x_wconf 88' lang='lat' dir='ltr'>quatuor</span> <span class='ocrx_word' id='word_1_416' title='bbox 1431 2946 1499 3018; x_wconf 87' lang='lat' dir='ltr'>ipsa,</span> <span class='ocrx_word' id='word_1_417' title='bbox 1528 2946 1603 3018; x_wconf 89' lang='lat' dir='ltr'>qued</span> <span class='ocrx_word' id='word_1_418' title='bbox 1619 2945 1754 3021; x_wconf 80' lang='lat' dir='ltr'>singulum</span> 
     </span>
     <span class='ocr_line' id='line_1_33' title="bbox 112 3033 1755 3112; baseline -0.003 -16"><span class='ocrx_word' id='word_1_419' title='bbox 112 3035 907 3112; x_wconf 65' lang='lat' dir='ltr'>ceettempernos;etcottttm‚epentenosmccxxrn,</span> <span class='ocrx_word' id='word_1_420' title='bbox 962 3044 1014 3093; x_wconf 89' lang='lat' dir='ltr'>est.</span> <span class='ocrx_word' id='word_1_421' title='bbox 1039 3035 1125 3092; x_wconf 81' lang='lat' dir='ltr'>Nobis</span> <span class='ocrx_word' id='word_1_422' title='bbox 1145 3042 1246 3099; x_wconf 88' lang='lat' dir='ltr'>autem,</span> <span class='ocrx_word' id='word_1_423' title='bbox 1271 3033 1413 3106; x_wconf 89' lang='lat' dir='ltr'>quianon</span> <span class='ocrx_word' id='word_1_424' title='bbox 1438 3048 1583 3107; x_wconf 75' lang='lat' dir='ltr'>pessumum</span> <span class='ocrx_word' id='word_1_425' title='bbox 1612 3049 1677 3090; x_wconf 92' lang='lat' dir='ltr'>cum</span> <span class='ocrx_word' id='word_1_426' title='bbox 1700 3035 1755 3091; x_wconf 87' lang='lat' dir='ltr'>Deo</span> 
     </span>
     <span class='ocr_line' id='line_1_34' title="bbox 115 3121 1756 3200; baseline -0.003 -16"><span class='ocrx_word' id='word_1_427' title='bbox 115 3130 172 3198; x_wconf 83' lang='lat'>³⁰),</span> <span class='ocrx_word' id='word_1_428' title='bbox 200 3125 249 3200; x_wconf 92' lang='lat' dir='ltr'>qni</span> <span class='ocrx_word' id='word_1_429' title='bbox 275 3125 327 3181; x_wconf 91' lang='lat' dir='ltr'>nisi</span> <span class='ocrx_word' id='word_1_430' title='bbox 355 3133 468 3182; x_wconf 88' lang='lat' dir='ltr'>mortem</span> <span class='ocrx_word' id='word_1_431' title='bbox 496 3124 589 3181; x_wconf 88' lang='lat' dir='ltr'>mortis</span> <span class='ocrx_word' id='word_1_432' title='bbox 612 3124 742 3183; x_wconf 84' lang='lat' dir='ltr'>beneficio</span> <span class='ocrx_word' id='word_1_433' title='bbox 756 3133 802 3182; x_wconf 87' lang='lat' dir='ltr'>aut</span> <span class='ocrx_word' id='word_1_434' title='bbox 819 3125 907 3198; x_wconf 87' lang='lat' dir='ltr'>linire,</span> <span class='ocrx_word' id='word_1_435' title='bbox 964 3123 1136 3195; x_wconf 81' lang='lat' dir='ltr'>simplicitate</span> <span class='ocrx_word' id='word_1_436' title='bbox 1158 3122 1332 3194; x_wconf 85' lang='lat' dir='ltr'>contendere,</span> <span class='ocrx_word' id='word_1_437' title='bbox 1357 3121 1424 3179; x_wconf 90' lang='lat' dir='ltr'>dum</span> <span class='ocrx_word' id='word_1_438' title='bbox 1449 3122 1642 3179; x_wconf 86' lang='lat' dir='ltr'>contendimus</span> <span class='ocrx_word' id='word_1_439' title='bbox 1660 3138 1756 3196; x_wconf 72' lang='lat' dir='ltr'>apprc-</span> 
     </span>
     <span class='ocr_line' id='line_1_35' title="bbox 115 3211 1757 3286; baseline -0.003 -14"><span class='ocrx_word' id='word_1_440' title='bbox 115 3215 292 3272; x_wconf 77' lang='lat' dir='ltr'>eutenedere</span> <span class='ocrx_word' id='word_1_441' title='bbox 314 3213 428 3273; x_wconf 77' lang='lat' dir='ltr'>volanti</span> <span class='ocrx_word' id='word_1_442' title='bbox 441 3212 567 3284; x_wconf 86' lang='lat' dir='ltr'>Denique</span> <span class='ocrx_word' id='word_1_443' title='bbox 581 3215 753 3272; x_wconf 83' lang='lat' dir='ltr'>invocabunt</span> <span class='ocrx_word' id='word_1_444' title='bbox 776 3222 907 3286; x_wconf 84' lang='lat' dir='ltr'>mortem,</span> <span class='ocrx_word' id='word_1_445' title='bbox 961 3213 1084 3270; x_wconf 90' lang='lat' dir='ltr'>bendere</span> <span class='ocrx_word' id='word_1_446' title='bbox 1111 3227 1220 3278; x_wconf 88' lang='lat' dir='ltr'>unum,</span> <span class='ocrx_word' id='word_1_447' title='bbox 1249 3211 1367 3269; x_wconf 89' lang='lat' dir='ltr'>occurrit</span> <span class='ocrx_word' id='word_1_448' title='bbox 1398 3212 1482 3271; x_wconf 84' lang='lat' dir='ltr'>veluti</span> <span class='ocrx_word' id='word_1_449' title='bbox 1512 3211 1757 3286; x_wconf 80' lang='lat' dir='ltr'>quadruplicatum.</span> 
     </span>
     <span class='ocr_line' id='line_1_36' title="bbox 112 3300 1757 3376; baseline 0 -20"><span class='ocrx_word' id='word_1_450' title='bbox 112 3302 150 3356; x_wconf 86' lang='lat' dir='ltr'>ait</span> <span class='ocrx_word' id='word_1_451' title='bbox 164 3303 190 3358; x_wconf 87' lang='lat' dir='ltr'>ei</span> <span class='ocrx_word' id='word_1_452' title='bbox 213 3301 379 3358; x_wconf 74' lang='lat' dir='ltr'>conueniet</span> <span class='ocrx_word' id='word_1_453' title='bbox 404 3300 499 3372; x_wconf 76' lang='lat' dir='ltr'>(Apoc.</span> <span class='ocrx_word' id='word_1_454' title='bbox 521 3313 561 3363; x_wconf 86' lang='lat' dir='ltr'>rx,</span> <span class='ocrx_word' id='word_1_455' title='bbox 572 3300 611 3369; x_wconf 82' lang='grc'>6).</span> <span class='ocrx_word' id='word_1_456' title='bbox 638 3301 745 3356; x_wconf 77' lang='lat' dir='ltr'>lntunre</span> <span class='ocrx_word' id='word_1_457' title='bbox 758 3300 786 3356; x_wconf 93' lang='lat' dir='ltr'>id</span> <span class='ocrx_word' id='word_1_458' title='bbox 801 3301 908 3359; x_wconf 81' lang='lat' dir='ltr'>clauus.</span> <span class='ocrx_word' id='word_1_459' title='bbox 962 3301 1036 3360; x_wconf 86' lang='lat' dir='ltr'>Facit</span> <span class='ocrx_word' id='word_1_460' title='bbox 1049 3304 1100 3359; x_wconf 90' lang='lat' dir='ltr'>hoc</span> <span class='ocrx_word' id='word_1_461' title='bbox 1113 3303 1253 3375; x_wconf 86' lang='lat' dir='ltr'>speculum</span> <span class='ocrx_word' id='word_1_462' title='bbox 1268 3309 1295 3357; x_wconf 86' lang='lat' dir='ltr'>et</span> <span class='ocrx_word' id='word_1_463' title='bbox 1305 3301 1431 3376; x_wconf 78' lang='lat' dir='ltr'>enigma,</span> <span class='ocrx_word' id='word_1_464' title='bbox 1446 3319 1495 3375; x_wconf 90' lang='lat' dir='ltr'>per</span> <span class='ocrx_word' id='word_1_465' title='bbox 1508 3302 1581 3373; x_wconf 92' lang='lat' dir='ltr'>qnod</span> <span class='ocrx_word' id='word_1_466' title='bbox 1601 3302 1692 3359; x_wconf 87' lang='lat' dir='ltr'>solum</span> <span class='ocrx_word' id='word_1_467' title='bbox 1717 3301 1757 3356; x_wconf 92' lang='lat' dir='ltr'>in·</span> 
     </span>
     <span class='ocr_line' id='line_1_37' title="bbox 114 3386 1758 3461; baseline 0.001 -16"><span class='ocrx_word' id='word_1_468' title='bbox 114 3389 227 3445; x_wconf 84' lang='lat' dir='ltr'>Constat</span> <span class='ocrx_word' id='word_1_469' title='bbox 249 3386 430 3442; x_wconf 74' lang='lat' dir='ltr'>immortalem</span> <span class='ocrx_word' id='word_1_470' title='bbox 455 3386 572 3441; x_wconf 87' lang='lat' dir='ltr'>animam</span> <span class='ocrx_word' id='word_1_471' title='bbox 591 3402 663 3452; x_wconf 85' lang='lat' dir='ltr'>esse,</span> <span class='ocrx_word' id='word_1_472' title='bbox 692 3402 743 3445; x_wconf 91' lang='lat' dir='ltr'>nec</span> <span class='ocrx_word' id='word_1_473' title='bbox 767 3387 910 3461; x_wconf 86' lang='lat' dir='ltr'>aliquando</span> <span class='ocrx_word' id='word_1_474' title='bbox 963 3390 1043 3448; x_wconf 89' lang='lat' dir='ltr'>terim</span> <span class='ocrx_word' id='word_1_475' title='bbox 1062 3390 1147 3448; x_wconf 85' lang='lat' dir='ltr'>rideri</span> <span class='ocrx_word' id='word_1_476' title='bbox 1172 3391 1261 3447; x_wconf 89' lang='lat' dir='ltr'>datur.</span> <span class='ocrx_word' id='word_1_477' title='bbox 1291 3390 1361 3446; x_wconf 83' lang='lat' dir='ltr'>Cum</span> <span class='ocrx_word' id='word_1_478' title='bbox 1388 3402 1478 3448; x_wconf 89' lang='lat' dir='ltr'>autem</span> <span class='ocrx_word' id='word_1_479' title='bbox 1509 3390 1663 3448; x_wconf 74' lang='lat' dir='ltr'>ridebimus</span> <span class='ocrx_word' id='word_1_480' title='bbox 1694 3390 1758 3447; x_wconf 83' lang='lat' dir='ltr'>laeie</span> 
     </span>
     <span class='ocr_line' id='line_1_38' title="bbox 114 3473 1758 3552; baseline 0 -19"><span class='ocrx_word' id='word_1_481' title='bbox 114 3477 217 3547; x_wconf 88' lang='lat' dir='ltr'>absque</span> <span class='ocrx_word' id='word_1_482' title='bbox 243 3489 294 3532; x_wconf 87' lang='lat' dir='ltr'>sue</span> <span class='ocrx_word' id='word_1_483' title='bbox 320 3473 450 3531; x_wconf 90' lang='lat' dir='ltr'>memoria</span> <span class='ocrx_word' id='word_1_484' title='bbox 472 3475 572 3544; x_wconf 80' lang='lat' dir='ltr'>risere,</span> <span class='ocrx_word' id='word_1_485' title='bbox 594 3491 628 3531; x_wconf 90' lang='lat' dir='ltr'>ne</span> <span class='ocrx_word' id='word_1_486' title='bbox 652 3492 706 3533; x_wconf 90' lang='lat' dir='ltr'>non</span> <span class='ocrx_word' id='word_1_487' title='bbox 727 3478 842 3534; x_wconf 87' lang='lat' dir='ltr'>animam</span> <span class='ocrx_word' id='word_1_488' title='bbox 861 3480 911 3536; x_wconf 88' lang='lat' dir='ltr'>ali·</span> <span class='ocrx_word' id='word_1_489' title='bbox 962 3480 996 3538; x_wconf 87' lang='lat' dir='ltr'>ad</span> <span class='ocrx_word' id='word_1_490' title='bbox 1011 3479 1116 3546; x_wconf 82' lang='lat' dir='ltr'>taciem,</span> <span class='ocrx_word' id='word_1_491' title='bbox 1130 3478 1284 3538; x_wconf 85' lang='lat' dir='ltr'>videbimus</span> <span class='ocrx_word' id='word_1_492' title='bbox 1299 3481 1377 3537; x_wconf 88' lang='lat' dir='ltr'>sicuti</span> <span class='ocrx_word' id='word_1_493' title='bbox 1393 3490 1446 3536; x_wconf 89' lang='grc' dir='ltr'>εει.</span> <span class='ocrx_word' id='word_1_494' title='bbox 1465 3479 1678 3552; x_wconf 77' lang='grc' dir='ltr'>Νεεειιίιιι)ειε</span> <span class='ocrx_word' id='word_1_495' title='bbox 1697 3490 1758 3537; x_wconf 90' lang='lat' dir='ltr'>tnnc</span> 
     </span>
     <span class='ocr_line' id='line_1_39' title="bbox 114 3562 1758 3644; baseline 0.004 -24"><span class='ocrx_word' id='word_1_496' title='bbox 114 3563 224 3636; x_wconf 89' lang='lat' dir='ltr'>qnando</span> <span class='ocrx_word' id='word_1_497' title='bbox 238 3578 299 3619; x_wconf 82' lang='lat' dir='ltr'>esse</span> <span class='ocrx_word' id='word_1_498' title='bbox 317 3563 467 3637; x_wconf 88' lang='lat' dir='ltr'>contingat.</span> <span class='ocrx_word' id='word_1_499' title='bbox 481 3562 575 3635; x_wconf 89' lang='lat' dir='ltr'>ltaque</span> <span class='ocrx_word' id='word_1_500' title='bbox 587 3563 703 3622; x_wconf 86' lang='lat' dir='ltr'>durante</span> <span class='ocrx_word' id='word_1_501' title='bbox 717 3565 817 3639; x_wconf 88' lang='lat' dir='ltr'>arrima,</span> <span class='ocrx_word' id='word_1_502' title='bbox 832 3568 912 3624; x_wconf 91' lang='lat' dir='ltr'>durat</span> <span class='ocrx_word' id='word_1_503' title='bbox 963 3567 1070 3644; x_wconf 79' lang='lat' dir='ltr'>fragilis</span> <span class='ocrx_word' id='word_1_504' title='bbox 1093 3568 1165 3626; x_wconf 82' lang='lat' dir='ltr'>ecies</span> <span class='ocrx_word' id='word_1_505' title='bbox 1192 3569 1292 3624; x_wconf 84' lang='lat' dir='ltr'>mentis</span> <span class='ocrx_word' id='word_1_506' title='bbox 1318 3578 1427 3635; x_wconf 80' lang='lat' dir='ltr'>nostrae,</span> <span class='ocrx_word' id='word_1_507' title='bbox 1457 3567 1658 3642; x_wconf 90' lang='lat' dir='ltr'>quantumlibet</span> <span class='ocrx_word' id='word_1_508' title='bbox 1678 3569 1758 3627; x_wconf 83' lang='lat' dir='ltr'>rehe-</span> 
     </span>
     <span class='ocr_line' id='line_1_40' title="bbox 115 3651 1759 3729; baseline 0.002 -20"><span class='ocrx_word' id='word_1_509' title='bbox 115 3662 143 3711; x_wconf 89' lang='lat' dir='ltr'>et</span> <span class='ocrx_word' id='word_1_510' title='bbox 161 3651 304 3709; x_wconf 88' lang='lat' dir='ltr'>memoria.</span> <span class='ocrx_word' id='word_1_511' title='bbox 330 3651 386 3708; x_wconf 87' lang='lat' dir='ltr'>Sed</span> <span class='ocrx_word' id='word_1_512' title='bbox 413 3651 524 3724; x_wconf 75' lang='lat' dir='ltr'>qualis?</span> <span class='ocrx_word' id='word_1_513' title='bbox 546 3651 626 3710; x_wconf 78' lang='lat' dir='ltr'>rena</span> <span class='ocrx_word' id='word_1_514' title='bbox 653 3651 774 3727; x_wconf 81' lang='lat' dir='ltr'>flagitiis,</span> <span class='ocrx_word' id='word_1_515' title='bbox 801 3656 912 3713; x_wconf 87' lang='lat' dir='ltr'>horrida</span> <span class='ocrx_word' id='word_1_516' title='bbox 965 3665 1070 3715; x_wconf 89' lang='lat' dir='ltr'>menter</span> <span class='ocrx_word' id='word_1_517' title='bbox 1098 3657 1254 3725; x_wconf 83' lang='lat' dir='ltr'>intendens,</span> <span class='ocrx_word' id='word_1_518' title='bbox 1279 3656 1448 3729; x_wconf 88' lang='lat' dir='ltr'>aliquatenus</span> <span class='ocrx_word' id='word_1_519' title='bbox 1473 3657 1584 3725; x_wconf 85' lang='lat' dir='ltr'>resiliet,</span> <span class='ocrx_word' id='word_1_520' title='bbox 1613 3657 1759 3716; x_wconf 77' lang='lat' dir='ltr'>dissilietve</span> 
     </span>
     <span class='ocr_line' id='line_1_41' title="bbox 114 3739 1758 3822; baseline 0.003 -24"><span class='ocrx_word' id='word_1_521' title='bbox 114 3739 294 3814; x_wconf 79' lang='lat' dir='ltr'>facinoribus,</span> <span class='ocrx_word' id='word_1_522' title='bbox 308 3740 428 3799; x_wconf 85' lang='lat' dir='ltr'>vanitate</span> <span class='ocrx_word' id='word_1_523' title='bbox 450 3739 564 3810; x_wconf 86' lang='lat' dir='ltr'>tumida,</span> <span class='ocrx_word' id='word_1_524' title='bbox 583 3749 739 3815; x_wconf 90' lang='lat' dir='ltr'>contemptu</span> <span class='ocrx_word' id='word_1_525' title='bbox 762 3744 868 3817; x_wconf 85' lang='lat' dir='ltr'>hispida</span> <span class='ocrx_word' id='word_1_526' title='bbox 886 3758 913 3804; x_wconf 89' lang='lat' dir='ltr'>et</span> <span class='ocrx_word' id='word_1_527' title='bbox 972 3745 1054 3806; x_wconf 69' lang='grc'>151</span> <span class='ocrx_word' id='word_1_528' title='bbox 1081 3748 1110 3802; x_wconf 91' lang='lat' dir='ltr'>in</span> <span class='ocrx_word' id='word_1_529' title='bbox 1127 3762 1205 3803; x_wconf 86' lang='lat' dir='ltr'>suam</span> <span class='ocrx_word' id='word_1_530' title='bbox 1226 3746 1414 3819; x_wconf 87' lang='lat' dir='ltr'>pluralitatem.</span> <span class='ocrx_word' id='word_1_531' title='bbox 1434 3746 1548 3820; x_wconf 84' lang='lat' dir='ltr'>Colliget</span> <span class='ocrx_word' id='word_1_532' title='bbox 1573 3762 1635 3804; x_wconf 85' lang='lat' dir='ltr'>sese</span> <span class='ocrx_word' id='word_1_533' title='bbox 1662 3748 1758 3822; x_wconf 83' lang='lat' dir='ltr'>magis,</span> 
     </span>
     <span class='ocr_line' id='line_1_42' title="bbox 115 3828 1760 3910; baseline 0.005 -25"><span class='ocrx_word' id='word_1_534' title='bbox 115 3831 246 3903; x_wconf 83' lang='lat' dir='ltr'>neglecta.</span> <span class='ocrx_word' id='word_1_535' title='bbox 270 3828 337 3898; x_wconf 82' lang='lat' dir='ltr'>oue</span> <span class='ocrx_word' id='word_1_536' title='bbox 359 3828 459 3900; x_wconf 87' lang='lat' dir='ltr'>priora,</span> <span class='ocrx_word' id='word_1_537' title='bbox 478 3828 650 3898; x_wconf 81' lang='lat' dir='ltr'>transierunt,</span> <span class='ocrx_word' id='word_1_538' title='bbox 670 3839 698 3887; x_wconf 91' lang='lat' dir='ltr'>et</span> <span class='ocrx_word' id='word_1_539' title='bbox 719 3847 774 3890; x_wconf 92' lang='lat' dir='ltr'>non</span> <span class='ocrx_word' id='word_1_540' title='bbox 795 3835 910 3892; x_wconf 82' lang='lat' dir='ltr'>transie-</span> <span class='ocrx_word' id='word_1_541' title='bbox 967 3837 1108 3904; x_wconf 83' lang='lat' dir='ltr'>adunabit,</span> <span class='ocrx_word' id='word_1_542' title='bbox 1133 3835 1365 3910; x_wconf 77' lang='lat' dir='ltr'>conformabitque</span> <span class='ocrx_word' id='word_1_543' title='bbox 1385 3836 1480 3896; x_wconf 83' lang='lat' dir='ltr'>unitmi</span> <span class='ocrx_word' id='word_1_544' title='bbox 1500 3835 1582 3905; x_wconf 86' lang='lat' dir='ltr'>illins,</span> <span class='ocrx_word' id='word_1_545' title='bbox 1602 3838 1646 3894; x_wconf 85' lang='lat' dir='ltr'>vel</span> <span class='ocrx_word' id='word_1_546' title='bbox 1672 3839 1760 3910; x_wconf 88' lang='lat' dir='ltr'>potins</span> 
     </span>
     <span class='ocr_line' id='line_1_43' title="bbox 115 3917 1760 3999; baseline 0.005 -24"><span class='ocrx_word' id='word_1_547' title='bbox 115 3924 189 3977; x_wconf 87' lang='lat' dir='ltr'>met.</span> <span class='ocrx_word' id='word_1_548' title='bbox 203 3917 377 3975; x_wconf 84' lang='lat' dir='ltr'>Transierunt</span> <span class='ocrx_word' id='word_1_549' title='bbox 390 3933 407 3974; x_wconf 87' lang='lat' dir='ltr'>a</span> <span class='ocrx_word' id='word_1_550' title='bbox 421 3933 511 3987; x_wconf 89' lang='lat' dir='ltr'>manu,</span> <span class='ocrx_word' id='word_1_551' title='bbox 541 3918 657 3976; x_wconf 84' lang='lat' dir='ltr'>sednon</span> <span class='ocrx_word' id='word_1_552' title='bbox 679 3930 812 3979; x_wconf 87' lang='lat' dir='ltr'>emente.</span> <span class='ocrx_word' id='word_1_553' title='bbox 832 3921 912 3992; x_wconf 85' lang='lat' dir='ltr'>Quod</span> <span class='ocrx_word' id='word_1_554' title='bbox 968 3926 1064 3983; x_wconf 88' lang='lat' dir='ltr'>unitati</span> <span class='ocrx_word' id='word_1_555' title='bbox 1088 3926 1147 3995; x_wconf 90' lang='lat' dir='ltr'>illi,</span> <span class='ocrx_word' id='word_1_556' title='bbox 1172 3935 1202 3982; x_wconf 91' lang='lat' dir='ltr'>ut</span> <span class='ocrx_word' id='word_1_557' title='bbox 1227 3942 1281 3982; x_wconf 89' lang='lat' dir='ltr'>una</span> <span class='ocrx_word' id='word_1_558' title='bbox 1302 3925 1350 3982; x_wconf 93' lang='lat' dir='ltr'>uni</span> <span class='ocrx_word' id='word_1_559' title='bbox 1375 3925 1458 3983; x_wconf 85' lang='lat' dir='ltr'>iacies</span> <span class='ocrx_word' id='word_1_560' title='bbox 1482 3928 1647 3999; x_wconf 85' lang='lat' dir='ltr'>respondeat</span> <span class='ocrx_word' id='word_1_561' title='bbox 1668 3925 1760 3983; x_wconf 81' lang='lat' dir='ltr'>fecici</span> 
     </span>
     <span class='ocr_line' id='line_1_44' title="bbox 113 4006 1758 4089; baseline 0.005 -26"><span class='ocrx_word' id='word_1_562' title='bbox 113 4006 213 4063; x_wconf 82' lang='lat' dir='ltr'>tactum</span> <span class='ocrx_word' id='word_1_563' title='bbox 235 4016 286 4075; x_wconf 88' lang='lat' dir='ltr'>est,</span> <span class='ocrx_word' id='word_1_564' title='bbox 316 4006 415 4065; x_wconf 81' lang='lat' dir='ltr'>tanum</span> <span class='ocrx_word' id='word_1_565' title='bbox 438 4023 492 4066; x_wconf 93' lang='lat' dir='ltr'>non</span> <span class='ocrx_word' id='word_1_566' title='bbox 514 4023 648 4065; x_wconf 86' lang='lat' dir='ltr'>essenon</span> <span class='ocrx_word' id='word_1_567' title='bbox 676 4017 774 4080; x_wconf 87' lang='lat' dir='ltr'>potest.</span> <span class='ocrx_word' id='word_1_568' title='bbox 798 4011 913 4069; x_wconf 88' lang='lat' dir='ltr'>Proinde</span> <span class='ocrx_word' id='word_1_569' title='bbox 965 4015 1071 4089; x_wconf 87' lang='lat' dir='ltr'>Nempe</span> <span class='ocrx_word' id='word_1_570' title='bbox 1084 4015 1187 4073; x_wconf 91' lang='lat' dir='ltr'>similes</span> <span class='ocrx_word' id='word_1_571' title='bbox 1201 4016 1226 4072; x_wconf 90' lang='lat' dir='ltr'>ci</span> <span class='ocrx_word' id='word_1_572' title='bbox 1241 4015 1354 4083; x_wconf 90' lang='lat' dir='ltr'>erimus,</span> <span class='ocrx_word' id='word_1_573' title='bbox 1368 4016 1436 4089; x_wconf 70' lang='lat' dir='ltr'>[quie</span> <span class='ocrx_word' id='word_1_574' title='bbox 1453 4015 1608 4074; x_wconf 83' lang='lat' dir='ltr'>ridebimus</span> <span class='ocrx_word' id='word_1_575' title='bbox 1632 4032 1694 4074; x_wconf 87' lang='lat' dir='ltr'>cnm</span> <span class='ocrx_word' id='word_1_576' title='bbox 1721 4016 1758 4072; x_wconf 84' lang='lat' dir='ltr'>si·</span> 
     </span>
     <span class='ocr_line' id='line_1_45' title="bbox 115 4094 1760 4180; baseline 0.005 -28"><span class='ocrx_word' id='word_1_577' title='bbox 115 4094 165 4152; x_wconf 85' lang='lat' dir='ltr'>etsi</span> <span class='ocrx_word' id='word_1_578' title='bbox 180 4095 270 4153; x_wconf 85' lang='lat' dir='ltr'>iacere</span> <span class='ocrx_word' id='word_1_579' title='bbox 285 4095 313 4150; x_wconf 87' lang='lat' dir='ltr'>in</span> <span class='ocrx_word' id='word_1_580' title='bbox 328 4103 450 4169; x_wconf 90' lang='lat' dir='ltr'>tempore</span> <span class='ocrx_word' id='word_1_581' title='bbox 465 4094 525 4163; x_wconf 84' lang='lat' dir='ltr'>luit,</span> <span class='ocrx_word' id='word_1_582' title='bbox 545 4097 593 4151; x_wconf 88' lang='lat' dir='ltr'>sed</span> <span class='ocrx_word' id='word_1_583' title='bbox 615 4096 716 4154; x_wconf 85' lang='lat' dir='ltr'>iecisse</span> <span class='ocrx_word' id='word_1_584' title='bbox 731 4099 759 4155; x_wconf 93' lang='lat' dir='ltr'>iu</span> <span class='ocrx_word' id='word_1_585' title='bbox 774 4100 912 4175; x_wconf 89' lang='lat' dir='ltr'>sempiter·</span> <span class='ocrx_word' id='word_1_586' title='bbox 967 4104 1024 4161; x_wconf 90' lang='lat' dir='ltr'>cuti</span> <span class='ocrx_word' id='word_1_587' title='bbox 1037 4112 1078 4162; x_wconf 90' lang='lat' dir='ltr'>est</span> <span class='ocrx_word' id='word_1_588' title='bbox 1092 4104 1120 4179; x_wconf 89' lang='lat' dir='ltr'>(l</span> <span class='ocrx_word' id='word_1_589' title='bbox 1130 4107 1212 4163; x_wconf 73' lang='lat' dir='ltr'>loen.</span> <span class='ocrx_word' id='word_1_590' title='bbox 1227 4121 1269 4173; x_wconf 92' lang='grc' dir='ltr'>ιιι,</span> <span class='ocrx_word' id='word_1_591' title='bbox 1286 4107 1325 4178; x_wconf 68' lang='grc' dir='ltr'>ι).</span> <span class='ocrx_word' id='word_1_592' title='bbox 1349 4105 1429 4162; x_wconf 83' lang='grc' dir='ltr'>Βεειε</span> <span class='ocrx_word' id='word_1_593' title='bbox 1442 4105 1512 4163; x_wconf 87' lang='lat' dir='ltr'>risio</span> <span class='ocrx_word' id='word_1_594' title='bbox 1527 4105 1534 4160; x_wconf 94' lang='lat' dir='ltr'>l</span> <span class='ocrx_word' id='word_1_595' title='bbox 1554 4107 1587 4161; x_wconf 88' lang='lat' dir='ltr'>ad</span> <span class='ocrx_word' id='word_1_596' title='bbox 1604 4123 1688 4180; x_wconf 83' lang='lat' dir='ltr'>quem</span> <span class='ocrx_word' id='word_1_597' title='bbox 1702 4121 1760 4162; x_wconf 91' lang='lat' dir='ltr'>me-</span> 
     </span>
     <span class='ocr_line' id='line_1_46' title="bbox 115 4185 1761 4315; baseline 0.009 -76"><span class='ocrx_word' id='word_1_598' title='bbox 115 4200 180 4240; x_wconf 90' lang='lat' dir='ltr'>num</span> <span class='ocrx_word' id='word_1_599' title='bbox 193 4194 296 4257; x_wconf 83' lang='lat' dir='ltr'>monet.</span> <span class='ocrx_word' id='word_1_600' title='bbox 324 4186 385 4242; x_wconf 86' lang='lat' dir='ltr'>Non</span> <span class='ocrx_word' id='word_1_601' title='bbox 404 4185 501 4242; x_wconf 86' lang='lat' dir='ltr'>transit</span> <span class='ocrx_word' id='word_1_602' title='bbox 524 4202 587 4242; x_wconf 91' lang='lat' dir='ltr'>cnm</span> <span class='ocrx_word' id='word_1_603' title='bbox 601 4195 730 4258; x_wconf 87' lang='lat' dir='ltr'>tempore,</span> <span class='ocrx_word' id='word_1_604' title='bbox 758 4191 830 4262; x_wconf 88' lang='lat' dir='ltr'>qnod</span> <span class='ocrx_word' id='word_1_605' title='bbox 845 4199 951 4315; x_wconf 76' lang='lat' dir='ltr'>tem·⁰</span> <span class='ocrx_word' id='word_1_606' title='bbox 965 4192 1018 4250; x_wconf 91' lang='lat' dir='ltr'>rito</span> <span class='ocrx_word' id='word_1_607' title='bbox 1034 4192 1197 4265; x_wconf 88' lang='lat' dir='ltr'>suspirabat,</span> <span class='ocrx_word' id='word_1_608' title='bbox 1212 4193 1259 4266; x_wconf 90' lang='lat' dir='ltr'>qni</span> <span class='ocrx_word' id='word_1_609' title='bbox 1274 4194 1310 4251; x_wconf 89' lang='lat' dir='ltr'>eit</span> <span class='ocrx_word' id='word_1_610' title='bbox 1326 4211 1333 4249; x_wconf 91' lang='lat'>:</span> <span class='ocrx_word' id='word_1_611' title='bbox 1360 4195 1519 4269; x_wconf 71' lang='lat' dir='ltr'>Ecqni&#39;er&#39;oit</span> <span class='ocrx_word' id='word_1_612' title='bbox 1534 4199 1561 4253; x_wconf 82' lang='lat' dir='ltr'>te</span> <span class='ocrx_word' id='word_1_613' title='bbox 1575 4195 1663 4267; x_wconf 68' lang='lat' dir='ltr'>sodes</span> <span class='ocrx_word' id='word_1_614' title='bbox 1676 4209 1761 4262; x_wconf 68' lang='lat' dir='ltr'>mur;</span> 
     </span>
     <span class='ocr_line' id='line_1_47' title="bbox 115 4274 1761 4357; baseline 0.006 -28"><span class='ocrx_word' id='word_1_615' title='bbox 115 4289 184 4348; x_wconf 88' lang='lat' dir='ltr'>pore</span> <span class='ocrx_word' id='word_1_616' title='bbox 198 4274 304 4330; x_wconf 87' lang='lat' dir='ltr'>transit.</span> <span class='ocrx_word' id='word_1_617' title='bbox 319 4274 351 4330; x_wconf 89' lang='lat' dir='ltr'>ln</span> <span class='ocrx_word' id='word_1_618' title='bbox 366 4283 498 4331; x_wconf 77' lang='lat' dir='ltr'>etemnm</span> <span class='ocrx_word' id='word_1_619' title='bbox 517 4289 585 4345; x_wconf 92' lang='lat' dir='ltr'>ergo</span> <span class='ocrx_word' id='word_1_620' title='bbox 603 4291 717 4334; x_wconf 84' lang='lat' dir='ltr'>necesse</span> <span class='ocrx_word' id='word_1_621' title='bbox 741 4290 783 4336; x_wconf 89' lang='lat' dir='ltr'>est</span> <span class='ocrx_word' id='word_1_622' title='bbox 800 4280 910 4351; x_wconf 92' lang='lat' dir='ltr'>cruciet,</span> <span class='ocrx_word' id='word_1_623' title='bbox 964 4282 1070 4353; x_wconf 68' lang='lat' dir='ltr'>faciem</span> <span class='ocrx_word' id='word_1_624' title='bbox 1084 4287 1175 4349; x_wconf 85' lang='lat' dir='ltr'>tuom,</span> <span class='ocrx_word' id='word_1_625' title='bbox 1191 4284 1308 4340; x_wconf 82' lang='lat' dir='ltr'>Domine</span> <span class='ocrx_word' id='word_1_626' title='bbox 1317 4286 1462 4357; x_wconf 83' lang='lat' dir='ltr'>requiram</span> <span class='ocrx_word' id='word_1_627' title='bbox 1473 4283 1560 4353; x_wconf 82' lang='lat' dir='ltr'>(Pscl.</span> <span class='ocrx_word' id='word_1_628' title='bbox 1576 4298 1657 4355; x_wconf 82' lang='lat' dir='ltr'>xxm,</span> <span class='ocrx_word' id='word_1_629' title='bbox 1673 4285 1711 4351; x_wconf 85' lang='lat'>8).</span> <span class='ocrx_word' id='word_1_630' title='bbox 1729 4281 1761 4339; x_wconf 84' lang='lat' dir='ltr'>lit</span> 
     </span>
     <span class='ocr_line' id='line_1_48' title="bbox 116 4362 1762 4445; baseline 0.005 -26"><span class='ocrx_word' id='word_1_631' title='bbox 116 4363 189 4435; x_wconf 87' lang='lat' dir='ltr'>qnod</span> <span class='ocrx_word' id='word_1_632' title='bbox 219 4378 362 4435; x_wconf 86' lang='lat' dir='ltr'>perperam</span> <span class='ocrx_word' id='word_1_633' title='bbox 382 4373 408 4419; x_wconf 89' lang='lat' dir='ltr'>te</span> <span class='ocrx_word' id='word_1_634' title='bbox 426 4362 517 4437; x_wconf 87' lang='lat' dir='ltr'>egisse</span> <span class='ocrx_word' id='word_1_635' title='bbox 537 4366 564 4419; x_wconf 93' lang='lat' dir='ltr'>in</span> <span class='ocrx_word' id='word_1_636' title='bbox 588 4372 718 4422; x_wconf 75' lang='lat' dir='ltr'>aeteruum</span> <span class='ocrx_word' id='word_1_637' title='bbox 747 4367 910 4425; x_wconf 88' lang='lat' dir='ltr'>memineris.</span> <span class='ocrx_word' id='word_1_638' title='bbox 967 4372 1033 4445; x_wconf 89' lang='lat' dir='ltr'>quie</span> <span class='ocrx_word' id='word_1_639' title='bbox 1052 4372 1139 4427; x_wconf 90' lang='lat' dir='ltr'>adbuc</span> <span class='ocrx_word' id='word_1_640' title='bbox 1160 4371 1187 4426; x_wconf 92' lang='lat' dir='ltr'>iu</span> <span class='ocrx_word' id='word_1_641' title='bbox 1211 4371 1357 4444; x_wconf 80' lang='lat' dir='ltr'>quaerendo</span> <span class='ocrx_word' id='word_1_642' title='bbox 1376 4388 1419 4428; x_wconf 91' lang='lat' dir='ltr'>res</span> <span class='ocrx_word' id='word_1_643' title='bbox 1439 4379 1476 4438; x_wconf 90' lang='lat' dir='ltr'>et,</span> <span class='ocrx_word' id='word_1_644' title='bbox 1498 4371 1605 4428; x_wconf 88' lang='lat' dir='ltr'>interim</span> <span class='ocrx_word' id='word_1_645' title='bbox 1632 4373 1762 4430; x_wconf 81' lang='lat' dir='ltr'>escende-</span> 
     </span>
     <span class='ocr_line' id='line_1_49' title="bbox 115 4450 1762 4535; baseline 0.007 -26"><span class='ocrx_word' id='word_1_646' title='bbox 115 4451 238 4524; x_wconf 80' lang='lat' dir='ltr'>Experiri</span> <span class='ocrx_word' id='word_1_647' title='bbox 261 4450 312 4508; x_wconf 87' lang='lat' dir='ltr'>erit</span> <span class='ocrx_word' id='word_1_648' title='bbox 337 4452 388 4509; x_wconf 89' lang='lat' dir='ltr'>hoe</span> <span class='ocrx_word' id='word_1_649' title='bbox 414 4451 553 4508; x_wconf 78' lang='lat' dir='ltr'>veritatem</span> <span class='ocrx_word' id='word_1_650' title='bbox 573 4453 648 4510; x_wconf 83' lang='lat' dir='ltr'>vocis</span> <span class='ocrx_word' id='word_1_651' title='bbox 675 4453 748 4511; x_wconf 89' lang='lat' dir='ltr'>iltius</span> <span class='ocrx_word' id='word_1_652' title='bbox 763 4473 770 4511; x_wconf 76' lang='grc' dir='ltr'>ε</span> <span class='ocrx_word' id='word_1_653' title='bbox 787 4459 913 4531; x_wconf 78' lang='lat' dir='ltr'>Aequam</span> <span class='ocrx_word' id='word_1_654' title='bbox 968 4476 1032 4518; x_wconf 90' lang='lat' dir='ltr'>mus</span> <span class='ocrx_word' id='word_1_655' title='bbox 1045 4461 1207 4533; x_wconf 77' lang='lat' dir='ltr'>quadrigam</span> <span class='ocrx_word' id='word_1_656' title='bbox 1221 4462 1308 4527; x_wconf 84' lang='lat' dir='ltr'>istam,</span> <span class='ocrx_word' id='word_1_657' title='bbox 1323 4468 1418 4535; x_wconf 89' lang='lat' dir='ltr'>utpote</span> <span class='ocrx_word' id='word_1_658' title='bbox 1435 4459 1534 4517; x_wconf 84' lang='lat' dir='ltr'>infirmi</span> <span class='ocrx_word' id='word_1_659' title='bbox 1550 4469 1580 4518; x_wconf 91' lang='lat' dir='ltr'>et</span> <span class='ocrx_word' id='word_1_660' title='bbox 1602 4461 1762 4527; x_wconf 83' lang='lat' dir='ltr'>imbecilles.</span> 
     </span>
     <span class='ocr_line' id='line_1_50' title="bbox 116 4543 1766 4624; baseline 0.005 -25"><span class='ocrx_word' id='word_1_661' title='bbox 116 4546 182 4599; x_wconf 87' lang='lat' dir='ltr'>teet</span> <span class='ocrx_word' id='word_1_662' title='bbox 192 4545 319 4599; x_wconf 74' lang='lat' dir='ltr'>stotecm</span> <span class='ocrx_word' id='word_1_663' title='bbox 332 4544 433 4600; x_wconf 85' lang='lat' dir='ltr'>contre</span> <span class='ocrx_word' id='word_1_664' title='bbox 447 4543 552 4614; x_wconf 69' lang='lat' dir='ltr'>sociere</span> <span class='ocrx_word' id='word_1_665' title='bbox 565 4545 646 4600; x_wconf 83' lang='lat' dir='ltr'>tuom</span> <span class='ocrx_word' id='word_1_666' title='bbox 656 4543 744 4615; x_wconf 80' lang='lat' dir='ltr'>(Pml.</span> <span class='ocrx_word' id='word_1_667' title='bbox 759 4561 838 4616; x_wconf 77' lang='lat' dir='ltr'>anax,</span> <span class='ocrx_word' id='word_1_668' title='bbox 855 4547 912 4621; x_wconf 73' lang='grc' dir='ltr'>ιι).</span> <span class='ocrx_word' id='word_1_669' title='bbox 968 4549 1121 4623; x_wconf 75' lang='lat' dir='ltr'>indigentes</span> <span class='ocrx_word' id='word_1_670' title='bbox 1135 4547 1182 4603; x_wconf 89' lang='lat' dir='ltr'>tali</span> <span class='ocrx_word' id='word_1_671' title='bbox 1196 4549 1331 4616; x_wconf 84' lang='lat' dir='ltr'>vehiculo,</span> <span class='ocrx_word' id='word_1_672' title='bbox 1357 4550 1380 4605; x_wconf 91' lang='lat' dir='ltr'>si</span> <span class='ocrx_word' id='word_1_673' title='bbox 1395 4550 1463 4607; x_wconf 85' lang='lat' dir='ltr'>torte</span> <span class='ocrx_word' id='word_1_674' title='bbox 1478 4550 1521 4607; x_wconf 81' lang='lat' dir='ltr'>nel</span> <span class='ocrx_word' id='word_1_675' title='bbox 1547 4549 1588 4608; x_wconf 84' lang='lat' dir='ltr'>sic</span> <span class='ocrx_word' id='word_1_676' title='bbox 1613 4551 1766 4624; x_wconf 82' lang='lat' dir='ltr'>apprehen·</span> 
     </span>
     <span class='ocr_line' id='line_1_51' title="bbox 115 4630 1763 4711; baseline 0.005 -23"><span class='ocrx_word' id='word_1_677' title='bbox 115 4630 248 4688; x_wconf 78' lang='lat' dir='ltr'>Dominam</span> <span class='ocrx_word' id='word_1_678' title='bbox 270 4632 380 4688; x_wconf 86' lang='lat' dir='ltr'>locutus</span> <span class='ocrx_word' id='word_1_679' title='bbox 401 4640 443 4688; x_wconf 86' lang='lat' dir='ltr'>est</span> <span class='ocrx_word' id='word_1_680' title='bbox 462 4632 507 4688; x_wconf 88' lang='lat' dir='ltr'>cni</span> <span class='ocrx_word' id='word_1_681' title='bbox 534 4646 619 4687; x_wconf 91' lang='lat' dir='ltr'>omne</span> <span class='ocrx_word' id='word_1_682' title='bbox 646 4631 786 4690; x_wconf 79' lang='lat' dir='ltr'>adversum</span> <span class='ocrx_word' id='word_1_683' title='bbox 811 4646 839 4690; x_wconf 92' lang='lat' dir='ltr'>et</span> <span class='ocrx_word' id='word_1_684' title='bbox 860 4635 913 4692; x_wconf 90' lang='lat' dir='ltr'>sibi</span> <span class='ocrx_word' id='word_1_685' title='bbox 970 4639 1076 4705; x_wconf 89' lang='lat' dir='ltr'>demus,</span> <span class='ocrx_word' id='word_1_686' title='bbox 1090 4637 1117 4692; x_wconf 92' lang='lat' dir='ltr'>in</span> <span class='ocrx_word' id='word_1_687' title='bbox 1138 4652 1193 4710; x_wconf 90' lang='lat' dir='ltr'>quo</span> <span class='ocrx_word' id='word_1_688' title='bbox 1220 4639 1382 4710; x_wconf 82' lang='lat' dir='ltr'>apprehensi</span> <span class='ocrx_word' id='word_1_689' title='bbox 1409 4655 1515 4707; x_wconf 88' lang='lat' dir='ltr'>sumus,</span> <span class='ocrx_word' id='word_1_690' title='bbox 1545 4639 1573 4695; x_wconf 95' lang='lat' dir='ltr'>id</span> <span class='ocrx_word' id='word_1_691' title='bbox 1600 4649 1655 4707; x_wconf 83' lang='lat' dir='ltr'>est,</span> <span class='ocrx_word' id='word_1_692' title='bbox 1683 4640 1763 4711; x_wconf 85' lang='lat' dir='ltr'>hujus</span> 
     </span>
     <span class='ocr_line' id='line_1_52' title="bbox 115 4719 1764 4803; baseline 0.007 -28"><span class='ocrx_word' id='word_1_693' title='bbox 115 4719 254 4777; x_wconf 82' lang='lat' dir='ltr'>adversari</span> <span class='ocrx_word' id='word_1_694' title='bbox 272 4735 384 4777; x_wconf 88' lang='lat' dir='ltr'>necesse</span> <span class='ocrx_word' id='word_1_695' title='bbox 397 4727 449 4788; x_wconf 87' lang='lat' dir='ltr'>est,</span> <span class='ocrx_word' id='word_1_696' title='bbox 465 4728 495 4775; x_wconf 92' lang='lat' dir='ltr'>ut</span> <span class='ocrx_word' id='word_1_697' title='bbox 515 4721 551 4777; x_wconf 85' lang='lat' dir='ltr'>sit</span> <span class='ocrx_word' id='word_1_698' title='bbox 565 4735 625 4776; x_wconf 85' lang='lat' dir='ltr'>sera</span> <span class='ocrx_word' id='word_1_699' title='bbox 638 4719 771 4793; x_wconf 87' lang='lat' dir='ltr'>querele:</span> <span class='ocrx_word' id='word_1_700' title='bbox 790 4724 914 4783; x_wconf 82' lang='lat' dir='ltr'>Ocustcs</span> <span class='ocrx_word' id='word_1_701' title='bbox 967 4728 1052 4803; x_wconf 90' lang='lat' dir='ltr'>ipsius</span> <span class='ocrx_word' id='word_1_702' title='bbox 1070 4726 1185 4784; x_wconf 85' lang='lat' dir='ltr'>vehiculi</span> <span class='ocrx_word' id='word_1_703' title='bbox 1199 4726 1339 4784; x_wconf 78' lang='lat' dir='ltr'>mdonem.</span> <span class='ocrx_word' id='word_1_704' title='bbox 1362 4729 1429 4785; x_wconf 89' lang='lat' dir='ltr'>Nam</span> <span class='ocrx_word' id='word_1_705' title='bbox 1451 4730 1503 4786; x_wconf 91' lang='lat' dir='ltr'>hoc</span> <span class='ocrx_word' id='word_1_706' title='bbox 1524 4729 1657 4786; x_wconf 90' lang='lat' dir='ltr'>monitum</span> <span class='ocrx_word' id='word_1_707' title='bbox 1677 4729 1764 4786; x_wconf 83' lang='lat' dir='ltr'>bebe-</span> 
     </span>
     <span class='ocr_line' id='line_1_53' title="bbox 118 4809 1763 4890; baseline 0.005 -25"><span class='ocrx_word' id='word_1_708' title='bbox 118 4809 270 4867; x_wconf 82' lang='lat' dir='ltr'>heminom</span> <span class='ocrx_word' id='word_1_709' title='bbox 285 4824 373 4882; x_wconf 80' lang='lat' dir='ltr'>quere</span> <span class='ocrx_word' id='word_1_710' title='bbox 384 4809 510 4884; x_wconf 79' lang='lat' dir='ltr'>posoutt</span> <span class='ocrx_word' id='word_1_711' title='bbox 522 4825 569 4865; x_wconf 91' lang='lat' dir='ltr'>me</span> <span class='ocrx_word' id='word_1_712' title='bbox 577 4812 756 4868; x_wconf 82' lang='lat' dir='ltr'>contrariom</span> <span class='ocrx_word' id='word_1_713' title='bbox 767 4813 828 4880; x_wconf 84' lang='lat' dir='ltr'>tttt,</span> <span class='ocrx_word' id='word_1_714' title='bbox 841 4817 916 4886; x_wconf 80' lang='lat' dir='ltr'>etso-</span> <span class='ocrx_word' id='word_1_715' title='bbox 969 4833 1030 4872; x_wconf 86' lang='lat' dir='ltr'>mus</span> <span class='ocrx_word' id='word_1_716' title='bbox 1045 4816 1077 4870; x_wconf 87' lang='lat' dir='ltr'>ab</span> <span class='ocrx_word' id='word_1_717' title='bbox 1093 4816 1151 4886; x_wconf 81' lang='lat' dir='ltr'>ipso</span> <span class='ocrx_word' id='word_1_718' title='bbox 1165 4817 1259 4890; x_wconf 88' lang='lat' dir='ltr'>auriga</span> <span class='ocrx_word' id='word_1_719' title='bbox 1272 4826 1299 4873; x_wconf 91' lang='lat' dir='ltr'>et</span> <span class='ocrx_word' id='word_1_720' title='bbox 1326 4817 1414 4890; x_wconf 83' lang='lat' dir='ltr'>pn‘rno</span> <span class='ocrx_word' id='word_1_721' title='bbox 1432 4833 1528 4875; x_wconf 90' lang='lat' dir='ltr'>currus</span> <span class='ocrx_word' id='word_1_722' title='bbox 1555 4818 1639 4888; x_wconf 84' lang='lat' dir='ltr'>hujus</span> <span class='ocrx_word' id='word_1_723' title='bbox 1655 4819 1763 4875; x_wconf 84' lang='lat' dir='ltr'>extribi·</span> 
     </span>
     <span class='ocr_line' id='line_1_54' title="bbox 117 4897 1763 4980; baseline 0.007 -27"><span class='ocrx_word' id='word_1_724' title='bbox 117 4901 184 4954; x_wconf 81' lang='lat' dir='ltr'>ctos</span> <span class='ocrx_word' id='word_1_725' title='bbox 193 4915 258 4956; x_wconf 80' lang='lat' dir='ltr'>eam</span> <span class='ocrx_word' id='word_1_726' title='bbox 264 4897 398 4956; x_wconf 75' lang='lat' dir='ltr'>mihimet</span> <span class='ocrx_word' id='word_1_727' title='bbox 411 4901 467 4972; x_wconf 85' lang='lat' dir='ltr'>ipsi</span> <span class='ocrx_word' id='word_1_728' title='bbox 480 4899 590 4972; x_wconf 72' lang='lat' dir='ltr'>gressis.t</span> <span class='ocrx_word' id='word_1_729' title='bbox 601 4898 669 4971; x_wconf 67' lang='lat' dir='ltr'>[lob.</span> <span class='ocrx_word' id='word_1_730' title='bbox 685 4916 734 4970; x_wconf 81' lang='lat' dir='ltr'>mr,</span> <span class='ocrx_word' id='word_1_731' title='bbox 750 4902 808 4974; x_wconf 77' lang='lat'>29.)</span> <span class='ocrx_word' id='word_1_732' title='bbox 821 4904 860 4961; x_wconf 88' lang='lat' dir='ltr'>lta</span> <span class='ocrx_word' id='word_1_733' title='bbox 873 4912 915 4960; x_wconf 85' lang='lat' dir='ltr'>est</span> <span class='ocrx_word' id='word_1_734' title='bbox 968 4913 1068 4973; x_wconf 88' lang='lat' dir='ltr'>tore,nt</span> <span class='ocrx_word' id='word_1_735' title='bbox 1076 4904 1232 4962; x_wconf 87' lang='lat' dir='ltr'>studeamus</span> <span class='ocrx_word' id='word_1_736' title='bbox 1241 4907 1474 4980; x_wconf 79' lang='lat' dir='ltr'>comprehendere</span> <span class='ocrx_word' id='word_1_737' title='bbox 1484 4908 1685 4966; x_wconf 80' lang='lat' dir='ltr'>ccmcmnibcs</span> <span class='ocrx_word' id='word_1_738' title='bbox 1695 4926 1763 4967; x_wconf 85' lang='lat' dir='ltr'>scn-</span> 
     </span>
     <span class='ocr_line' id='line_1_55' title="bbox 119 4987 1765 5074; baseline 0.008 -31"><span class='ocrx_word' id='word_1_739' title='bbox 119 5002 135 5043; x_wconf 90' lang='grc' dir='ltr'>ο</span> <span class='ocrx_word' id='word_1_740' title='bbox 150 4987 264 5059; x_wconf 83' lang='lat' dir='ltr'>Eugeni.</span> <span class='ocrx_word' id='word_1_741' title='bbox 284 4988 346 5044; x_wconf 89' lang='lat' dir='ltr'>Non</span> <span class='ocrx_word' id='word_1_742' title='bbox 361 4995 453 5061; x_wconf 86' lang='lat' dir='ltr'>potest</span> <span class='ocrx_word' id='word_1_743' title='bbox 465 4988 524 5044; x_wconf 89' lang='lat' dir='ltr'>Deo</span> <span class='ocrx_word' id='word_1_744' title='bbox 538 5002 599 5044; x_wconf 86' lang='lat' dir='ltr'>esse</span> <span class='ocrx_word' id='word_1_745' title='bbox 617 4991 733 5045; x_wconf 88' lang='lat' dir='ltr'>contrari</span> <span class='ocrx_word' id='word_1_746' title='bbox 757 4992 870 5064; x_wconf 90' lang='lat' dir='ltr'>mquid,</span> <span class='ocrx_word' id='word_1_747' title='bbox 887 5002 913 5050; x_wconf 91' lang='grc' dir='ltr'>ει</span> <span class='ocrx_word' id='word_1_748' title='bbox 967 4997 1032 5060; x_wconf 84' lang='lat' dir='ltr'>ctis,</span> <span class='ocrx_word' id='word_1_749' title='bbox 1044 5010 1108 5068; x_wconf 73' lang='lat' dir='ltr'>quie</span> <span class='ocrx_word' id='word_1_750' title='bbox 1120 4998 1159 5052; x_wconf 84' lang='lat' dir='ltr'>sit</span> <span class='ocrx_word' id='word_1_751' title='bbox 1174 4995 1328 5068; x_wconf 82' lang='lat' dir='ltr'>longitudo,</span> <span class='ocrx_word' id='word_1_752' title='bbox 1340 4997 1652 5065; x_wconf 56' lang='lat' dir='ltr'>totttceouotttmttes,</span> <span class='ocrx_word' id='word_1_753' title='bbox 1663 5005 1693 5056; x_wconf 86' lang='lat' dir='ltr'>et</span> <span class='ocrx_word' id='word_1_754' title='bbox 1701 5016 1765 5074; x_wconf 85' lang='lat' dir='ltr'>pro·</span> 
     </span>
     <span class='ocr_line' id='line_1_56' title="bbox 117 5073 1764 5159; baseline 0.009 -29"><span class='ocrx_word' id='word_1_755' title='bbox 117 5073 226 5132; x_wconf 86' lang='lat' dir='ltr'>sibimet</span> <span class='ocrx_word' id='word_1_756' title='bbox 245 5078 392 5146; x_wconf 75' lang='lat' dir='ltr'>coherere,</span> <span class='ocrx_word' id='word_1_757' title='bbox 409 5077 459 5135; x_wconf 86' lang='lat' dir='ltr'>sed</span> <span class='ocrx_word' id='word_1_758' title='bbox 473 5079 518 5150; x_wconf 90' lang='lat' dir='ltr'>qui</span> <span class='ocrx_word' id='word_1_759' title='bbox 532 5085 663 5150; x_wconf 88' lang='lat' dir='ltr'>arguetur</span> <span class='ocrx_word' id='word_1_760' title='bbox 678 5095 695 5135; x_wconf 87' lang='lat' dir='ltr'>a</span> <span class='ocrx_word' id='word_1_761' title='bbox 710 5078 768 5136; x_wconf 87' lang='lat' dir='ltr'>Deo</span> <span class='ocrx_word' id='word_1_762' title='bbox 786 5093 915 5155; x_wconf 85' lang='lat' dir='ltr'>arguetur</span> <span class='ocrx_word' id='word_1_763' title='bbox 969 5083 1096 5156; x_wconf 75' lang='lat' dir='ltr'>fundum</span> <span class='ocrx_word' id='word_1_764' title='bbox 1112 5083 1222 5159; x_wconf 82' lang='lat' dir='ltr'>(Epires.</span> <span class='ocrx_word' id='word_1_765' title='bbox 1235 5100 1275 5152; x_wconf 90' lang='grc' dir='ltr'>ιιι,</span> <span class='ocrx_word' id='word_1_766' title='bbox 1292 5087 1348 5156; x_wconf 79' lang='lat' dir='ltr'>tel.</span> <span class='ocrx_word' id='word_1_767' title='bbox 1365 5086 1601 5159; x_wconf 81' lang='lat' dir='ltr'>comprehendere</span> <span class='ocrx_word' id='word_1_768' title='bbox 1613 5087 1695 5154; x_wconf 85' lang='lat' dir='ltr'>dixit,</span> <span class='ocrx_word' id='word_1_769' title='bbox 1711 5103 1764 5146; x_wconf 91' lang='lat' dir='ltr'>non</span> 
     </span>
     <span class='ocr_line' id='line_1_57' title="bbox 119 5167 1764 5247; baseline 0.009 -27"><span class='ocrx_word' id='word_1_770' title='bbox 119 5175 171 5221; x_wconf 90' lang='lat' dir='ltr'>eta</span> <span class='ocrx_word' id='word_1_771' title='bbox 184 5181 215 5222; x_wconf 90' lang='lat' dir='ltr'>sc</span> <span class='ocrx_word' id='word_1_772' title='bbox 234 5167 304 5239; x_wconf 85' lang='lat' dir='ltr'>ipso.</span> <span class='ocrx_word' id='word_1_773' title='bbox 319 5168 382 5224; x_wconf 90' lang='lat' dir='ltr'>Non</span> <span class='ocrx_word' id='word_1_774' title='bbox 401 5173 444 5223; x_wconf 87' lang='lat' dir='ltr'>est</span> <span class='ocrx_word' id='word_1_775' title='bbox 455 5182 521 5223; x_wconf 88' lang='lat' dir='ltr'>sene</span> <span class='ocrx_word' id='word_1_776' title='bbox 542 5168 598 5240; x_wconf 73' lang='lat' dir='ltr'>iarn</span> <span class='ocrx_word' id='word_1_777' title='bbox 614 5174 677 5224; x_wconf 92' lang='lat' dir='ltr'>tunc</span> <span class='ocrx_word' id='word_1_778' title='bbox 690 5171 762 5243; x_wconf 85' lang='lat' dir='ltr'>quod</span> <span class='ocrx_word' id='word_1_779' title='bbox 781 5182 829 5228; x_wconf 88' lang='lat' dir='ltr'>aut</span> <span class='ocrx_word' id='word_1_780' title='bbox 846 5174 917 5230; x_wconf 81' lang='lat' dir='ltr'>veri·</span> <span class='ocrx_word' id='word_1_781' title='bbox 973 5173 1142 5247; x_wconf 85' lang='lat' dir='ltr'>Cognoscere</span> <span class='ocrx_word' id='word_1_782' title='bbox 1158 5193 1166 5244; x_wconf 81' lang='lat'><em>3</em></span> <span class='ocrx_word' id='word_1_783' title='bbox 1196 5183 1225 5231; x_wconf 93' lang='lat' dir='ltr'>ut</span> <span class='ocrx_word' id='word_1_784' title='bbox 1248 5190 1302 5231; x_wconf 92' lang='lat' dir='ltr'>non</span> <span class='ocrx_word' id='word_1_785' title='bbox 1317 5176 1473 5232; x_wconf 78' lang='lat' dir='ltr'>curiositate</span> <span class='ocrx_word' id='word_1_786' title='bbox 1488 5175 1606 5233; x_wconf 85' lang='lat' dir='ltr'>contenti</span> <span class='ocrx_word' id='word_1_787' title='bbox 1634 5177 1764 5242; x_wconf 76' lang='lat' dir='ltr'>scientie,</span> 
     </span>
     <span class='ocr_line' id='line_1_58' title="bbox 119 5255 1766 5338; baseline 0.008 -29"><span class='ocrx_word' id='word_1_788' title='bbox 119 5261 201 5311; x_wconf 84' lang='lat' dir='ltr'>tatem</span> <span class='ocrx_word' id='word_1_789' title='bbox 223 5256 373 5313; x_wconf 85' lang='lat' dir='ltr'>dissimulet</span> <span class='ocrx_word' id='word_1_790' title='bbox 387 5255 466 5329; x_wconf 87' lang='lat' dir='ltr'>ratio,</span> <span class='ocrx_word' id='word_1_791' title='bbox 485 5265 532 5313; x_wconf 88' lang='lat' dir='ltr'>ant</span> <span class='ocrx_word' id='word_1_792' title='bbox 547 5256 658 5313; x_wconf 84' lang='lat' dir='ltr'>rationis</span> <span class='ocrx_word' id='word_1_793' title='bbox 680 5258 804 5318; x_wconf 81' lang='lat' dir='ltr'>intuitum</span> <span class='ocrx_word' id='word_1_794' title='bbox 828 5261 917 5318; x_wconf 89' lang='lat' dir='ltr'>anima</span> <span class='ocrx_word' id='word_1_795' title='bbox 969 5273 1027 5319; x_wconf 85' lang='lat' dir='ltr'>tota</span> <span class='ocrx_word' id='word_1_796' title='bbox 1041 5279 1104 5319; x_wconf 91' lang='lat' dir='ltr'>cura</span> <span class='ocrx_word' id='word_1_797' title='bbox 1120 5263 1216 5321; x_wconf 85' lang='lat' dir='ltr'>tractui</span> <span class='ocrx_word' id='word_1_798' title='bbox 1242 5263 1387 5323; x_wconf 86' lang='lat' dir='ltr'>inhiemus.</span> <span class='ocrx_word' id='word_1_799' title='bbox 1405 5265 1466 5322; x_wconf 87' lang='lat' dir='ltr'>Non</span> <span class='ocrx_word' id='word_1_800' title='bbox 1490 5266 1517 5319; x_wconf 85' lang='lat' dir='ltr'>in</span> <span class='ocrx_word' id='word_1_801' title='bbox 1545 5267 1703 5338; x_wconf 76' lang='lat' dir='ltr'>cognitione</span> <span class='ocrx_word' id='word_1_802' title='bbox 1725 5275 1766 5323; x_wconf 81' lang='lat' dir='ltr'>cst</span> 
     </span>
     <span class='ocr_line' id='line_1_59' title="bbox 118 5339 1767 5426; baseline 0.01 -31"><span class='ocrx_word' id='word_1_803' title='bbox 118 5339 247 5410; x_wconf 84' lang='lat' dir='ltr'>declinet,</span> <span class='ocrx_word' id='word_1_804' title='bbox 263 5345 392 5401; x_wconf 88' lang='lat' dir='ltr'>membris</span> <span class='ocrx_word' id='word_1_805' title='bbox 406 5346 500 5401; x_wconf 82' lang='lat' dir='ltr'>evulsa</span> <span class='ocrx_word' id='word_1_806' title='bbox 514 5345 660 5418; x_wconf 83' lang='lat' dir='ltr'>corporeis,</span> <span class='ocrx_word' id='word_1_807' title='bbox 676 5355 704 5402; x_wconf 92' lang='lat' dir='ltr'>et</span> <span class='ocrx_word' id='word_1_808' title='bbox 718 5348 745 5402; x_wconf 91' lang='lat' dir='ltr'>in</span> <span class='ocrx_word' id='word_1_809' title='bbox 759 5365 819 5406; x_wconf 85' lang='lat' dir='ltr'>sese</span> <span class='ocrx_word' id='word_1_810' title='bbox 833 5351 916 5406; x_wconf 91' lang='lat' dir='ltr'>colle·</span> <span class='ocrx_word' id='word_1_811' title='bbox 970 5351 1086 5420; x_wconf 81' lang='lat' dir='ltr'>tructus,</span> <span class='ocrx_word' id='word_1_812' title='bbox 1101 5351 1196 5409; x_wconf 89' lang='lat' dir='ltr'>sedin</span> <span class='ocrx_word' id='word_1_813' title='bbox 1225 5354 1479 5426; x_wconf 90' lang='lat' dir='ltr'>comprehensione.</span> <span class='ocrx_word' id='word_1_814' title='bbox 1509 5353 1637 5426; x_wconf 75' lang='lat' dir='ltr'>Alioquin</span> <span class='ocrx_word' id='word_1_815' title='bbox 1664 5357 1767 5414; x_wconf 84' lang='lat' dir='ltr'>scienti</span> 
     </span>
     <span class='ocr_line' id='line_1_60' title="bbox 122 5428 1767 5518; baseline 0.01 -31"><span class='ocrx_word' id='word_1_816' title='bbox 122 5436 174 5487; x_wconf 86' lang='lat' dir='ltr'>ete.</span> <span class='ocrx_word' id='word_1_817' title='bbox 197 5428 257 5498; x_wconf 82' lang='lat' dir='ltr'>Quo</span> <span class='ocrx_word' id='word_1_818' title='bbox 280 5432 354 5490; x_wconf 89' lang='lat' dir='ltr'>enim</span> <span class='ocrx_word' id='word_1_819' title='bbox 376 5433 404 5487; x_wconf 96' lang='lat' dir='ltr'>id</span> <span class='ocrx_word' id='word_1_820' title='bbox 427 5433 525 5504; x_wconf 75' lang='lat' dir='ltr'>ualeat,</span> <span class='ocrx_word' id='word_1_821' title='bbox 551 5433 647 5504; x_wconf 89' lang='lat' dir='ltr'>sopitis</span> <span class='ocrx_word' id='word_1_822' title='bbox 673 5437 864 5509; x_wconf 85' lang='lat' dir='ltr'>conclusisque</span> <span class='ocrx_word' id='word_1_823' title='bbox 884 5439 912 5494; x_wconf 91' lang='lat' dir='ltr'>in</span> <span class='ocrx_word' id='word_1_824' title='bbox 968 5440 1082 5508; x_wconf 82' lang='lat' dir='ltr'>bonum,</span> <span class='ocrx_word' id='word_1_825' title='bbox 1097 5446 1127 5499; x_wconf 83' lang='lat' dir='ltr'>et</span> <span class='ocrx_word' id='word_1_826' title='bbox 1139 5445 1327 5514; x_wconf 63' lang='lat' dir='ltr'>consedenti</span> <span class='ocrx_word' id='word_1_827' title='bbox 1336 5453 1366 5500; x_wconf 92' lang='lat' dir='ltr'>nt</span> <span class='ocrx_word' id='word_1_828' title='bbox 1377 5443 1415 5498; x_wconf 87' lang='lat' dir='ltr'>alt</span> <span class='ocrx_word' id='word_1_829' title='bbox 1428 5442 1548 5516; x_wconf 88' lang='lat' dir='ltr'>qnidam,</span> <span class='ocrx_word' id='word_1_830' title='bbox 1561 5449 1767 5518; x_wconf 79' lang='lat' dir='ltr'>peccetnmeet</span> 
     </span>
    </p>
   </div>
   <div class='ocr_carea' id='block_1_6' title="bbox 0 0 1880 5940">
    <p class='ocr_par' dir='ltr' id='par_1_9' title="bbox 0 0 1880 5940">
     <span class='ocr_line' id='line_1_61' title="bbox 0 0 1880 5940; baseline 0 0"><span class='ocrx_word' id='word_1_831' title='bbox 0 0 1880 5940; x_wconf 95' lang='lat' dir='ltr'> </span> 
     </span>
    </p>
   </div>
  </div>
 </body>
</html>
