3728 5940
94 191 104 231 ’ἓ
139 190 194 252 ebe
874 191 1054 258 arietilli.
1732 183 1786 246 666

95 312 100 321 ’
140 330 257 389 eperum
269 319 452 381 exhibitione:
477 330 507 381 at
525 322 649 382 Christus
665 339 716 383 nes
729 323 890 383 confiteatur
903 322 933 381 in
954 334 1048 416 grate
1067 321 1299 394 accesserimus
1320 325 1417 381 secare
1435 332 1463 380 et
1489 330 1569 379 reeta,
1581 327 1646 377 est:
1666 310 1789 412 alioquin

140 407 261 466 districta
293 411 462 485 singulorum
504 417 711 486 examinatione,
750 415 859 489 quando
883 427 935 470 nos
987 417 1111 482 ebriatus
1120 431 1180 472 eam
1194 429 1249 472 non
1262 413 1355 470 luisset
1364 413 1512 486 ingressus.
1525 413 1635 469 (lamnae
1651 407 1712 472 riae,
1734 410 1787 462 etst

141 498 291 566 oportuerit
314 501 480 561 manifestari
494 514 555 562 ante
570 506 685 563 tribunal
705 506 777 577 ejus,
794 511 824 560 ut
846 518 935 559 nnus·
988 511 1066 566 banse
1093 507 1157 574 ιιιι,
1180 504 1267 577 plenae
1292 511 1383 559 tamen
1406 511 1469 557 sunt
1493 498 1650 558 latronibus.
1685 494 1786 552 Sentitur

142 584 255 657 quisque
279 589 377 646 relerat
391 593 499 663 Ρῐθιιῐῑι
519 595 651 666 θθῐβθιῑὸ,
681 595 737 652 live
752 595 863 658 b⁰¹111m2
878 589 936 646 Sive
990 599 1071 669 hujus
1084 596 1261 667 paupertatis,
1278 592 1342 664 quia
1357 591 1441 647 ardua
1455 598 1505 660 est,
1526 597 1553 647 et
1567 588 1643 661 pauci
1656 601 1707 657 per
1721 599 1784 683 eam

95 664 101 716 ’-
143 674 252 745 malum,
281 688 361 749 prout
379 683 464 752 gessit
495 684 523 740 in
552 700 666 758 corpore
690 684 730 756 (ll
743 685 805 743 Cor.
831 698 860 749 v,
877 681 933 749 1⁰)·
990 686 1150 750 ascendunt,
1174 681 1286 738 insidias
1318 681 1451 737 latronum
1480 680 1596 752 ignorat.
1629 676 1690 731 Non
1713 688 1785 729 enirn

95 799 98 803 -
143 761 243 817 Harum
262 772 439 841 utrarumque
453 772 666 843 confessionum,
677 781 703 830 et
713 774 773 844 ejus
786 786 840 844 qus
853 770 935 824 homo
990 776 1147 849 frequenter
1169 780 1273 844 ponunt
1301 770 1421 827 latrones
1445 769 1567 833 insidias,
1586 766 1633 823 uhi
1656 765 1787 836 frequens

113 891 116 894 <
143 847 286 908 confitetur
300 854 398 926 Deum,
409 867 436 915 et
450 861 509 930 ejus
528 878 581 935 qus
594 863 667 918 Deus
681 861 826 919 confltetur
842 857 934 917 homi·
990 872 1100 922 nonest
1124 861 1255 919 transitus
1268 860 1412 918 viatorum.
1431 859 1499 916 Dico
1516 857 1594 915 robis
1621 856 1650 912 in
1662 852 1785 952 veritato,

92 959 101 971 ²
142 951 215 1005 ΗΘΜ,
232 940 345 1000 diuitis
363 962 422 1003 esse
436 950 591 1023 participes,
602 951 684 1008 nolite
698 949 812 1008 ulterius
826 943 936 1020 evagari
991 970 1050 1029 quae
1072 953 1147 1010 Deus
1173 959 1225 1018 est,
1248 958 1276 1007 et
1297 959 1407 1023 experto
1430 948 1530 1005 credite
1547 946 1633 1020 :quia
1658 946 1716 1001 ιιι
1742 955 1789 998 rra

143 1026 172 1082 in
181 1030 469 1103 exterioribus,diiiusi
479 1039 507 1095 in
516 1040 651 1099 vanitates
661 1051 689 1098 et
699 1041 818 1098 insanias
826 1041 935 1098 saeculi:
984 1050 1091 1117 ‘quanto
1104 1042 1212 1108 arctior,
1223 1048 1324 1115 quanto
1338 1038 1477 1096 molestior
1486 1037 1594 1096 ridetur
1606 1037 1634 1092 in
1650 1033 1785 1106 ingressu,

92 1112 104 1164 ’ἶ
142 1118 192 1171 sed
210 1124 314 1179 reversi
331 1125 364 1180 ad
383 1143 432 1185 ros
446 1130 542 1186 intrate
562 1131 597 1188 ed
611 1146 658 1188 cor
670 1139 801 1199 veetmm‚
818 1130 865 1188 ubi
878 1146 937 1188 stne
991 1130 1168 1203 tantolaetior,
1184 1139 1259 1187 tanto
1271 1128 1417 1200 iucundior
1431 1127 1565 1184 invenitur
1580 1126 1608 1182 in
1626 1136 1785 1220 progressu.

91 1217 97 1223 ·
142 1206 417 1283 dubioregnumDei
431 1226 481 1273 est.
497 1219 623 1295 Regnum
637 1223 709 1276 enim
725 1221 785 1290 ejus
804 1218 937 1276 intrares
990 1224 1021 1279 ln
1035 1221 1161 1296 ingressa
1183 1218 1267 1291 exigit
1285 1216 1420 1285 maritum,
1449 1215 1478 1273 in
1496 1229 1646 1288 progressu
1661 1211 1786 1284 rependit

91 1336 94 1341 >
142 1297 275 1367 esbatae.
297 1318 367 1370 xvrr,
382 1307 439 1376 at).
458 1307 529 1379 Quid
545 1312 652 1367 esthoe
668 1310 893 1384 regnnmtssna
907 1315 934 1366 et
990 1310 1142 1384 praemium.
1156 1309 1263 1365 Etenim
1276 1321 1331 1364 non
1346 1306 1432 1365 solum
1449 1305 1477 1362 in
1492 1304 1582 1362 iuturo
1596 1302 1679 1360 ritem
1703 1308 1786 1399 atter·

97 1410 103 1434 ·‚
142 1382 227 1441 libera
241 1390 365 1449 voluntas
379 1394 504 1464 hominis,
524 1397 602 1455 itese
620 1399 792 1457 conformans
805 1396 937 1456 rolttntati
990 1416 1053 1457 nam
1068 1396 1248 1472 possidebitis,
1265 1396 1313 1452 sed
1329 1403 1357 1451 et
1369 1396 1398 1452 in
1409 1395 1535 1467 praesenti
1549 1389 1704 1462 centuplum
1715 1403 1788 1445 accr-

142 1473 202 1546 Dei,
216 1485 247 1532 ut
260 1479 398 1540 nihilrelit
411 1486 560 1558 quodeciat
578 1488 604 1544 ιι
618 1488 773 1561 displicere,
787 1487 853 1546 nihil
868 1488 935 1545 nolit
991 1489 1081 1561 pictis,
1100 1503 1155 1545 non
1169 1486 1257 1546 solum
1275 1486 1304 1542 in
1330 1485 1410 1542 bonis
1427 1483 1624 1557 spiritualibus,
1644 1479 1734 1536 sedet
1757 1477 1786 1533 in

91 1594 95 1607 ι
141 1565 215 1633 quod
234 1567 301 1624 sciat
315 1571 341 1626 ei
368 1588 423 1630 non
449 1574 565 1648 placere.
592 1579 714 1635 Primum
736 1592 803 1650 ergo
816 1576 936 1649 quaerite
990 1577 1192 1649 temporalibus,
1203 1576 1227 1632 si
1241 1591 1288 1632 eor
1302 1589 1357 1632 non
1366 1573 1557 1647 apposueritis.
1573 1572 1637 1643 ipsa
1652 1567 1787 1666 siquidem

95 1689 97 1693 -
141 1666 256 1721 regnum
273 1659 333 1724 Dei,
350 1660 676 1723 utliberetur'etsanetur
688 1667 814 1724 noluntas
831 1674 932 1736 nestra,
951 1621 1062 1724 Bbona
1084 1665 1251 1737 temporalis,
1266 1672 1339 1730 sunt,
1366 1663 1389 1718 si
1416 1677 1470 1720 non
1499 1669 1632 1725 amantur,
1656 1657 1743 1724 licita;
1764 1671 1788 1710 ιι

90 1750 97 1793 ,·
140 1755 245 1799 veneno
274 1750 364 1805 saeculi
396 1754 517 1826 graviter
543 1755 647 1813 imbuta
672 1757 718 1815 vel
744 1761 886 1829 eormpts‘3
908 1765 936 1813 et
989 1764 1122 1827 amantur,
1145 1754 1250 1811 illicita.
1277 1753 1339 1810 Sive
1366 1760 1458 1808 autem
1481 1757 1615 1815 amantur,
1645 1746 1704 1802 sine
1732 1756 1787 1843 non

141 1832 230 1888 omnia
245 1839 353 1908 corpori
371 1844 525 1901 necessaria
549 1845 709 1915 adjicientur
730 1846 818 1903 robis.
842 1845 934 1902 Nolite
989 1851 1121 1910 amantur,
1137 1857 1191 1898 non
1211 1840 1323 1897 multum
1338 1839 1568 1913 expediuntque
1597 1836 1712 1910 quadam
1743 1848 1786 1930 sur

141 1918 248 1977 solliciti
263 1928 366 1983 essedo
377 1933 616 2002 corporequodest
630 1933 910 1994 hareditasrermiam
925 1949 932 1988 ι
989 1933 1128 1990 dulcedine
1140 1948 1188 1989 cor
1201 1931 1364 2003 possidentis
1377 1931 1430 1988 cito
1444 1930 1611 1986 subvertunt.
1628 1922 1695 1993 Quae
1709 1920 1789 2019 vohis

93 2064 95 2069 ,
140 2008 188 2063 ιιι
204 2011 314 2069 solliciti
328 2025 413 2075 estote
425 2019 460 2075 de
478 2020 576 2092 anima,
596 2037 657 2095 quae
671 2023 706 2086 ad
725 2022 869 2095 imaginem
884 2019 935 2076 Dei
988 2022 1127 2079 dubitandi
1150 2022 1277 2079 occasio?
1298 2021 1387 2077 Pauca
1409 2016 1568 2087 relinquetis
1589 2030 1651 2070 eum
1680 2009 1785 2068 sollici·

141 2093 210 2154 iacta
223 2112 274 2170 est,
291 2109 428 2176 quomodo
442 2111 558 2168 revelata
572 2109 642 2167 lacis
664 2111 781 2185 gloriam
799 2111 849 2168 Dei
863 2126 929 2182 spe·
989 2113 1090 2178 tudine,
1112 2119 1199 2178 totum
1214 2111 1343 2167 mundum
1366 2108 1511 2166 assumetis
1533 2105 1560 2160 in
1585 2100 1786 2175 possessionem

142 2189 256 2257 culetur,
278 2202 305 2249 et
333 2194 361 2250 in
392 2198 513 2254 eamdem
542 2199 687 2273 imaginem
720 2200 892 2265 reformetur,
908 2207 936 2255 et
988 2193 1787 2261 sinesnllicitudine.Omniocoimvostroettnt,rioerrtrtrt·

141 2279 347 2340 transformetur
365 2301 381 2340 a
403 2287 525 2345 claritate
543 2288 571 2346 in
594 2290 755 2356 claritatem,
770 2299 896 2362 tanquam
916 2303 933 2342 a
988 2291 1051 2360 des,
1067 2291 1202 2355 sioeoitu,
1214 2292 1271 2347 site
1285 2305 1370 2356 mors,
1382 2289 1440 2345 aive
1453 2285 1619 2359 praesentia,
1630 2287 1687 2337 sive
1703 2280 1786 2375 frette-¹

140 2367 248 2425 Domini
264 2372 371 2443 spiritu.
989 2375 1647 2450 ro.·maniniocum,castrationibTamenrere
1657 2367 1787 2436 subjungi

89 2492 93 2498 ,
176 2459 202 2511 6.
219 2457 288 2527 Quid
303 2461 409 2520 dulcius
423 2463 518 2522 iratres
532 2467 596 2535 mei,
617 2467 681 2540 quid
694 2466 852 2538 jucundius,
864 2466 929 2537 quid
988 2469 1141 2538 potest,l'cs
1151 2471 1248 2523 aulem
1261 2466 1372 2532 Christi,
1388 2465 1463 2521 sicot
1480 2463 1610 2520 Christus
1624 2458 1673 2514 Dei
1689 2456 1715 2523 (1
1723 2456 1785 2553 ιιι.

92 2573 94 2577 <
140 2547 346 2607 sancdusinter
368 2556 769 2625 corporeseorporecbrisrir
798 2558 934 2613 Ettamen
988 2573 1029 2625 ru,
1056 2559 1100 2621 22,
1125 2556 1188 2628 23):
1209 2555 1235 2610 id
1258 2562 1309 2620 est,
1325 2553 1358 2620 si,
1375 2554 1446 2609 sicut
1474 2551 1597 2607 Christus
1615 2546 1644 2602 in
1660 2543 1788 2640 omnibus

140 2635 241 2690 dictum
257 2640 439 2713 esthpostolis
451 2646 528 2702 ellici
534 2645 692 2718 epoodiero,
701 2647 868 2703 Paracletus
874 2662 933 2701 non
988 2644 1117 2717 opembus
1131 2645 1187 2701 suis
1199 2643 1307 2699 Patrem
1317 2659 1396 2699 suum
1411 2638 1581 2715 glorificavit,
1601 2637 1640 2692 ita
1654 2640 1681 2690 et
1695 2646 1744 2689 ros
1758 2645 1785 2685 ιιι

85 2741 94 2776 .:
140 2727 242 2782 veniet.
253 2728 324 2785 Dum
339 2732 409 2786 enim
422 2735 555 2804 corporali
565 2730 664 2791 Christi
677 2735 822 2806 praesentia
835 2735 933 2790 triden-
988 2734 1062 2790 orani
1079 2743 1141 2790 actu
1155 2742 1245 2791 restro
1258 2733 1318 2803 ejus
1332 2732 1445 2805 gloriam
1456 2727 1629 2802 quaesieritis.
1767 2807 1771 2817 Ι

141 2808 176 2865 do
191 2820 218 2868 et
230 2816 365 2876 audiendo
373 2819 500 2878 delectati
516 2831 590 2885 sunt,
606 2839 744 2894 nunquam
757 2823 797 2879 eis
812 2822 933 2894 perlecta
1024 2828 1049 2880 8.
1063 2824 1092 2880 Si
1113 2824 1185 2879 enim
1199 2823 1321 2880 Christus
1335 2823 1362 2877 in
1377 2820 1506 2892 operibus
1520 2816 1619 2874 restris
1631 2815 1787 2885 apparuerit

140 2900 227 2969 datur,
257 2905 304 2960 sed
338 2923 443 2981 semper
470 2911 634 2981 promittitur
668 2910 786 2983 Spiritus
812 2918 932 2984 sancius,
949 2906 1129 2986 egloriosus,
1146 2930 1160 2969 a
1175 2927 1230 2986 quo
1250 2912 1329 2970 robis
1348 2910 1536 2982 trepidandum
1546 2906 1676 2976 estlipse
1691 2901 1785 3000 utique

140 2987 244 3047 Etenim
253 2991 345 3052 810
353 2997 449 3069 inquit,
460 3017 525 3060 crem
534 3006 698 3074 assumptae
711 3004 802 3074 suero,
814 3002 934 3058 mittam
989 3002 1065 3059 solus
1079 3010 1131 3069 est,
1155 3001 1183 3058 in
1197 3008 1275 3071 culus
1289 3016 1371 3057 manu
1393 3000 1428 3055 sit
1443 2999 1526 3065 salus,
1541 3007 1568 3054 et
1596 2994 1786 3051 condemnatio

87 3111 94 3130 ·
142 3095 205 3137 atra
222 3084 259 3140 ed
287 3102 334 3143 vos
357 3088 451 3158 (ibon.
479 3105 540 3156 ιιι,
569 3092 607 3162 7).
636 3090 743 3149 Christo
757 3091 830 3146 enim
849 3091 952 3147 adhuc>
989 3098 1092 3147 nostra.
1107 3090 1136 3147 Si
1159 3090 1332 3157 condemnat,
1350 3087 1520 3144 benedictum
1537 3086 1572 3142 sit
1595 3096 1694 3140 nomen
1713 3080 1784 3177 ejus,

86 3203 91 3206 -
139 3171 244 3229 virente
267 3175 294 3231 in
319 3193 411 3245 carne,
436 3195 529 3236 nonne
544 3182 641 3238 Petrus
656 3181 764 3257 negavit
789 3181 822 3237 ad
841 3195 936 3236 rocem
989 3180 1052 3251 quia
1065 3179 1104 3235 sie
1129 3179 1279 3236 meruimus
1292 3177 1387 3251 (ltlb)
1406 3176 1452 3233 :si
1466 3175 1562 3242 salvat,
1577 3171 1727 3247 gloriosum
1749 3174 1785 3270 ιιι

140 3263 264 3320 ancillael
278 3264 385 3323 Christo
411 3278 501 3327 autem
516 3281 656 3344 assumpto
671 3278 697 3328 et
725 3270 808 3327 misso
833 3262 950 3341 Spiritu
989 3282 1090 3325 nomen
1105 3268 1177 3338 ejus,
1191 3267 1256 3339 quia
1269 3265 1499 3340 superabundavit
1515 3260 1700 3320 misericordia
1712 3259 1785 3330 judr-

85 3381 93 3385 -
141 3360 244 3421 sancto,
260 3370 351 3413 nonne
364 3358 439 3414 ibant
452 3360 600 3431 gaudentes
615 3359 738 3434 Apostoli
755 3374 771 3415 a
786 3367 935 3432 conspectu
989 3358 1042 3416 cio.
1066 3357 1148 3415 Pater
1165 3357 1238 3414 enim
1259 3372 1340 3413 omne
1361 3355 1510 3425 judicium·
1524 3352 1599 3411 dedit
1620 3349 1698 3408 Filio.
1720 3348 1787 3418 Quis

141 3443 257 3509 concilii,
277 3446 403 3516 quoniam
427 3448 501 3521 digni
515 3449 599 3505 habiti
622 3457 684 3506 sunt
703 3459 814 3522 propter
837 3463 934 3505 nomen
990 3454 1080 3504 tanen
1103 3448 1210 3519 estqui
1239 3447 1402 3504 condemnet
1427 3445 1507 3502 lesus
1545 3441 1685 3500 Christus?
1713 3440 1784 3513 pius,

139 3532 205 3588 lesu
228 3535 416 3591 contumeliam
431 3537 510 3606 pati‘l
534 3540 607 3610 (Act.
627 3555 654 3603 v,
679 3541 736 3610 il.)
762 3539 854 3612 Longe
869 3553 936 3611 ergo
989 3537 1108 3609 inquam,
1123 3544 1150 3594 et
1163 3537 1250 3595 dulcis
1271 3537 1361 3602 lesus,
1376 3535 1422 3608 qui
1436 3541 1561 3591 mortuus
1583 3539 1624 3589 est
1647 3545 1697 3602 pro
1720 3529 1787 3585 deli-

82 3631 90 3648 ··
140 3618 301 3674 eminentior
325 3631 352 3675 et
366 3621 471 3677 dulcior
492 3623 578 3679 virtus
603 3625 719 3695 Spiritus
733 3627 830 3691 sancti,
851 3641 934 3698 quam
989 3626 1041 3682 etis
1062 3626 1175 3695 nostris;
1210 3626 1256 3699 qui
1271 3626 1418 3682 resurrexit
1433 3630 1544 3696 propter
1566 3619 1785 3693 justificationem

84 3752 85 3755 ,
141 3706 286 3761 delectatio
301 3709 423 3778 eorporis
445 3709 554 3767 Christi.
570 3711 650 3782 Quod
668 3713 692 3768 si
706 3721 760 3769 tam
779 3712 936 3770 excellentis
990 3721 1125 3782 nostram;
1140 3714 1186 3784 qui
1200 3723 1240 3771 est
1258 3715 1291 3770 ad
1304 3714 1424 3771 dextram
1434 3713 1531 3779 Patris,
1544 3711 1589 3767 ubi
1603 3710 1684 3766 etiam
1698 3708 1784 3764 iuter-

82 3811 89 3832 *
141 3797 170 3849 et
188 3794 259 3849 beati
274 3797 395 3865 corporis
413 3800 529 3856 earnalis
542 3800 687 3858 delectatio
702 3802 789 3875 potuit
804 3803 838 3858 ab
852 3802 931 3871 hpo-
990 3800 1070 3870 pellat
1095 3818 1145 3873 pro
1167 3803 1267 3859 nohis?
1282 3803 1399 3859 llilitans
1417 3804 1445 3859 in
1467 3811 1549 3869 terra,
1570 3814 1689 3876 regnans
1711 3805 1738 3854 et
1757 3796 1786 3853 in

83 3929 89 3935 ,
140 3883 260 3939 stolisne
269 3894 390 3943 avertere
401 3888 531 3960 Spiritum
538 3898 672 3957 sanctum,
686 3891 745 3948 sine
760 3892 838 3961 euius
848 3890 934 3946 allec-
989 3890 1069 3958 coelo,
1081 3890 1146 3946 nihil
1156 3890 1211 3947 sitit
1223 3890 1275 3946 nisi
1286 3897 1408 3947 nostram
1419 3890 1531 3946 salutem
1548 3890 1662 3961 :etipse
1676 3886 1786 3958 lugien-

140 3972 290 4028 tionenihil
313 3974 385 4044 quod
402 3975 503 4032 bonnm
514 3986 554 4033 est
568 3987 657 4050 potest
665 3979 759 4048 amari,
774 3978 832 4034 sine
856 3978 935 4048 cujus
989 3979 1062 4035 tibus
1076 3979 1112 4034 ad
1127 3995 1156 4035 sc
1175 3978 1273 4036 referet
1294 3976 1504 4037 confusionem?
1523 3977 1615 4034 hbsitl
1632 3977 1784 4047 Quantum·

138 4062 238 4118 virtute
265 4063 331 4119 nihil
354 4064 485 4123 salutiferi
512 4067 602 4123 oneris
623 4075 711 4139 potest
734 4067 862 4124 tolerari:
883 4081 932 4123 ros
987 4082 1096 4137 cunque
1110 4068 1200 4141 gravis
1215 4082 1244 4124 se
1264 4069 1370 4142 ingerat
1397 4065 1533 4122 memeriae
1551 4080 1618 4120 meae
1634 4063 1785 4122 recordatio

138 4151 190 4221 ipsi
213 4151 330 4222 judicate
343 4170 377 4208 an
401 4170 455 4211 non
470 4154 561 4212 miseri
584 4165 648 4213 sunt
669 4165 695 4213 et
722 4156 819 4223 insani,
835 4157 882 4229 qui
897 4155 930 4211 ad
987 4156 1120 4213 scelerum
1128 4163 1506 4228 meorum,qusntumcunque
1530 4151 1787 4225 medeterreatprae·

138 4238 298 4313 religionem
312 4243 548 4308 venturi,delicias
570 4244 693 4317 eorporis
721 4253 859 4319 quaerunt.
875 4245 932 4302 lle·
988 4246 1074 4303 teritat
1087 4246 1148 4302 ritae
1175 4261 1245 4303 meae
1258 4244 1396 4302 horribilis
1418 4240 1609 4312 consideratio,
1625 4239 1724 4297 iaciant
1739 4240 1785 4297 elii

139 4328 276 4385 aientibus
290 4330 388 4403 quippe
396 4331 429 4387 ad
443 4333 601 4407 religionem
612 4350 667 4390 non
681 4342 721 4391 est
731 4333 929 4391 consideranda
949 4297 1059 4406 uquod
1082 4335 1238 4392 censuerint
1254 4333 1394 4406 expedire;
1411 4349 1466 4409 ego
1489 4348 1598 4404 semper
1620 4330 1734 4388 sentiam
1756 4332 1785 4387 in

139 4417 227 4472 earnis
254 4417 395 4492 fragilitas,
417 4430 447 4478 ut
461 4423 488 4478 ei
515 4423 627 4482 delicate
654 4423 854 4493 subserviatur,
884 4423 933 4480 sed
987 4423 1473 4482 bonitatedednlcedineDominimei
1482 4420 1665 4489 Jeanhristi,
1677 4435 1785 4489 semper

138 4504 331 4576 impedimenta
357 4509 470 4569 fervoris
492 4513 614 4585 spiritus,
639 4520 668 4570 ut
692 4512 805 4570 sollicite
822 4512 934 4586 fugian·
989 4513 1060 4571 oculi
1076 4513 1129 4571 mei
1143 4515 1177 4570 ιι
1193 4513 1405 4572 misericordiam
1421 4513 1481 4583 ejus
1496 4530 1503 4568 :
1519 4513 1607 4569 sciens
1622 4510 1748 4567 nimirum
1758 4519 1785 4565 et

86 4646 88 4649 ,
141 4602 194 4653 ιιι.
393 4614 397 4621 ·
988 4604 1149 4676 quandoque
1163 4604 1191 4661 in
1205 4619 1248 4659 me
1262 4603 1414 4676 experiens,
1433 4605 1514 4676 longe
1528 4601 1708 4657 efficaciorem
1724 4599 1784 4669 eius

174 4683 201 4739 ’1.
218 4683 351 4743 Festinata
363 4703 429 4761 ergo
442 4686 502 4745 lieri
516 4705 649 4762 pauperes
664 4689 771 4762 spiritu,
798 4698 825 4747 et
840 4689 936 4762 inopes
989 4692 1159 4750 dulcedinem
1169 4695 1202 4750 ad
1211 4694 1415 4760 consolandum,
1433 4708 1513 4764 quam
1524 4690 1586 4746 vitre
1601 4704 1669 4746 meae
1683 4688 1784 4745 amari·

137 4773 228 4842 rebus,
249 4784 279 4832 ut
301 4776 433 4833 Dominus
453 4777 488 4833 sit
510 4779 640 4852 sollicitus
654 4779 747 4836 vestri.
773 4779 935 4851 ilujusmodi
988 4781 1109 4836 tudinem
1119 4782 1152 4838 ad
1162 4799 1223 4838 eum
1238 4783 1429 4848 desolandum,
1441 4779 1579 4851 multoque
1590 4777 1783 4849 promptiorem

137 4862 210 4917 enim
224 4867 399 4936 paupertatis,
419 4867 576 4927 voluntariae
592 4870 726 4938 videlicet,
745 4879 772 4928 et
785 4886 819 4928 ex
833 4870 933 4929 volun·
988 4873 1049 4941 ejus
1075 4870 1270 4944 benignitatem
1293 4873 1328 4929 ad
1348 4871 1557 4945 indulgendum,
1579 4884 1662 4941 quam
1693 4882 1784 4922 meam

173 4987 266 5054 (lilii)
291 4987 352 5042 Non
367 4999 492 5059 putamus
506 4993 533 5049 id
557 4992 691 5049 dicturum
715 4994 798 5051 luisse
814 4997 934 5053 Bernar·
987 4993 1146 5059 debeamus,
1160 4993 1189 5048 in
1210 4994 1261 5051 boc
1275 5012 1374 5068 genere
1395 4997 1510 5073 gratiam
1531 4998 1590 5053 Deo
1611 4977 1718 5067 gratum
1739 4993 1784 5078 ia-

137 5056 287 5111 dnmznee
302 5057 502 5116 damnationem
518 5073 655 5128 aeternam
672 5065 699 5120 in
719 5082 775 5138 qua
788 5068 862 5122 nulla
880 5066 933 5123 erit
987 5064 1113 5130 cientem,
1132 5071 1159 5121 et
1194 5065 1329 5123 loriamin
1346 5069 1568 5141 futuroreportit,
1590 5083 1618 5122 n.
1637 5066 1710 5122 bln
1729 5082 1785 5139 epr-

137 5126 264 5183 humanae
284 5127 428 5185 voluntatis
448 5145 509 5187 cum
523 5135 614 5192 divina
628 5137 783 5202 consensio,
808 5138 863 5195 imo
879 5139 933 5193 oh·
987 5136 1055 5191 stola
1074 5138 1120 5206 te,
1141 5152 1157 5191 a
1196 5136 1344 5195 Hearicum
1368 5142 1563 5207 senonensem,
1584 5155 1612 5195 ιι.
1635 5141 1676 5204 13,
1701 5138 1784 5195 hlosis

120 5201 234 5270 *seinata
252 5215 283 5253 ac
299 5200 470 5256 destestanda
494 5203 527 5258 ab
551 5219 585 5259 ea
606 5204 733 5272 delectio,
757 5209 933 5266 intentantis
985 5208 1093 5334 guidem
1126 5222 1268 5264 excessum
1297 5211 1400 5266 amoris
1422 5212 1537 5270 volentis
1565 5213 1680 5267 fratrum
1703 5226 1784 5268 eausa

135 5271 266 5326 bernardi
281 5269 364 5326 luisse
379 5272 412 5327 de
436 5288 534 5346 genere
552 5291 645 5333 rernm
659 5275 780 5346 illerum,
795 5295 863 5352 qaas
883 5282 930 5337 di-
1005 5279 1068 5336 eleri
1083 5279 1118 5337 de
1134 5279 1202 5336 libro
1219 5279 1288 5338 vitae.
1307 5292 1332 5339 et
1346 5282 1422 5338 Pauli
1436 5284 1578 5341 anathema
1595 5298 1655 5340 esse
1668 5283 1779 5354 cupien-

136 5341 206 5397 vinae
231 5342 364 5399 voluntati
388 5344 556 5414 committere
581 5346 728 5402 debeamus
752 5349 885 5406 volentes.
900 5353 930 5408 ld
985 5351 1029 5417 tis,
1051 5352 1085 5407 ad
1111 5352 1271 5435 gehennam
1284 5352 1370 5425 ipsam
1393 5354 1525 5422 extendit,
1550 5354 1682 5434 sedflcum
1709 5355 1780 5411 bona

87 5427 89 5431 ’
105 5418 108 5423 ’
137 5422 249 5485 patetex
262 5430 388 5489 sermone
402 5419 437 5472 ιι
450 5415 484 5473 ιι
499 5417 629 5485 Diversis,
645 5417 694 5474 abi
708 5417 885 5494 destinguens
897 5438 930 5478 ea
984 5422 1159 5491 conscientie,
1184 5441 1246 5498 quae
1269 5441 1324 5483 non
1347 5426 1479 5502 competit
1496 5427 1789 5502 damnatas,'quorum

85 5506 93 5541 :
134 5501 227 5567 quea
242 5488 298 5565 Deo
313 5487 363 5566 aab
385 5487 596 5566 conditioneflet
613 5503 674 5565 qua
698 5490 823 5566 absolute
838 5502 931 5571 petere
985 5494 1140 5573 mentioest
1153 5496 1385 5576 bacinepiotoia,
