3728 5940
168 219 226 282 407
637 220 664 278 S.
683 219 851 282 satutant
868 221 1005 282 hbssttts
1023 217 1333 282 etthan-vatthhsts
1768 211 1823 273 408

171 344 251 401 oculo
266 351 292 399 tn
309 342 402 408 uteris,
414 344 459 414 qui
474 357 541 414 opus
555 359 683 399 manuum
696 347 845 401 secundum
861 349 970 420 Regula
986 363 1010 443 q
1024 348 1103 419 primi
1123 346 1235 402 ferroris
1257 359 1373 409 morem,
1388 349 1542 398 nostrorum
1562 345 1714 410 temporum
1739 345 1822 409 tepo-

173 442 337 506 praeceptum
346 433 474 487 observas
484 454 491 489 :
503 432 566 504 quia
576 439 603 488 et
614 433 725 505 negata
734 434 843 490 obedire
854 439 928 509 (ch.
940 438 968 493 S.
1024 453 1082 494 rem
1105 451 1231 493 rovocare
1248 431 1400 490 contendis.
1415 429 1538 502 Simplici
1551 430 1628 486 oculo
1640 435 1667 483 et
1680 436 1709 483 tu
1723 427 1821 495 uteris,

172 522 325 587 Benedicti,
332 522 489 591 capiatne
498 522 657 578 otiositatem
670 523 805 578 inimicam
816 526 920 591 animae,
932 541 973 581 se-
1023 525 1070 598 qui
1084 524 1119 578 ita
1133 531 1158 580 et
1172 523 1281 594 [tegulae
1296 528 1322 576 et
1335 519 1443 575 Ordinis
1458 517 1584 574 mandata
1603 514 1767 580 moderaris,
1782 521 1820 580 ut,

172 610 288 665 cundum
305 609 426 678 ejusdem
442 610 750 681 Regulaedicta,talihus
763 613 906 679 exercitiis,
918 624 970 671 tam
1023 615 1168 671 secundum
1192 612 1316 681 ejusdem
1338 609 1451 681 ttcgntac
1471 609 1552 664 rerba
1575 605 1666 676 (thid,
1683 620 1745 675 cap.
1764 606 1820 673 54),

172 697 327 762 sacris,non
337 699 423 754 solum
434 699 597 755 monachicis
608 717 653 755 see
663 708 690 756 et
701 702 971 773 apostolicisinstitu·
1024 703 1059 759 sit
1073 710 1100 757 et
1114 702 1186 774 quod
1200 702 1283 757 sortes
1297 701 1414 770 cupiant,
1429 704 1455 753 ct
1470 697 1569 752 inlirmi
1592 711 1646 752 non
1661 695 1797 766 refugiant
1812 712 1819 751 :

173 785 291 843 tionibus
308 786 350 842 vis
372 803 478 857 cavero,
497 797 533 858 ct,
554 789 581 843 in
604 802 732 861 quantum
749 791 859 847 facultas
882 793 969 862 datur,
1025 802 1054 848 ut
1069 791 1114 864 qui
1129 806 1200 863 pane
1214 804 1268 845 uon
1283 795 1380 860 potest,
1397 787 1466 842 lacte
1488 786 1593 850 saltem,
1610 800 1644 840 ne
1657 783 1739 838 citam
1754 799 1821 854 per·

172 877 250 944 juxta
265 885 354 946 patres
368 877 503 950 antiquos,
524 879 625 934 atritas
646 882 797 935 necessaria
816 881 969 953 prouidere.
1023 881 1077 942 dat.
1094 880 1181 934 alatur
1196 894 1203 935 :
1220 887 1246 933 et
1259 877 1305 951 qui
1319 874 1422 931 anhelis
1436 873 1560 929 cursibus
1576 871 1743 944 propositum
1758 872 1822 925 hra-

174 964 295 1034 Simplici
310 966 389 1021 oculo
404 975 430 1020 et
441 975 468 1021 tu
479 969 573 1039 uteris,
584 967 630 1038 qui
644 968 696 1024 hoc
709 984 780 1039 opus
794 983 921 1024 manuum
938 987 970 1026 ex
1022 969 1095 1025 vium
1110 966 1339 1038 comprehendere
1361 980 1418 1020 non
1440 962 1518 1027 valet,
1543 962 1618 1016 lcnto
1640 960 1736 1015 saltem
1751 959 1821 1030 pede

174 1060 249 1122 parte
259 1054 435 1124 postposuisti
451 1072 458 1112 :
475 1056 602 1128 quianon
619 1057 644 1112 in
660 1057 733 1112 siluis
743 1073 792 1113 nec
806 1057 833 1111 in
844 1058 968 1126 desertis,
1023 1059 1057 1112 ad
1072 1056 1139 1113 illud
1153 1055 1307 1130 pertingere
1322 1057 1459 1118 docentum
1474 1052 1539 1122 quia
1554 1066 1607 1108 non
1623 1050 1712 1107 minus
1725 1049 1820 1106 Patria

174 1142 221 1197 sed
232 1143 258 1197 in
268 1142 358 1201 medio
373 1143 482 1199 urbium
497 1150 522 1197 et
535 1152 685 1201 castrorum
700 1148 863 1201 constitutus
876 1154 903 1201 et
917 1164 970 1202 nn·
1022 1146 1184 1202 inhabitator
1198 1146 1306 1211 dicitur,
1329 1144 1375 1215 qui
1398 1144 1432 1198 ad
1455 1157 1514 1198 eam
1539 1148 1724 1210 postaticum,
1740 1155 1821 1210 quarn

172 1230 255 1302 dique
279 1231 386 1302 populis
404 1232 609 1305 circumseptus,
627 1251 676 1291 nec
695 1235 776 1291 toties
792 1245 817 1291 et
839 1235 916 1291 toties
931 1235 971 1291 ire
1022 1237 1068 1309 qui
1098 1243 1161 1307 post
1191 1250 1311 1291 mensem
1341 1231 1492 1289 reuertitur.
1522 1230 1599 1296 Quod
1628 1237 1716 1284 tamen
1745 1230 1821 1285 saluo

174 1334 204 1374 ac
232 1320 321 1375 redire
350 1321 446 1377 horum
471 1337 551 1378 causa
578 1338 700 1393 opernm,
721 1340 770 1395 per
786 1324 971 1395 promiscuam
1023 1323 1204 1381 itinerantium
1219 1324 1326 1380 diverso
1349 1322 1440 1376 labore
1460 1319 1634 1389 dico:quia‚
1657 1319 1821 1387 juxtaapo-

173 1408 311 1480 utriusque
340 1425 421 1464 sexus
448 1409 655 1480 multitudinem,
679 1413 781 1483 absque
809 1412 902 1484 aliquo
928 1415 969 1469 uel
1023 1411 1144 1466 stolicam
1159 1427 1277 1467 vocem:
1297 1410 1488 1481 Unusquisque
1499 1408 1645 1480 propriam
1663 1407 1822 1462 mercedem

173 1495 290 1564 plurimo
306 1497 422 1566 periculo
437 1504 529 1568 potcs;
546 1514 597 1553 nec
612 1500 722 1571 insuper
736 1509 885 1571 opportuna
899 1503 967 1570 loca,
1023 1501 1141 1572 accipiet
1164 1501 1318 1557 secundum
1342 1515 1426 1555 suurn
1447 1498 1570 1553 lahorem
1589 1497 1616 1566 (l
1637 1497 1697 1551 Cor.
1714 1510 1756 1565 ur,
1781 1498 1820 1563 8).

172 1582 216 1637 ubi
251 1583 348 1637 talibus
374 1583 491 1640 exerceri
521 1587 646 1656 operibus
680 1589 776 1657 possis,
810 1589 969 1661 plerumque
1024 1588 1111 1643 llabes
1128 1598 1155 1644 tu
1171 1591 1250 1660 hujus
1264 1587 1396 1660 propositi
1419 1587 1457 1641 tui
1481 1585 1655 1661 benedictum
1669 1592 1819 1648 sanctorem,

170 1671 305 1740 possides.
326 1670 380 1727 Sed
404 1688 437 1727 ne
458 1672 565 1730 inimica
588 1675 722 1747 religiosis
744 1678 865 1734 otiositas
879 1686 905 1733 te
919 1695 967 1733 va·
985 1649 1007 1727 B
1022 1678 1099 1745 cujus
1122 1676 1185 1732 iicet
1208 1677 1324 1746 scripta,
1345 1676 1392 1731 uhi
1415 1675 1530 1731 charitas
1549 1675 1641 1744 jubet,
1666 1673 1727 1739 ipso
1753 1680 1822 1728 teste

170 1760 346 1814 cantelocum
363 1759 410 1814 tihi
427 1762 540 1818 nocendi
554 1763 682 1830 inveniat,
700 1772 746 1820 aut
760 1766 805 1820 uhi
820 1773 846 1820 et
859 1767 968 1838 qnando
1023 1764 1131 1820 minime
1145 1765 1221 1834 sequi
1236 1765 1352 1837 cogaris,
1367 1765 1446 1836 sequi
1462 1772 1559 1828 tamen,
1578 1761 1640 1834 qnia
1664 1770 1736 1816 tanto
1759 1760 1820 1816 viro

169 1855 248 1917 potes
268 1848 394 1903 manibus
417 1851 547 1922 operaris,
571 1860 617 1907 aut
640 1853 686 1908 ubi
708 1869 763 1909 non
787 1863 874 1926 potes,
900 1870 969 1926 opus
1023 1868 1143 1925 congrua
1167 1853 1227 1909 visa
1251 1862 1324 1921 snut,
1345 1853 1489 1909 devotione
1511 1850 1639 1907 laudabili
1663 1850 1816 1906 delectaris.

170 1935 222 1991 hoc
245 1951 370 1991 manuum
395 1939 523 2009 operibus
547 1940 643 1996 divinis
666 1957 716 2014 per
740 1942 812 1998 vices
839 1942 968 1999 variando
1022 1942 1111 1998 Habes
1133 1950 1159 1997 et
1181 1951 1210 1998 tu
1234 1943 1428 1999 institutionum
1448 1950 1556 1997 tuarum
1579 1938 1701 1994 eumdem
1727 1939 1817 1993 liene-

170 2038 331 2094 compensas
343 2042 349 2082 :
361 2027 464 2098 sicque.
478 2045 512 2082 ne
524 2029 633 2085 domum
649 2030 766 2100 pectoris
781 2030 817 2085 tui
833 2037 968 2086 vacantem
1023 2031 1123 2086 dictum
1142 2040 1290 2096 auctorem,
1312 2033 1358 2105 qui
1380 2033 1413 2086 ad
1437 2030 1519 2086 tinem
1541 2027 1677 2085 charitatis
1691 2028 1817 2082 universa

169 2128 285 2185 nequam
305 2114 414 2185 spiritus
436 2116 487 2171 sibi
507 2118 635 2186 uindicet,
664 2118 762 2189 quibus
784 2127 860 2189 potes
885 2119 971 2177 sacris
1022 2120 1121 2188 scripta
1148 2137 1197 2175 sua
1223 2121 1308 2192 redigi
1336 2121 1473 2192 prmcipit,
1503 2128 1531 2174 et
1556 2118 1707 2173 animarum
1735 2115 1817 2171 saluti

171 2201 269 2257 studiis
283 2209 367 2258 totum
382 2203 443 2260 vitae
459 2212 511 2260 tues
526 2213 632 2277 tempus
647 2223 772 2277 occupas.
1021 2223 1133 2280 quoquo
1152 2210 1243 2274 modo,
1265 2210 1317 2266 isto
1335 2211 1377 2265 vel
1400 2210 1446 2265 illo
1464 2207 1558 2262 ordine
1572 2207 1709 2262 inservire.
1726 2205 1817 2259 lintres

207 2293 250 2346 16.
274 2290 396 2362 Simplici
423 2294 500 2350 oculo
530 2303 558 2351 tu
585 2299 679 2364 uteris,
710 2298 756 2366 qui
784 2297 811 2352 in
842 2299 968 2355 omnibus
1021 2304 1048 2350 et
1070 2300 1190 2353 Maurum
1215 2297 1380 2370 praecipuunr
1399 2298 1470 2352 inter
1488 2298 1549 2367 e)ns
1567 2294 1712 2360 discipulos
1730 2290 1816 2347 disci-

171 2379 375 2437 advcuientihus
397 2385 437 2438 vcl
469 2383 670 2441 discedentibus
698 2386 863 2457 hospitibus,
891 2388 968 2443 iucli·
1022 2385 1125 2455 pulum,
1148 2387 1194 2458 qui
1213 2387 1246 2441 ab
1266 2402 1299 2441 eo
1323 2386 1421 2442 missus
1449 2386 1483 2440 ad
1511 2384 1623 2449 Gallias,
1652 2383 1744 2452 aliqua
1772 2381 1814 2437 uel

171 2479 234 2527 nato
249 2472 347 2542 capite,
362 2472 403 2528 vel
417 2482 552 2544 prostrato
572 2475 645 2529 ouini
670 2490 783 2547 corpore
806 2477 833 2531 in
856 2484 966 2545 terram,
1022 2475 1108 2528 multa
1123 2474 1157 2529 de
1171 2475 1231 2545 ejus
1246 2475 1360 2548 Regula,
1382 2490 1414 2529 eo
1438 2489 1516 2545 quem
1531 2486 1613 2541 supra
1627 2468 1722 2540 scripsi
1736 2469 1816 2525 oculo

172 2560 306 2616 Christum
333 2562 439 2631 adoras,
465 2565 555 2631 eisque
582 2566 714 2621 universis
743 2567 824 2634 pedes
851 2567 966 2625 abluis:
1022 2562 1122 2634 legitur
1140 2564 1307 2619 ininrutasse.
1330 2563 1419 2618 llabcs
1441 2569 1468 2618 et
1491 2561 1620 2630 plurimos
1645 2567 1705 2628 post
1728 2557 1817 2625 ipsunt

172 2647 236 2719 qnia
263 2649 427 2719 praecipuum
460 2651 645 2720 hospitalitatis
676 2652 788 2716 bonum,
818 2655 969 2711 secundum
1022 2651 1247 2708 monasteriorum
1270 2660 1368 2723 patres.
1387 2667 1457 2723 qnos
1477 2649 1577 2721 Spiritu
1602 2649 1650 2704 Dei
1672 2661 1721 2717 pro
1745 2654 1816 2701 tem·

172 2735 313 2805 Evangelii
325 2744 352 2791 et
368 2736 476 2808 Regulae
490 2738 577 2810 titia„
597 2754 657 2810 rap.
672 2742 718 2812 53)
732 2742 850 2809 decreta,
864 2759 969 2800 stimmo
1023 2741 1149 2812 poribus,
1174 2757 1224 2812 pro
1244 2742 1330 2808 locis,
1357 2756 1405 2812 pro
1427 2740 1570 2810 personis,
1592 2738 1627 2792 ad
1649 2735 1819 2791 moderanda

174 2823 297 2879 excolere
318 2824 419 2892 studio,
445 2834 472 2879 ut
495 2825 581 2893 decet,
607 2829 717 2902 satagis,
742 2840 769 2886 et
793 2839 845 2885 tam
869 2835 969 2888 sanctae
1023 2822 1097 2898 sae&
1118 2830 1195 2886 nicta
1214 2831 1324 2902 Regula
1348 2830 1448 2898 scripta
1461 2838 1535 2884 actos
1549 2843 1619 2890 esse,
1634 2833 1660 2880 et
1674 2823 1727 2880 vita
1743 2838 1818 2893 prae-

172 2910 347 2967 humanitatis
371 2913 534 2972 cxlribitione
557 2917 720 2989 condignam
742 2920 894 2975 mercedem
919 2921 967 2977 tibi
984 2932 1006 3010 c
1022 2918 1132 2983 dellens,
1153 2927 1181 2975 et
1197 2919 1340 2975 innumera
1355 2927 1408 2974 tam
1423 2918 1450 2972 in
1465 2920 1517 2976 uita
1531 2932 1610 2988 quam
1626 2923 1817 2985 postmortem

172 2998 308 3057 vindicare
337 3002 487 3059 contendis.
511 3003 630 3075 Simplici
658 3007 736 3063 oculo
762 3015 789 3062 et
817 3015 846 3062 tu
875 3009 966 3073 uteris,
1022 3007 1106 3063 abeo
1120 3023 1170 3077 per
1185 3009 1258 3078 ipsos
1278 3007 1345 3062 lacta
1367 3007 1506 3072 miracula,
1531 3006 1590 3060 luce
1613 2998 1818 3059 clariusmani-

173 3088 218 3159 qui
234 3103 288 3144 non
301 3093 363 3146 ante
380 3106 473 3148 ornnes
497 3092 616 3164 hospites
641 3095 828 3167 prosterneris,
849 3099 968 3169 quinon
1021 3093 1128 3150 tentant.

172 3177 299 3235 omnihus
313 3179 396 3250 pedes
410 3181 499 3237 abluis
513 3197 521 3236 t
537 3184 600 3255 quia
614 3183 781 3254 impossibile
794 3186 903 3241 omnino
919 3186 967 3241 tibi
1059 3187 1102 3237 ta.
1115 3183 1216 3253 thuid
1229 3183 1298 3238 ultra
1312 3183 1417 3239 dicam?
1431 3181 1516 3239 Simili
1534 3180 1637 3236 ratione
1650 3194 1698 3248 per
1712 3177 1819 3246 reliqua

172 3274 246 3323 esset
272 3277 334 3326 ante
357 3277 457 3324 mutam
478 3271 613 3345 hospitum
638 3273 835 3330 multitudinem
859 3275 968 3331 assidue
1020 3270 1112 3328 omnia
1126 3287 1188 3342 quae
1201 3272 1326 3327 videntur
1339 3271 1445 3326 diversa
1460 3268 1580 3338 capitula
1595 3275 1734 3331 currente,
1752 3265 1820 3320 sim·

171 3356 354 3412 advenientem
378 3375 487 3429 semper
509 3360 537 3415 in
561 3373 660 3417 terram
685 3367 826 3434 prosterni,
842 3364 968 3420 omnibus
1020 3353 1823 3430 pttpemoculum,quemaliuscharhatcm,alittssalvanda-

173 3446 258 3517 pedes
272 3447 398 3519 abluere,
415 3447 442 3502 in
457 3458 559 3505 tantum
574 3458 613 3522 nt,
631 3452 653 3506 si
668 3454 702 3507 ad
716 3453 766 3508 ista
781 3453 908 3509 continue
922 3469 968 3510 ua·
1020 3463 1081 3503 rum
1093 3446 1244 3501 animaruum
1265 3448 1435 3503 intentionenr
1457 3452 1603 3513 nuncupat,
1620 3441 1718 3509 uhi-que
1734 3457 1820 3511 repc-

171 3548 234 3590 care
248 3534 340 3606 velles,
356 3536 460 3592 cunctis
473 3539 532 3594 aliis
546 3539 655 3594 Ordinis
674 3542 711 3596 tui
731 3541 863 3597 exercitiis
880 3541 968 3598 omis·
1020 3536 1184 3603 ries3ethoc
1195 3537 1274 3593 modo
1285 3536 1350 3592 nihil
1361 3533 1584 3604 diversum,nihil
1592 3531 1732 3586 dissonum
1742 3529 1819 3599 (quia

172 3623 220 3694 sis,
237 3639 286 3679 ncc
301 3624 370 3683 istud
385 3625 472 3681 solnm
495 3628 603 3700 explere
623 3631 735 3686 valeres.
761 3633 793 3686 Et
815 3631 878 3700 quia
894 3632 968 3702 quod
1020 3641 1067 3695 per
1085 3626 1240 3683 charitatem
1261 3626 1330 3682 fiunt
1350 3627 1439 3681 omnia
1461 3624 1557 3695 unum)
1573 3624 1601 3678 in
1615 3622 1656 3676 his
1670 3636 1731 3691 quae
1744 3619 1818 3674 uarie

172 3712 338 3782 impossibile
353 3714 400 3770 tibi
418 3732 478 3772 esso
500 3718 637 3788 perspicis,
653 3719 768 3785 omittis;
785 3719 859 3791 quod
873 3719 968 3792 hospi·
1021 3715 1122 3770 servari
1136 3715 1270 3783 videntur,
1287 3716 1417 3771 invenies.
1434 3715 1495 3770 istis
1513 3713 1625 3782 adiicio,
1638 3710 1710 3781 quod
1727 3718 1815 3763 tamen

173 3810 231 3859 tum
245 3803 406 3875 susceptioni
430 3807 608 3863 necessarium
632 3813 683 3874 est,
701 3823 751 3879 pro
764 3808 869 3864 viribus
888 3809 967 3864 exhi·
1021 3804 1147 3860 omnihus
1165 3812 1247 3875 patet,
1273 3805 1338 3861 nihil
1362 3821 1433 3876 pene
1454 3805 1549 3860 talium
1573 3802 1600 3856 in
1624 3800 1725 3871 Regula
1744 3813 1813 3867 pras·

170 3891 229 3958 hes,
254 3907 357 3966 eoaque.
376 3909 430 3965 quo
453 3904 529 3965 potas
550 3896 653 3952 honore
672 3899 844 3968 prosequeris
860 3916 867 3953 ε
883 3899 968 3967 ajam
1021 3900 1139 3962 ceptum,
1154 3892 1200 3948 sed
1216 3909 1277 3949 cum
1291 3893 1453 3949 conditionis
1467 3891 1656 3953 additamento,
1672 3897 1698 3940 ct
1710 3886 1816 3940 abbatis

172 3981 260 4048 dictis,
288 4000 349 4056 quae
378 3983 487 4052 explere
513 3999 568 4038 non
593 3984 676 4055 sales,
699 3984 868 4055 simplicitate
895 3985 968 4042 oculi
1022 3989 1233 4052 temperamento
1248 3983 1390 4052 prolatum.
1406 3981 1484 4051 Quod
1509 3983 1588 4036 etiam
1613 3979 1635 4034 si
1657 3975 1815 4046 imporatito

170 4072 317 4129 excusaris.
352 4072 473 4144 Simplici
510 4074 589 4129 uculo
621 4081 650 4129 tu
682 4075 785 4140 uteris,
815 4076 860 4147 qui
892 4091 969 4131 men·
1022 4071 1125 4126 dictum
1147 4071 1250 4136 inisset,
1274 4087 1444 4143 nequaquam
1465 4070 1581 4141 simplici
1605 4068 1696 4132 ocrrlo,
1723 4066 1749 4119 id
1773 4074 1816 4119 est

167 4178 231 4216 sam
251 4162 355 4217 abbatis
377 4178 437 4216 curn
459 4162 611 4232 hospitibus
634 4172 661 4218 et
685 4165 838 4237 peregrinis
860 4181 968 4232 sempor
1022 4163 1146 4219 charitati
1169 4163 1347 4238 evangelicas,
1372 4163 1550 4235 prajurttccrc
1577 4158 1716 4230 potuisset.
1740 4155 1816 4211 Talin
1856 4146 1863 4157 “

172 4265 233 4305 esse
254 4249 295 4305 uis
311 4269 318 4305 a
333 4248 396 4319 quia
415 4256 442 4304 et
460 4250 571 4321 quulae
594 4252 707 4308 obedire
730 4254 817 4322 tanin..
834 4268 894 4325 cap.
910 4254 966 4325 56),
985 4209 1104 4319 nenim,
1128 4262 1157 4309 ut
1179 4254 1260 4320 nosti,
1275 4255 1309 4310 de
1322 4269 1434 4310 numero
1455 4259 1648 4322 praceptorum
1673 4247 1814 4304 mobilium

173 4347 202 4393 at
233 4336 384 4408 hospitibus
419 4336 468 4391 tibi
503 4339 647 4394 humanius
683 4341 818 4398 deservire
853 4341 965 4397 sideris.
1022 4351 1111 4400 sunt:
1136 4350 1162 4398 et
1182 4344 1289 4415 quando
1312 4343 1427 4399 charitas
1451 4342 1575 4413 imperat,
1600 4339 1702 4411 absque
1725 4336 1816 4405 aliquo

171 4425 291 4498 Simplici
320 4427 398 4483 oculo
427 4435 454 4480 et
479 4437 506 4482 tu
534 4428 633 4493 uteris,
657 4429 703 4501 qui
731 4446 851 4487 mensam
880 4430 967 4486 abba·
1020 4431 1244 4503 transgressionis
1265 4431 1361 4488 timore
1384 4433 1514 4488 movenda
1529 4436 1600 4485 sunt.
1617 4429 1816 4495 Nrcsuspecta

169 4516 207 4573 tis
234 4530 289 4573 non
312 4531 421 4587 semper
442 4530 503 4571 cum
528 4517 689 4586 hospitibus,
709 4519 756 4574 sed
776 4535 882 4591 semper
905 4535 966 4575 curu
1020 4535 1080 4574 esse
1093 4519 1174 4574 debet
1193 4519 1244 4575 hoe
1268 4529 1391 4592 respectu
1407 4521 1536 4592 Regulam
1560 4515 1817 4590 professisltegnlae

171 4606 298 4664 tratribus
331 4621 390 4662 esse
421 4603 544 4662 decernis
574 4624 580 4662 :
609 4607 671 4679 quin
707 4608 851 4665 multorum
885 4608 967 4665 abba·
1020 4606 1231 4678 praevaricatio:
1255 4606 1319 4676 quia
1343 4607 1434 4680 regula
1458 4609 1502 4663 illa
1523 4607 1596 4662 illius
1617 4603 1701 4660 sancti
1726 4603 1817 4674 patris

171 4704 230 4752 tum
262 4696 304 4768 (ut
326 4692 420 4751 mitius
443 4695 548 4765 loquar)
571 4694 742 4765 profusioni,
763 4696 810 4768 qni
831 4697 966 4766 hospitum
1020 4710 1057 4752 ex
1070 4695 1118 4750 itta
1132 4695 1242 4752 sublimi
1265 4703 1291 4752 et
1312 4696 1431 4768 generali
1446 4697 1583 4753 charitatis
1603 4693 1697 4767 regula
1711 4693 1816 4762 pendet

170 4784 311 4842 occasione
325 4781 413 4840 ΜΩ
436 4782 489 4838 sihi
511 4783 628 4854 propitii,
644 4784 699 4840 suis
722 4784 798 4854 impii
818 4799 877 4839 essc
895 4785 966 4841 sole·
1018 4801 1050 4842 ex
1066 4801 1119 4857 qua
1131 4791 1157 4839 et
1169 4786 1197 4840 in
1212 4801 1275 4856 qua,
1287 4786 1363 4855 Juxta
1377 4785 1501 4841 Veritatis
1515 4786 1605 4853 verba,
1617 4784 1753 4840 uniuersa
1767 4783 1816 4839 lea

171 4875 244 4940 bant,
259 4889 322 4931 eum
342 4873 376 4928 ad
399 4888 522 4928 mensam
542 4889 711 4929 communem
735 4873 885 4931 reuocando
905 4890 965 4930 me·
1018 4874 1122 4946 pendet
1137 4877 1165 4931 ci
1179 4873 1329 4946 Prophetae
1343 4873 1452 4944 (ttntttr,
1467 4888 1540 4938 xxti,
1552 4875 1609 4945 dh).
1620 4870 1700 4940 Quod
1712 4869 1737 4924 si
1751 4871 1815 4926 uni-

168 4962 252 5022 deris.
1018 4978 1097 5019 versa
1119 4963 1181 5031 lex,
1209 4969 1274 5019 tunc
1297 4972 1324 5017 et
1345 4961 1418 5018 illius
1443 4963 1553 5036 lingulae
1581 4963 1633 5017 lex.
1664 4961 1816 5017 Monachus

209 5055 253 5108 ιι.
282 5050 403 5125 Simplici
426 5053 503 5109 oculo
526 5059 555 5107 ut
575 5051 678 5123 uteris,
704 5053 750 5120 qui
772 5052 845 5108 velut
867 5051 983 5108 Esdras·
1019 5068 1086 5123 ergo
1101 5053 1232 5124 Regulam
1254 5051 1337 5122 patris
1351 5051 1488 5107 benedicti
1504 5050 1645 5123 profitens,
1665 5059 1728 5107 tnnc
1751 5066 1813 5106 earn

171 5142 271 5214 legem,
287 5141 335 5212 qui
348 5140 421 5195 velut
435 5139 581 5196 hinchabaei
596 5138 687 5196 ruinas
700 5140 794 5211 templi
810 5140 868 5206 bei,
884 5140 923 5196 sic
937 5148 965 5196 tu
1019 5157 1084 5199 uere
1098 5149 1195 5206 servat,
1212 5141 1320 5210 quando
1335 5140 1488 5196 inserentis
1510 5141 1553 5199 rel
1574 5140 1683 5196 mutatis
1697 5141 1814 5210 quihus-

170 5229 311 5289 monaetici
325 5228 435 5284 Ordinis
448 5229 564 5302 plurima
587 5228 755 5298 detrimenta,
772 5229 921 5301 multasque
936 5232 964 5286 in
1018 5230 1081 5285 libet
1105 5231 1165 5301 eius
1186 5230 1322 5300 capitulis,
1345 5229 1480 5286 charitatis
1503 5231 1592 5303 legem
1616 5230 1715 5301 ubique
1742 5244 1815 5286 con·

171 5319 261 5377 multis
278 5317 426 5375 multorum
447 5318 673 5375 monasteriorum
694 5333 853 5392 morumque
874 5319 965 5376 ruinas
1019 5327 1117 5377 serrat.

170 5423 298 5479 reparare
317 5407 423 5463 laboras
442 5426 449 5466 :
471 5416 508 5480 et,
529 5407 649 5465 delicatis
666 5408 754 5481 magis
770 5426 851 5481 qnam
869 5423 963 5465 neces·
1055 5412 1097 5466 l9.
1120 5407 1192 5478 Quid
1216 5409 1316 5482 igitur?
1339 5409 1367 5465 Si
1391 5408 1449 5466 haec
1472 5417 1552 5474 certe,
1578 5425 1595 5465 ο
1620 5407 1733 5479 fratros,
1759 5416 1819 5464 tota

168 5494 247 5556 sadis
278 5495 552 5555 condescensionibus
582 5497 702 5567 explosis
734 5497 767 5552 nd
800 5497 903 5569 antiqui
936 5503 964 5554 et
1017 5497 1104 5553 mutui
1125 5507 1182 5554 erat
1201 5512 1283 5556 cause
1302 5496 1417 5566 discidii,
1432 5499 1591 5568 nonnejam
1604 5498 1683 5556 vobis
1697 5511 1817 5569 prorsus
