3728 5940
99 197 160 257 ddi.
564 191 662 254 tutta
679 190 724 251 btt
740 187 920 252 PRAEGBWO
943 189 986 250 lll'
1005 187 1293 251 utanansartans:
1699 184 1765 256 ὅθ’

99 321 299 396 longitudinem
314 320 432 390 probari
445 319 551 390 stilum,
564 327 594 377 ut
612 325 639 375 et
653 319 681 374 iu
697 317 820 388 pluribus
836 316 901 386 plu·
917 330 946 410 g,
956 318 1088 372 damnosa
1110 310 1342 389 transgredienti:
1377 330 1410 370 au
1442 317 1556 373 consilia
1576 326 1680 376 tantum
1708 308 1756 376 vel

103 427 147 468 res
159 411 265 483 possint
279 407 417 465 aedificari.
433 407 513 479 Quod
527 424 596 481 opus
610 422 672 463 cum
686 422 702 460 a
715 405 792 462 vobis
806 405 900 478 perle—
957 404 1066 474 monita,
1082 413 1110 461 et
1122 405 1157 460 ob
1178 405 1231 460 boe
1247 403 1358 471 nullius,
1373 410 1418 460 aut
1434 420 1488 462 nou
1512 407 1602 479 magni
1626 407 1753 479 ponderis

103 510 176 555 ctum
191 497 282 565 tuerit,
300 509 362 554 tuuc
377 511 431 554 nou
450 497 526 569 ipsis,
542 497 576 553 ad
590 511 661 568 quos
673 494 774 551 lactum
789 505 840 559 est,
854 492 903 548 sed
957 496 991 552 sit
1005 496 1126 566 ipsorum
1142 492 1291 566 protessio;
1302 495 1412 559 nullius,
1432 505 1476 550 ιιι
1490 510 1544 550 ιιι
1558 498 1651 569 gravis
1664 502 1763 571 en¹pe

103 603 197 643 eorum
224 588 297 656 prim
331 585 459 642 reddatur
482 585 570 642 abbati
597 602 603 641 ε
628 592 655 640 et
677 584 717 641 sic
739 583 848 640 demum
869 583 903 636 ad

103 674 190 745 ipsos,
215 675 237 729 si
259 674 373 745 jusserit
394 673 488 739 abbas,
512 671 660 744 perteniat.
686 668 808 726 llenacbi
831 667 904 723 enim

104 772 181 835 sunt3
198 769 226 818 et
244 761 353 834 exlege
375 778 431 819 suae
450 763 561 835 ltegutae
575 762 634 816 sine
652 768 718 816 nutu
737 757 783 813 sui
800 756 905 812 abbatis

104 852 176 907 sieut
194 850 269 919 dare,
288 849 366 907 itaet
383 851 503 925 accipere
517 853 595 908 datas
609 848 788 922 probibentur
802 847 903 918 episto-

102 941 142 995 las
161 940 237 1012 (lieu.
254 941 283 997 S.
300 940 451 1009 Benedicti,
476 957 536 1010 oap.
561 940 619 1011 54).
642 938 711 992 Nam
737 944 765 992 et
791 936 826 991 ob
850 933 904 990 boe

105 1031 221 1084 maxime
244 1028 301 1095 diu,
326 1029 397 1086 sicut
419 1029 504 1096 scitis,
522 1027 635 1084 multum
659 1026 721 1083 licet
741 1030 852 1097 rogatus
871 1023 905 1077 ab

104 1118 156 1185 eis,
181 1118 346 1187 respondere
369 1117 481 1187 tardavi,
501 1118 575 1191 quod
604 1118 644 1186 (ut
668 1114 733 1170 aiibi
753 1112 905 1183 ridebatur)

105 1207 246 1277 ignorante
262 1206 361 1263 abbate
384 1206 506 1263 scribere
530 1205 591 1261 illas
613 1202 742 1277 epistolas
760 1209 788 1258 et
802 1202 906 1256 mittere

107 1312 130 1364 p:
139 1296 352 1364 assumpsissent.
378 1295 435 1351 Nee
457 1294 526 1350 falso
552 1295 579 1350 id
601 1292 753 1363 suspicatus
777 1306 848 1354 sum,
869 1288 905 1343 oti

106 1385 277 1452 postmodum
293 1381 395 1454 liquido
409 1383 541 1456 comperi.
553 1383 611 1455 Ego
624 1389 715 1452 empto
731 1379 806 1451 operi
820 1376 906 1450 (quod

105 1470 216 1541 quidem
239 1470 393 1543 legentibus
412 1470 564 1544 apparebit)
580 1469 708 1540 Epistolae
723 1482 820 1525 nomeu
837 1465 906 1522 iudi·

958 586 1077 648 insorum
1093 581 1296 656 praevaricatio:
1313 598 1347 638 an
1361 589 1434 640 certe
1446 583 1571 654 quedam
1594 584 1649 639 sint
1661 585 1763 658 depu-'

960 675 1039 730 tanda
1052 673 1184 744 imperiis,
1196 672 1319 745 quaedam
1333 687 1384 744 pro
1393 671 1514 729 consiliis
1524 673 1684 744 reputanda,
1695 686 1756 746 quo

959 765 1059 834 partim
1075 779 1107 817 ea
1118 762 1208 827 liceat,
1224 762 1321 830 partim
1337 775 1389 815 nou
1405 760 1482 816 liceat
1504 761 1614 818 omnino
1637 768 1750 833 preter·

958 851 1045 924 gredi.
1063 851 1095 906 Et
1110 850 1133 905 si
1148 852 1201 906 boe
1215 849 1338 904 ultimum
1351 849 1439 915 detur,
1455 849 1584 924 distingui
1599 865 1613 905 a
1629 864 1673 906 me
1687 858 1752 909 tunc

959 940 1043 999 not
1064 940 1173 995 demum
1189 948 1319 994 certosao
1338 939 1454 1010 propriae
1468 941 1598 1012 cujusque
1614 940 1696 1010 partis
1719 940 1751 994 li·

960 1030 1036 1085 rnites
1055 1027 1181 1102 flagitatis
1194 1044 1200 1080 :
1215 1042 1249 1082 ne
1263 1025 1307 1082 cui
1323 1025 1392 1082 lorte
1410 1041 1462 1099 per
1485 1027 1573 1083 varias
1592 1027 1633 1084 sui
1658 1018 1755 1084 sensus

960 1119 1102 1189 opiniones
1129 1114 1253 1171 licentius
1279 1113 1394 1186 vagandi
1412 1116 1491 1170 detur
1514 1117 1639 1186 occasi03
1662 1118 1754 1187 sinque

961 1208 1063 1277 liquare
1081 1203 1190 1260 culicem
1214 1209 1241 1256 et
1267 1201 1402 1257 camelum
1425 1200 1521 1272 glutire
1546 1202 1697 1277 contingat,
1730 1204 1754 1258 si

961 1293 1064 1352 nesciat
1077 1299 1209 1367 quantum
1222 1305 1295 1346 curae
1310 1290 1352 1346 rel
1365 1305 1456 1362 operae
1471 1306 1528 1346 sum
1541 1290 1696 1365 quibusque
1710 1293 1755 1346 de·

962 1385 1024 1442 beat
1041 1379 1228 1440 observantiis.
1243 1378 1292 1436 llic
1321 1388 1373 1446 est,
1402 1388 1534 1454 quantum
1563 1381 1666 1448 recolo,
1682 1387 1756 1436 tuus

962 1481 1057 1531 restra
1070 1473 1143 1528 illius
1154 1467 1304 1543 partitionis
1318 1485 1425 1534 seusus,
1441 1470 1491 1526 etsi
1505 1484 1560 1526 non
1574 1471 1665 1527 rerba.
1677 1470 1755 1539 Quod

105 1557 221 1613 derum:
246 1559 295 1614 sed
318 1559 446 1630 quoniam
465 1576 515 1632 pro
538 1560 648 1615 nornine
669 1558 790 1625 modum,
815 1559 903 1612 vestro
921 1574 1047 1654 gentem
1061 1558 1226 1631 subjungitis
1239 1566 1268 1613 et
1282 1557 1398 1628 pergitis
1416 1557 1554 1630 inquirere
1571 1558 1606 1614 de
1618 1559 1752 1616 obedieu-

104 1645 229 1701 obviante
256 1648 391 1714 mandato,
419 1654 449 1701 ut
475 1647 668 1718 promiseram,
695 1661 749 1702 non
779 1645 902 1711 servari;
958 1651 1004 1714 tis,
1019 1647 1117 1720 quibus
1130 1645 1258 1721 gradibus
1282 1644 1473 1718 distinguatur,
1490 1645 1589 1716 quibus
1616 1646 1754 1704 claudatur

106 1735 194 1800 liber,
212 1736 233 1789 si
245 1735 384 1803 judicatis,
401 1753 455 1792 uon
479 1737 599 1807 Epistola
622 1742 773 1792 censeatur.
790 1736 825 1790 lit
842 1732 905 1805 quia
958 1736 1150 1811 limitibus3ad
1165 1737 1290 1792 eamdem
1304 1734 1419 1790 arbitror
1434 1732 1568 1806 pertinere
1581 1735 1754 1801 diuisionem,

107 1825 176 1878 iuter
197 1827 294 1879 multas
317 1825 491 1894 quaestiones,
508 1841 570 1896 quae
593 1824 630 1880 ibi
653 1841 668 1878 u
688 1840 730 1878 me
753 1821 903 1887 solvemur,
958 1828 1059 1900 quippe
1073 1842 1134 1899 quae
1150 1825 1178 1880 in
1193 1824 1309 1881 decretis
1323 1822 1492 1897 regularibus
1513 1823 1653 1897 praecipue
1667 1824 1767 1891 trabe.¹

106 1912 131 1966 id
145 1912 278 1986 ttraecipue
289 1913 413 1970 subtilius
423 1913 567 1987 utiliusque
581 1921 769 1985 peritttwlub
781 1926 904 1983 quaenam
959 1925 1021 1972 tur:
1038 1923 1065 1973 et
1083 1923 1159 1986 puto,
1184 1930 1247 1972 curn
1260 1913 1293 1969 ed
1314 1913 1387 1967 ittam
1405 1914 1473 1968 satis
1487 1927 1648 1983 responsum
1665 1913 1757 1980 inerit,

105 2001 184 2058 liceat
198 2015 343 2076 precepta,
360 2013 445 2074 etper
458 2018 536 2073 quos,
552 2011 578 2057 et
592 2001 725 2072 quatedns
738 1998 903 2070 dispensari3

104 2089 184 2144 detur
198 2090 223 2145 ei
242 2092 349 2157 titulus,
364 2093 403 2146 De
417 2089 556 2163 Praecepto
570 2099 597 2146 et
611 2087 836 2162 Dispensationess:
853 2085 905 2157 uisi

105 2177 182 2236 vobis
196 2177 269 2233 aliud
285 2178 354 2234 lorte
368 2178 565 2253 congruentius
580 2179 713 2237 videatur.

144 2292 329 2349 rantello
343 2294 390 2348 ΑΙ)
409 2292 599 2351 itonacabs
613 2291 865 2350 CARNOTENSES

293 2423 321 2464 in
341 2422 511 2466 reserarunt
525 2423 704 2472 ssounnrsu.

143 2506 203 2573 Qua
218 2517 307 2561 mente
319 2508 375 2576 jam
390 2506 509 2564 tacebo?
523 2523 576 2578 qua
590 2506 676 2563 ironte
690 2513 779 2562 minen
789 2506 905 2579 loquar?
956 2534 1105 2592 mmmm„
1120 2535 1217 2591 mento
1231 2533 1355 2605 dixerim,

108 2592 216 2648 Crebris
228 2593 352 2668 epistolis
366 2601 393 2649 et
407 2594 507 2650 nuntiis
521 2594 621 2668 cogitis
644 2610 688 2650 ine
704 2603 749 2650 aut
764 2594 903 2668 propriam

108 2683 225 2753 prodero
238 2682 413 2755 imperitiam,
428 2691 475 2740 aut
488 2683 610 2739 oificium
625 2699 739 2740 renuere
753 2684 902 2740 ebaritetis.

959 2005 992 2059 de
1007 2003 1057 2057 ista
1068 2003 1127 2072 jam
1141 2000 1180 2056 nil
1195 2001 1332 2070 supererit
1346 1999 1419 2072 quod
1435 2000 1599 2073 ambigatur.

994 2096 1020 2149 e.
1033 2092 1137 2165 ltaque,
1153 2097 1184 2148 ut
1202 2090 1289 2147 sentio
1307 2105 1369 2162 ego,
1384 2088 1492 2161 Regula
1511 2089 1598 2147 saneti
1619 2089 1758 2149 benedicti

962 2181 1036 2238 omni
1049 2180 1151 2236 bomini
1166 2179 1339 2252 proponitur,
1362 2178 1509 2249 imponitur
1531 2177 1609 2236 nulli.
1634 2177 1758 2248 Prodest,

960 2271 983 2326 si
1012 2271 1108 2327 devote
1134 2269 1280 2342 suscipitur
1312 2271 1339 2324 et
1363 2274 1489 2338 tenetur3
1520 2281 1576 2324 uon
1604 2275 1706 2334 umen,
1737 2268 1761 2326 si

959 2377 1013 2419 nou
1040 2359 1188 2433 suscipitur
1213 2359 1300 2416 obest.
1333 2357 1412 2427 Quod
1444 2367 1533 2413 summ
1563 2357 1591 2413 in
1623 2359 1760 2415 voluntate

958 2447 1196 2519 estsuscipientis,
1211 2445 1308 2503 nonin
1324 2452 1456 2517 potestne
1486 2445 1663 2519 proponentis
1672 2467 1682 2515 ,·
1708 2463 1760 2507 ro-

1372 2548 1427 2590 uon
1447 2534 1649 2592 necessarium.
1681 2536 1757 2592 dua-

958 2640 1020 2679 men
1035 2624 1086 2681 boc
1100 2623 1189 2695 ipsum
1203 2622 1277 2696 quod
1301 2622 1361 2679 dico
1378 2621 1572 2690 voluntarium,
1588 2624 1611 2678 si
1634 2624 1697 2698 quis
1726 2641 1760 2682 ex

960 2711 1067 2785 propria
1099 2711 1236 2769 uoluntate
1272 2710 1354 2768 semet
1382 2709 1520 2768 admiserit
1551 2721 1577 2770 et
1605 2712 1763 2783 promiserit

108 2771 142 2823 ³⁸
157 2784 208 2841 ⁰5⁰
224 2769 326 2824 malem
341 2769 401 2824 ⁸¹⁰⁰
415 2769 459 2823 issa
473 2786 533 2841 ‘³¹¹ae
548 2770 633 2836 i¹¹¹¹³²¹
647 2787 728 2843 quam
742 2770 844 2844 ΜΨ
858 2770 905 2826 ma
959 2802 1090 2875 deinceps
1114 2802 1269 2869 nuendum,
1289 2800 1412 2873 proiecto
1436 2800 1465 2856 in
1498 2802 1680 2859 necessarium
1709 2801 1760 2859 sibi

105 2873 168 2930 quae
183 2857 308 2924 edificat,
325 2859 457 2926 iuveniri3
471 2859 557 2916 rietus
576 2863 681 2915 tandem
701 2860 829 2931 precibus
856 2875 906 2917 va·
923 2851 946 2932 c

108 2948 180 3017 stris,
201 2947 277 3005 duris
295 2947 388 3018 injicio
402 2947 483 3005 nodis
499 2964 603 3021 ungues
621 2956 741 3022 teneros,
765 2955 801 3015 et,
818 2956 847 3004 ut
861 2965 908 3005 re-

108 3050 168 3091 reor
183 3051 246 3110 ego,
263 3051 316 3092 non
330 3035 403 3092 aliud
417 3053 498 3109 quam
514 3037 650 3094 terendos.
666 3037 720 3094 Sed
742 3038 794 3095 boe
816 3037 920 3094 inausa

108 3141 178 3179 sum.
193 3124 263 3180 Nam
276 3140 336 3179 mea
351 3141 404 3191 me,
422 3133 451 3182 ut
464 3127 582 3182 scribitis
606 3136 633 3182 et
653 3127 837 3199 praescribitis,
854 3135 907 3182 tam

108 3216 229 3270 absentis
243 3216 341 3285 scripta
360 3231 442 3288 quam
456 3217 540 3274 rerba
550 3217 691 3287 praesentis
700 3226 817 3290 arguunt
827 3232 908 3274 exeu-

108 3310 222 3362 santem.
240 3304 311 3374 Quis
323 3306 396 3361 enirn
409 3308 463 3375 iam
477 3307 640 3378 relinquitur
655 3306 720 3363 mibi
742 3307 785 3364 rel
808 3306 842 3362 de
858 3308 908 3362 im·

109 3393 288 3466 possibilitate
296 3397 424 3452 cauendi
437 3397 523 3465 locus,
537 3398 687 3469 praesertim
699 3395 770 3467 apud
786 3410 845 3462 vos,
861 3395 907 3468 qui

109 3499 142 3538 ea
157 3497 204 3537 ore
221 3489 248 3537 et
267 3498 300 3536 en
323 3484 405 3539 corde
430 3501 492 3541 meo
514 3486 579 3541 satis
606 3492 709 3542 certum
741 3494 833 3541 tenere
860 3499 909 3541 vos

110 3572 230 3642 creditis,
244 3579 374 3644 quantum
388 3573 490 3644 possim
515 3573 542 3629 in
565 3575 683 3630 atibus?
704 3572 780 3630 Fidei
795 3573 908 3646 proinde

111 3672 221 3731 restrae,
236 3676 291 3716 nou
304 3674 365 3716 meo
379 3658 465 3716 fidens
488 3663 609 3735 ingenio,
624 3662 755 3736 abyssum
768 3662 908 3737 ingredior

111 3751 313 3823 quaestionum3
342 3750 465 3806 ammons
481 3751 567 3821 (Deus
589 3751 650 3824 scit)
674 3766 728 3824 qua
740 3767 906 3809 emersurus.

111 3842 212 3896 Praesto
228 3837 421 3905 manuscrit,
440 3839 540 3896 aunam
563 3839 600 3897 ita
614 3848 642 3897 et
654 3841 763 3898 veritas.
788 3840 816 3897 si
836 3857 908 3913 quo·

111 3927 210 3992 minus,
234 3937 346 3984 excuset
370 3927 497 3985 ellectum
517 3928 638 3985 detectus
667 3930 756 4001 potins
778 3926 906 4000 ingenii:

111 4018 277 4075 voluntatem
301 4024 374 4074 certe
402 4033 455 4074 nou
487 4017 641 4091 culpabitis.
671 4018 791 4075 Tentabo
819 4024 909 4074 autem

962 2892 1021 2964 ipse
1043 2891 1185 2962 convertit,
1212 2905 1263 2946 uec
1292 2891 1348 2961 jam
1370 2889 1487 2947 liberum
1508 2890 1589 2948 habet
1610 2891 1760 2957 dimittere,

963 2982 1036 3054 quod
1063 2989 1125 3037 aute
1154 2988 1242 3036 tamen
1271 2995 1326 3036 non
1350 2980 1489 3053 suscipere
1516 2979 1630 3036 libemm
1655 2981 1760 3038 babuit.

963 3070 1083 3143 ideoque
1095 3068 1169 3139 quod
1183 3084 1217 3125 ex
1231 3066 1367 3124 uoluntate
1391 3067 1520 3139 suscepit,
1541 3085 1574 3126 ex
1598 3070 1760 3128 necessitate

963 3158 1013 3232 [ct.
1024 3159 1089 3216 cdd.
1102 3156 1168 3230 jam]
1184 3155 1302 3225 tenebit;
1316 3159 1380 3228 quia
1393 3156 1503 3213 omniuo
1522 3172 1633 3215 necesse
1643 3165 1682 3214 est
1699 3174 1763 3215 euru

964 3248 1076 3305 reddere
1088 3255 1151 3304 rota
1166 3262 1214 3303 sua
1227 3262 1289 3318 ιιι
1311 3245 1492 3303 distinxerunt
1509 3245 1581 3302 lubia
1600 3262 1659 3313 sua,
1683 3252 1709 3303 et
1729 3263 1762 3305 ex

963 3323 1011 3394 ore
1025 3353 1075 3394 suo
1089 3343 1138 3394 aut
1156 3334 1330 3391 condemnari
1342 3334 1409 3406 jum,
1424 3343 1470 3391 aut
1492 3333 1647 3406 justificari.
1671 3336 1772 3393 (laete.

964 3442 1023 3483 rum
1038 3424 1111 3491 teliu,
1127 3431 1158 3480 ιι
1171 3423 1283 3498 quidam
1296 3432 1451 3480 sanctorum
1464 3423 1512 3490 sit,
1532 3424 1762 3500 necessitasque

962 3516 1036 3587 cogit
1050 3515 1077 3571 iu
1093 3512 1188 3569 melius
1203 3511 1243 3582 (S.
1260 3514 1449 3578 Auuusrrnus,
1465 3511 1545 3584 epist.
1568 3515 1641 3586 lii).
1664 3516 1761 3572 Omnia

964 3603 1076 3674 proinde
1102 3600 1187 3659 suncti
1214 3600 1354 3657 Benedicti
1382 3600 1514 3670 instituta,
1543 3598 1672 3675 exceptis*
1697 3620 1763 3661 sane

963 3693 1100 3749 nonnullis
1123 3693 1158 3747 de
1180 3690 1377 3764 spiritualibus,
1399 3689 1474 3747 uerbi
1503 3684 1594 3757 causa,
1618 3691 1761 3763 charitate,

964 3780 1125 3846 bunilitate,
1139 3779 1355 3845 mansuetudine,
1372 3794 1433 3850 ιιι
1448 3793 1502 3835 ιιι
1516 3785 1569 3834 tam
1585 3779 1674 3848 ipsum
1694 3795 1774 3857 con·⁸

964 3878 1017 3925 stat
1031 3867 1179 3924 instituisse
1193 3884 1274 3940 quarn
1289 3869 1387 3935 Derim,
1409 3873 1436 3922 et
1454 3869 1489 3924 ob
1503 3867 1556 3925 boo
1584 3868 1689 3938 penitus
1707 3884 1761 3926 non

964 3974 1025 4014 case
1039 3957 1183 4023 mutuatim
1199 3955 1234 4011 de
1248 3965 1347 4014 caetero
1360 3956 1465 4028 reliqna
1479 3954 1606 4014 uniuersa
1629 3957 1687 4030 (93)
1707 3973 1772 4016 ιιι,

963 4046 1150 4119 profitentibus
1162 4043 1271 4116 quidem
1299 4045 1402 4102 monita
1428 4054 1542 4114 tantum,
1566 4062 1613 4102 seu
1650 4047 1763 4118 cpnsilia

112 4107 229 4179 ⁰³⁸d⁰¹¹¹¹
247 4107 271 4161 εἰ
285 4116 390 4177 9⁰¹⁰¹⁰’
406 4107 614 4180 limium*
628 4106 906 4178 ⁸¹¹b⁰9i⁵t⁰¹⁸ri⁰¹¹ffi
925 4129 947 4205 ὓ
963 4134 1100 4194 censenda
1123 4142 1195 4198 sunt,
1221 4146 1273 4187 nec
1298 4141 1411 4203 granant
1431 4150 1487 4190 non
1512 4136 1674 4192 observata:
1700 4152 1761 4193 cum

111 4204 168 4253 ctis
182 4196 312 4255 brevitate
326 4195 459 4272 redigere,
481 4197 532 4253 etsi
553 4212 608 4253 uon
623 4196 737 4269 epistola
751 4195 836 4252 brevi.
853 4195 906 4250 lli·

111 4303 172 4342 rum
185 4286 317 4359 siquidem
331 4301 387 4343 nou
405 4296 457 4353 est,
481 4284 505 4342 si
527 4286 605 4343 tuero
620 4302 671 4361 ego
684 4285 793 4360 longior
811 4288 839 4339 in
855 4301 905 4339 cx-

110 4377 237 4446 ponendo
253 4392 259 4432 :
275 4390 337 4432 oum
354 4390 404 4432 ros
418 4385 522 4433 tantum
546 4390 591 4431 eas
614 4374 750 4446 ponendo,
781 4375 849 4430 duas
880 4382 907 4429 et

111 4465 183 4536 ipsas
196 4463 260 4521 satis
279 4464 373 4538 longas
386 4464 512 4537 epistolas
528 4464 677 4522 texueritis.

370 4580 482 4639 CAPUT
499 4581 644 4640 Paluda.

112 4686 152 4744 dd
165 4690 330 4745 nwnnsticoe
343 4690 453 4759 lthntae
471 4690 764 4762 institntnproecspto
778 4689 849 4753 sint,
869 4704 908 4743 un

359 4779 480 4836 consitio
499 4778 656 4835 duntaxat.

147 4890 168 4944 l.
190 4891 278 4946 Prima
300 4891 383 4966 igitur
397 4893 512 4965 questio
538 4892 609 4949 circa
636 4891 768 4964 Regulam
788 4897 908 4946 nostram

112 4991 244 5048 versatur,
259 4982 355 5053 dequn
368 4984 408 5053 (ni
436 4983 526 5054 lsllor)
554 4992 582 5038 et
604 4983 716 5055 reliquae
731 4995 836 5048 ornnes,
862 4992 921 5039 aut

111 5085 181 5143 pene
204 5085 298 5124 omnes
324 5070 458 5130 oriuntur.
478 5071 608 5143 Queritis
633 5086 740 5142 nempe,
768 5069 909 5144 Regularis

111 5161 155 5215 illa
177 5158 308 5215 institutio
332 5161 470 5233 quomodo
499 5169 526 5217 et
554 5172 685 5232 quatenus
712 5159 746 5216 sit
774 5169 908 5231 pensantia

109 5247 302 5319 profitentibus
316 5265 376 5304 earn
392 5267 399 5304 :
416 5256 506 5305 utrum
517 5248 643 5305 videlicet
657 5256 753 5304 cuncta
767 5264 827 5319 ιιι
842 5263 908 5305 con·

108 5340 189 5407 tinet,
205 5338 323 5409 putanda
338 5339 391 5394 sint
404 5353 466 5393 esse
489 5344 634 5411 praecepta,
659 5344 859 5409 consequenter
882 5345 909 5394 et

141 5483 200 5553 (93)
217 5483 380 5556 corporata
391 5481 584 5542 observantius
599 5490 676 5542 vocat
690 5497 717 5538 u.
734 5481 788 5538 det
801 5497 861 5555 ιιι.

964 4235 1050 4281 tamen
1065 4220 1255 4295 profitentibus
1269 4219 1298 4274 in
1313 4228 1457 4295 praecepte,
1474 4224 1719 4295 praeraricnntibus
1734 4224 1762 4281 in

964 4312 1076 4371 crimina
1094 4311 1169 4378 liant,
1185 4309 1241 4367 sire
1256 4309 1297 4379 (ut
1311 4318 1397 4366 restra
1407 4310 1484 4367 robis
1498 4313 1626 4386 reddam)
1641 4314 1694 4371 illis
1710 4330 1762 4372 ro·

964 4403 1077 4460 lunaria
1099 4401 1142 4459 vel
1169 4398 1280 4471 laetitia,
1306 4397 1366 4455 istis
1388 4401 1551 4472 uemssaria,
1580 4411 1608 4459 et
1636 4412 1762 4476 tauquam

963 4493 1095 4550 naturalia
1113 4505 1168 4549 nou
1182 4488 1319 4546 immerito
1332 4496 1500 4561 reputantur.
1518 4491 1557 4545 lta
1581 4506 1648 4548 sane
1672 4509 1763 4551 neces·

963 4583 1033 4640 saria
1047 4581 1174 4654 dixerim,
1190 4587 1219 4638 ut
1234 4596 1267 4637 ex
1277 4577 1318 4636 sis
1331 4576 1441 4635 minime
1456 4577 1651 4652 praeiudicatur
1664 4596 1761 4640 neces·

961 4673 1039 4731 seriis
1053 4671 1312 4743 rationabilibusque
1331 4667 1587 4741 dispensationibus.

1274 4777 1386 4833 CAPUT
1413 4775 1445 4831 ll.

964 4872 995 4925 ln
1022 4866 1279 4926 constitutionibus
1292 4864 1435 4936 mojorem
1454 4864 1565 4938 qnando
1583 4868 1643 4922 eto
1663 4864 1764 4938 panor

1255 4935 1485 5008 dispensandum.

998 5041 1025 5093 3.
1041 5035 1095 5093 Sed
1105 5050 1159 5090 non
1177 5033 1306 5090 omuibus
1320 5033 1349 5088 in
1363 5032 1521 5104 hujusmodi
1537 5032 1690 5092 creditaest
1703 5034 1762 5091 dis-

962 5125 1097 5201 pensatio,
1113 5123 1166 5180 nisi
1184 5122 1227 5179 bis
1243 5125 1375 5180 duntaxat
1388 5124 1435 5195 qui
1449 5139 1510 5180 cum
1528 5124 1659 5196 apostolis
1673 5126 1762 5186 dicere

963 5224 1076 5287 possunt
1096 5233 1103 5271 ε
1125 5216 1171 5271 Sic
1191 5229 1242 5270 nos
1266 5213 1414 5270 sentinet
1444 5213 1524 5271 bono
1551 5219 1585 5271 nt
1614 5216 1762 5276 ministros

965 5307 1080 5371 Chresti,
1095 5310 1124 5363 ct
1137 5305 1341 5377 dispensatores
1355 5303 1567 5376 mysteriorinnr
1590 5306 1640 5362 liei
1659 5304 1686 5375 (l
1698 5306 1760 5365 Gor.

962 5413 1001 5464 nr,
1011 5395 1049 5465 'lt
1063 5392 1144 5452 Novit
1158 5399 1248 5451 numm
1263 5391 1350 5449 tidelis
1363 5407 1458 5449 servus
1476 5400 1504 5449 et
1528 5394 1656 5466 pmdens‚
1678 5412 1761 5469 quern

962 5483 1104 5543 constituit
1114 5480 1246 5542 Dumium
1255 5497 1339 5556 super
1353 5479 1482 5540 familiam
1497 5496 1585 5554 susm,
1598 5483 1637 5544 ibi
1658 5493 1767 5544 tantam·
