3728 5940
60 210 92 268 n
694 185 1075 274 raminoonnsnins.
1674 220 1712 283 aa

8 332 10 339 '
60 336 156 391 Petrus
169 332 308 391 blesensis
323 353 337 387 a
353 334 443 391 abbati
456 341 483 394 ct
496 336 639 393 conventui
654 337 823 396 Cistarciensi
840 356 853 392 s
870 336 986 410 scripsit.
1002 338 1033 394 ln
1046 352 1079 394 ea
1093 336 1165 394 enirn
1179 337 1305 410 epistola,
1331 338 1477 410 premissis
1491 338 1710 402 cisterciensium

58 423 197 492 laudibus,
217 424 268 480 sub
279 423 309 480 Jit
321 422 350 479 iu
364 439 420 480 uno
432 440 525 481 eorum
543 425 640 482 famavn
653 425 815 494 decolorari,
830 429 901 498 quod
917 447 929 478 r
948 425 1087 482 monacbis
1102 433 1128 481 et
1142 427 1247 483 clericis
1269 426 1386 484 demnas
1417 427 1565 486 auferrent.
1595 431 1628 488 lit
1648 449 1710 506 qum

59 519 109 578 est,
128 532 140 562 a
158 514 205 580 ait,
230 513 317 570 rbaec
342 513 472 583 injuriosa
494 512 661 580 immunitas,
685 524 714 569 ut
737 514 855 586 exempti
876 514 936 570 sitis
957 530 972 568 a
996 513 1160 570 decimarum
1188 515 1331 587 solutione,
1358 515 1457 588 quibus
1485 517 1609 576 obnoxiae
1633 528 1712 578 terrac

58 609 146 670 erant,
162 613 309 674 antequam
324 607 545 668 venraeessent;
566 610 593 657 et
614 619 675 676 quae
699 603 794 659 solutae
821 611 883 659 suut
905 604 1045 668 hactenus,
1075 617 1128 658 non
1152 618 1327 675 personarum
1354 607 1475 674 obtentu,
1502 606 1550 661 sed
1584 608 1711 668 territorii

58 688 188 746 munna?
207 689 234 745 Si
248 689 277 745 in
292 699 408 746 vestram
421 691 619 762 possessiouem
635 699 714 748 terrae
727 692 861 750 devoluta
875 699 948 757 sunt,
964 707 1049 764 quare
1063 690 1090 747 in
1110 693 1162 748 boc
1176 691 1341 764 periclitatur
1354 690 1470 748 alienum
1495 695 1565 764 jusi
1590 712 1652 752 nana
1677 696 1712 754 ad
1780 723 1787 740 ι

57 793 109 832 vos
124 785 218 841 terrae,
231 780 308 848 iusta
322 794 493 837 wmmuneru
508 779 670 851 aequitatem,
686 796 747 853 cum
760 794 811 834 suo
825 794 908 836 onere
928 779 1099 835 fraudarunt.
1119 802 1130 831 s
1147 779 1181 834 lit
1199 779 1305 850 objecto
1319 779 1370 836 sibi
1396 796 1483 851 papae,
1512 781 1539 836 id
1563 791 1603 839 est
1625 784 1701 843 Inue

56 867 152 932 centii,
169 867 321 938 privilegio,
336 869 454 938 reponit,
470 870 496 924 id
514 871 661 941 potuisse«
684 868 793 925 tolerari
808 868 840 923 ad
856 876 974 938 mmpus,
998 867 1073 940 quod
1098 883 1179 925 causa
1205 868 1375 925 necessitatis
1397 867 1484 926 fuerat
1506 870 1708 930 introductum:

55 955 124 1010 dum
141 956 212 1012 ordo
228 976 241 1009 a
255 956 357 1035 scilicet
365 957 552 1013 cisterciensis
568 978 582 1009 a
598 959 624 1013 in
640 965 798 1029 paupertate
811 957 957 1031 gaudebat,
982 957 1046 1012 dum
1071 959 1098 1013 in
1122 973 1186 1012 usus
1205 959 1344 1028 egentium
1367 973 1423 1013 suae
1448 959 1585 1015 tenuitatis
1605 961 1710 1017 viscera

54 1043 209 1101 liberaliter
221 1044 387 1102 effundebat.
406 1045 542 1113 silerum,
559 1046 740 1117 multiplicetis
757 1045 1000 1117 possessionibus«
1022 1046 1102 1103 etiam
1127 1047 1153 1102 in
1178 1045 1352 1113 immensum,
1376 1045 1517 1117 privilegia
1539 1049 1598 1106 baec
1622 1049 1711 1121 ponus

54 1132 229 1203 ambitionis,
255 1150 336 1205 quum
352 1134 490 1210 religionis
512 1135 689 1192 iustrumenta
716 1134 860 1192 censeri.»
890 1133 1022 1191 Caeterum
1048 1133 1208 1206 «quidquid
1231 1134 1390 1206 indulgeant
1417 1135 1558 1210 privilegia
1579 1137 1710 1195 liornanae

53 1220 202 1287 Ecclesiae,
213 1237 265 1279 non
280 1223 416 1295 expedire,
430 1233 524 1282 contra
537 1223 728 1281 conscientiam
741 1223 813 1296 quod
839 1223 956 1279 alienum
980 1233 1021 1280 est
1040 1238 1183 1294 usurpare,
1214 1241 1228 1275 a
1254 1223 1296 1278 bi
1311 1232 1469 1290 eruemum,
1500 1225 1522 1281 si
1560 1226 1711 1298 pertinaces

52 1317 86 1364 et
99 1309 260 1367 inflexibiles
277 1312 329 1367 bac
344 1313 647 1378 inreseeabibebunt,
677 1310 865 1368 interminatur
880 1311 1040 1377 liichardua,
1070 1327 1101 1368 se
1131 1334 1143 1362 r
1173 1310 1282 1369 uinculo
1312 1311 1489 1368 anathematis
1517 1312 1708 1372 inundaturum

54 1398 202 1456 universos
219 1421 230 1451 ι
248 1401 294 1472 qui
307 1400 409 1474 aliquid
424 1401 649 1459 cisterciensibus
663 1401 796 1471 dederint,
807 1407 854 1457 ant
871 1401 1050 1468 vendiderint,
1078 1419 1092 1455 r
1115 1400 1188 1456 uude
1208 1401 1255 1471 jus
1282 1399 1467 1457 decimationis
1494 1403 1639 1474 obveniat;
1658 1411 1711 1461 »et

55 1488 92 1542 ad
104 1486 230 1544 tbrouum
246 1490 347 1545 summi
363 1491 463 1561 judicis
477 1491 684 1565 appellaturum,
700 1505 765 1547 voe
778 1489 841 1562 quis
855 1490 936 1560 buius
964 1490 1103 1548 uinculum
1131 1487 1417 1546 excommunicationis
1444 1490 1576 1547 absolvet.
1596 1513 1607 1542 i
1637 1491 1711 1560 Quin

53 1575 142 1633 enam
156 1592 187 1634 se
202 1577 353 1649 principum
367 1578 489 1637 favorem
501 1581 683 1646 obtenturum,
703 1600 715 1631 r
732 1587 760 1634 ut
775 1579 865 1651 gladio
879 1578 1014 1650 spirituali
1039 1595 1133 1634 munus
1154 1577 1240 1635 civilis
1267 1576 1394 1643 assistm
1419 1585 1446 1634 et
1460 1578 1589 1652 quidquid
1618 1590 1711 1637 contra

53 1664 208 1738 principale
220 1667 371 1735 oraculum,
389 1668 524 1726 venditum
548 1677 596 1725 aut
609 1670 737 1726 donatum
754 1688 766 1721 a
792 1667 859 1741 ipsis
873 1667 1098 1725 Cisterciensibua
1113 1666 1201 1735 fuerit,
1232 1685 1246 1719 e
1265 1665 1439 1724 confiscetur.
1456 1688 1469 1720 a
1499 1669 1564 1726 llaec
1578 1686 1611 1727 ex
1628 1669 1709 1743 genio

53 1755 132 1812 Petri
146 1755 291 1812 blesensis.

91 1841 124 1898 L.
148 1844 186 1899 lle
200 1844 293 1900 eadent
316 1860 345 1901 re
358 1844 452 1903 itidem
467 1851 629 1919 conquestus
643 1852 683 1900 est
696 1842 850 1901 Gaufredus
871 1844 947 1918 prior
968 1843 1106 1901 vosiensis
1129 1845 1155 1900 iu
1179 1844 1333 1901 Chronico:
1359 1843 1406 1900 ubi
1434 1851 1577 1918 postquam
1605 1844 1710 1905 Cister-

53 1930 167 1988 cicnses
186 1931 314 1999 laudavit,
330 1934 401 2006 quod
416 1935 602 2006 eleemosynas
614 1934 649 1989 de
674 1933 765 1988 labore
789 1948 839 1988 suo
859 1932 956 1989 muns
979 1933 1149 2000 tribuerent3
1179 1934 1253 2006 quod
1268 1933 1295 1989 in
1316 1934 1398 1990 choro
1412 1934 1557 2004 psallerent
1579 1935 1711 2006 ordinate,

52 2019 231 2093 plurimaque
247 2031 404 2096 peragerent
418 2023 549 2081 honesta:
567 2023 593 2077 iu
608 2021 647 2077 ris
663 2029 753 2076 tamen
768 2020 795 2075 id
806 2029 890 2089 notat,
904 2020 978 2092 quod
992 2021 1096 2078 ceteris
1112 2031 1198 2078 terras
1223 2032 1250 2077 et
1271 2021 1391 2078 decimas
1409 2021 1571 2079 auferrent:
1591 2024 1709 2097 adhaec,

53 2107 132 2180 quod
149 2109 325 2180 quonumdam
341 2121 496 2169 sauctorum
510 2112 668 2167 memoriam
684 2109 828 2166 indiscrete
839 2111 1004 2166 abraderent
1019 2112 1089 2181 (39).
1105 2111 1168 2167 llaec
1186 2120 1281 2169 auctor
1296 2111 1341 2167 iile
1360 2119 1475 2168 exeunte
1490 2113 1590 2170 secolo
1604 2113 1710 2170 duode-

55 2197 131 2253 cimo
146 2197 358 2272 seniebat3quo
378 2207 500 2272 ternpore
514 2210 657 2273 tempestas
676 2199 722 2255 illa
736 2201 771 2255 de
790 2198 956 2255 decimarum
971 2199 1144 2270 relaxatione,
1168 2201 1203 2255 nb
1228 2200 1385 2257 lnnocentio
1408 2199 1436 2255 in
1463 2200 1578 2272 gratiam
1609 2200 1711 2259 Cister-

55 2285 197 2344 cieosibus
211 2285 292 2355 facta,
306 2289 427 2345 nondum
441 2291 534 2345 sedata
548 2302 615 2346 erat.

203 2374 220 2449 ἓ
233 2374 266 2432 V.
281 2381 364 2434 -lic
379 2378 521 2436 erroribus
532 2377 610 2435 Patri
625 2376 773 2441 lictardi,
789 2381 818 2434 ct
829 2377 946 2434 diflerti
954 2379 1108 2436 Porrctana'
1121 2393 1139 2432 o
1153 2381 1252 2434 sancto
1267 2378 1408 2434 Bemaordo
1422 2379 1568 2448 refutatis.

93 2464 141 2521 bl.
171 2463 240 2518 lllud
256 2480 309 2521 uon
324 2480 419 2537 parum
443 2465 547 2524 confert
565 2467 599 2522 ad
615 2463 880 2539 bernar-diglorianr,
909 2466 982 2538 quod
1011 2481 1065 2522 non
1093 2467 1159 2522 alios
1187 2464 1469 2530 habuitaduersarios,
1495 2481 1574 2536 quam
1589 2466 1713 2524 homines

57 2567 191 2608 erroneos
210 2561 254 2607 aut
268 2554 427 2623 hereticos,
452 2556 506 2609 imo
531 2569 583 2610 non
600 2555 723 2610 homines
744 2553 828 2624 ipsos,
844 2554 892 2609 sed
903 2569 998 2611 eorum
1009 2570 1125 2611 errores.
1139 2555 1211 2608 lnter
1222 2560 1342 2609 errantes
1351 2553 1481 2610 censendi
1493 2565 1556 2608 sunt
1574 2554 1601 2609 in
1620 2555 1713 2625 primis

57 2640 157 2696 Petrus
171 2641 341 2714 teotardus,
357 2652 383 2700 et
396 2644 535 2701 Gilbertus
549 2659 596 2700 seu
609 2640 774 2701 Gislebertus
789 2641 967 2698 Porretanus:
997 2643 1067 2699 inter
1081 2642 1222 2700 haereticos
1236 2641 1417 2715 nequissimos
1431 2642 1573 2710 ilenricus,
1598 2644 1714 2715 eiusque

57 2731 183 2798 mecla,
198 2731 304 2802 adipso
320 2733 384 2789 dicti
399 2733 561 2790 lleuriciaui.
576 2733 616 2788 De
632 2733 737 2788 duobus
755 2730 850 2804 primis
865 2732 997 2801 hocloco,
1014 2733 1048 2789 de
1071 2731 1184 2789 ilenrico
1210 2731 1325 2804 ejusque
1348 2730 1510 2803 sequacibus
1533 2730 1561 2788 in
1589 2733 1714 2804 proximo

55 2832 88 2874 eu
110 2818 178 2872 iten
199 2819 251 2874 eod
300 2860 308 2874 .

89 2833 152 2962 1ill.
168 2834 521 2966 Paetruimibaelardusvivis
535 2896 720 2966 coloribus'se
734 2909 792 2980 ipse
816 2908 938 2983 depingit
967 2909 994 2964 iu
1023 2907 1142 2966 Historia
1173 2911 1358 2968 calamitatum
1383 2923 1504 2977 suarum,
1534 2909 1713 2981 eumdemque

58 3008 155 3066 postea
170 2995 234 3052 Otto
248 2996 429 3071 Friaingeusis
443 2999 587 3070 episeopus
601 2999 720 3071 benigno
734 2998 858 3070 penicillo
876 2998 1018 3070 expressit.
1049 2998 1116 3067 Ejus
1144 2999 1205 3055 ritae
1229 2997 1420 3071 compendium
1450 2998 1533 3053 babes
1556 2998 1583 3053 in
1611 2998 1713 3054 uostris

57 3083 138 3139 Notis
157 3085 193 3139 ad
220 3085 347 3142 bernardi
376 3086 519 3158 epistolam
546 3087 722 3144 centesimum
750 3087 933 3159 octogesiman
957 3087 1109 3158 septimam,
1135 3087 1180 3144 ubi
1204 3086 1339 3144 Abaelardi
1368 3084 1525 3142 defensores
1553 3101 1584 3141 ae
1606 3084 1713 3156 patroni

56 3172 220 3233 refutantur.
237 3174 285 3231 llic
298 3184 401 3232 tantum
414 3191 547 3232 summam
562 3191 657 3232 eorum
671 3191 732 3248 quae
744 3177 895 3233 Bernardus
908 3184 1002 3233 contra
1029 3192 1091 3232 euru
1118 3175 1212 3248 gessit,
1240 3177 1368 3232 exhibere
1381 3177 1473 3244 iuuat:
1501 3190 1532 3232 ac
1554 3173 1651 3230 deinde
1679 3189 1712 3230 ea

57 3259 125 3333 ipsis
139 3260 392 3333 ejusdefensorurn
406 3265 658 3336 uerbisostendere,
674 3281 756 3337 quarn
786 3264 871 3338 iniqui
902 3265 956 3322 sint
982 3265 1010 3320 in
1036 3266 1188 3337 veritatem,
1215 3264 1260 3338 qui
1277 3264 1418 3321 abaelardo
1433 3263 1522 3321 favent
1536 3278 1594 3336 pne
1619 3269 1713 3320 sancto

57 3349 206 3408 bernardo.

93 3438 164 3497 llll.
191 3440 328 3514 lrnprimis
355 3445 499 3501 observare
527 3444 600 3510 licet,
630 3445 813 3514 lietardum,
840 3442 923 3517 louge
946 3451 1091 3516 antequam
1129 3459 1190 3500 cum
1222 3443 1358 3500 Bernardo
1386 3442 1533 3515 quidquam
1556 3439 1713 3499 commercii

58 3527 359 3598 habuisset,aConone
374 3531 616 3602 sedisapostolicae
638 3532 728 3604 legato
747 3542 920 3605 provocatum
935 3530 1066 3588 foissead
1092 3531 1235 3589 concilium
1266 3529 1412 3588 suessione
1438 3545 1512 3586 anuo
1542 3533 1609 3586 titt
1639 3528 1713 3587 cele·

58 3615 162 3674 bratnm
176 3636 184 3673 :
199 3629 281 3692 atquc
295 3621 323 3676 iu
341 3635 375 3679 eo
394 3621 490 3678 librum
506 3620 613 3692 eiusde
636 3620 796 3694 Theologia,
813 3621 840 3677 in
854 3636 908 3694 quo
921 3636 1034 3677 erronea
1056 3622 1175 3694 capitula
1198 3621 1416 3692 continebantur,
1440 3619 1560 3677 flammis
1581 3620 1712 3677 traditum

57 3705 152 3776 fuisse,
168 3717 279 3764 auctme
293 3708 320 3763 in
338 3710 529 3766 monasterium
544 3709 635 3766 Sancti
651 3708 771 3765 lledardi
793 3716 909 3766 retruso.
925 3710 990 3765 lude
1005 3724 1069 3765 uero
1086 3724 1221 3783 egressus,
1244 3723 1292 3780 per
1313 3708 1403 3764 vanos
1424 3706 1469 3764 bic
1482 3707 1545 3763 iude
1561 3706 1711 3775 discursis,

59 3795 146 3864 prima
163 3798 347 3868 suadogmata
363 3798 537 3856 disseminare
557 3799 654 3873 pergit.
666 3798 734 3854 Hinc
754 3798 896 3856 haereticus
909 3797 985 3853 audit
1003 3798 1074 3868 apud
1087 3799 1240 3871 plerosque.
1251 3797 1330 3868 Quod
1350 3812 1448 3854 nomeu
1467 3799 1588 3871 graviter
1609 3795 1709 3862 ferens,

58 3883 232 3954 bernardum,
257 3897 338 3960 quem
361 3889 474 3958 liuiusoe
496 3887 611 3948 convicii
641 3895 780 3944 auctorem
808 3886 987 3953 existimabat,
1011 3886 1045 3941 ad
1069 3886 1213 3944 ennodium
1237 3887 1392 3942 &nonense
1410 3901 1481 3943 anno
1507 3888 1576 3943 atto
1597 3886 1711 3943 invitum

57 3987 87 4030 ac
112 3975 273 4032 renitentem
296 3977 436 4047 pertraxit.
461 3977 511 4036 llio
532 3993 624 4034 coram
646 3975 782 4049 episcopis
804 3986 832 4032 et
862 3975 921 4031 aliis
945 3974 1057 4031 secundi
1081 3974 1186 4031 ordinis
1209 3973 1361 4031 illustribus
1389 3974 1455 4030 viris
1482 3973 1580 4029 iterum
1603 3973 1711 4032 auditus

57 4063 216 4121 tnaelardus
241 4067 309 4137 ipse,
331 4077 411 4139 atquo
433 4083 449 4122 a
471 4066 609 4123 bernardo
633 4065 798 4131 confutatus3
829 4064 990 4133 examinata,
1016 4065 1166 4135 iterumque
1197 4062 1349 4135 proscripto
1372 4064 1433 4133 ejus
1454 4061 1588 4129 doctrina,
1609 4061 1710 4119 inucto

57 4161 178 4218 auctore,
192 4157 239 4226 qni
257 4155 291 4210 ad
306 4155 399 4212 sedern
413 4157 586 4227 apostolicam
601 4154 753 4227 appellavit.
772 4153 870 4211 Verum
894 4152 1040 4217 intellecto,
1057 4151 1154 4226 synodi
1177 4151 1337 4209 sententiam
1355 4152 1390 4207 ab
1412 4149 1606 4207 innocentioll
1629 4148 1711 4209 fuisse

58 4245 242 4314 approbatam,
267 4245 301 4300 ab
323 4246 502 4317 appellatione
525 4245 637 4310 destitit,
662 4251 741 4316 utque
764 4244 888 4300 hortante
909 4244 990 4298 Petro
1022 4241 1175 4297 Venerabili
1204 4241 1232 4297 in
1256 4240 1433 4299 cluniacense
1455 4237 1649 4296 monasterium
1677 4254 1709 4296 se

58 4333 170 4402 recapit,
184 4341 212 4390 et
225 4334 333 4391 taudem
346 4335 417 4402 apud
432 4334 585 4391 Cabilonern
601 4333 628 4389 in
643 4332 774 4391 Coenobio
790 4331 880 4389 Sancti
892 4329 1011 4388 Marcelli
1025 4329 1153 4386 laudabili
1168 4329 1221 4386 fine
1235 4329 1347 4402 quievit.

91 4420 159 4478 niv.
190 4421 285 4478 Varias
306 4424 458 4481 bernardus
488 4431 580 4479 contra
603 4423 775 4480 abaelardum
798 4420 928 4492 epistolas
958 4419 1077 4491 scripsit,
1101 4434 1216 4490 quarum
1249 4417 1382 4490 praecipua
1404 4417 1499 4473 estad
1521 4414 1709 4473 Innocentium

58 4509 172 4581 epistola
192 4512 340 4568 centesima
364 4511 549 4587 nonagesima,
575 4511 725 4584 quainter
746 4508 875 4582 opuscula
898 4507 1041 4564 undecimo
1058 4508 1118 4563 loco
1140 4507 1223 4562 relata
1238 4515 1287 4563 est.
1304 4507 1334 4560 lu
1348 4507 1397 4562 bac
1419 4504 1532 4576 epistola
1555 4504 1709 4562 Bernartius

59 4598 194 4671 praedpua
218 4614 339 4656 errorum
366 4600 547 4674 capitaque
571 4599 598 4655 in
622 4598 759 4655 auctarii
791 4598 901 4667 scriptis
923 4594 1108 4652 animadversa
1132 4595 1249 4662 fuerant,
1278 4595 1431 4650 summatim
1452 4592 1541 4666 refert,
1566 4610 1598 4651 ac
1621 4592 1708 4650 valide

58 4687 175 4744 revincit.
192 4688 223 4744 ln
237 4687 287 4746 hac
308 4689 425 4745 editione
447 4688 534 4746 eidem
555 4687 678 4759 epistolae
705 4704 753 4744 seu
777 4685 907 4757 opusculo
931 4701 964 4741 ei
986 4683 1079 4741 codice
1100 4684 1230 4740 Vaticano
1255 4682 1444 4754 praemittimus
1467 4682 1586 4754 capitula
1599 4688 1707 4753 quator

58 4773 141 4831 decim
154 4793 186 4832 er
205 4776 340 4834 abelardi
360 4777 467 4848 scriptis
485 4792 502 4833 a
519 4777 657 4834 Bernardo
676 4784 812 4849 excerpta,
831 4791 892 4848 quae
911 4790 963 4828 una
983 4789 1045 4830 num
1065 4772 1136 4829 dicta
1156 4772 1270 4844 epistola
1295 4771 1451 4828 Innocentio
1475 4771 1609 4826 submissa
1631 4777 1704 4827 suut.

57 4861 95 4919 De
109 4865 228 4923 totabac
249 4866 432 4923 controversia
455 4865 515 4923 fuse
538 4882 650 4938 agemus
665 4865 691 4920 in
715 4864 899 4920 admonitione
920 4862 1007 4919 eidem
1032 4861 1163 4928 opusculo
1191 4859 1332 4918 undecimo
1355 4861 1504 4933 premissa.
1528 4859 1576 4914 llic
1599 4864 1703 4914 nutum

55 4953 179 5025 quaedam
190 4955 225 5011 de
237 4954 376 5011 abelardi
389 4953 579 5012 defensoribus
593 4954 754 5011 delibamus.

90 5042 146 5098 tt.
161 5043 265 5099 Primus
279 5043 421 5101 adducitur
434 5042 595 5099 Abae'ardus
615 5043 684 5113 ipse,
707 5040 794 5112 quiin
811 5040 938 5116 apologia
953 5056 1001 5097 sua
1015 5038 1199 5112 conqueritur,
1216 5038 1266 5094 sibi
1282 5036 1407 5110 quedam
1423 5055 1436 5087 a
1466 5050 1514 5106 per
1537 5034 1668 5091 malitiam
1692 5059 1703 5087 ι

53 5130 181 5204 imposita
193 5131 297 5189 fuisse:
313 5132 445 5205 imprimis
460 5133 532 5205 quod
549 5154 560 5183 r
581 5134 660 5189 Pater
677 5130 712 5187 sit
731 5131 811 5203 plena
830 5128 959 5201 potentia,
974 5129 1057 5184 Filius
1079 5127 1194 5201 quadam
1210 5129 1337 5198 potentia,
1358 5123 1476 5195 Spiritus
1497 5131 1605 5181 sanctus
1631 5125 1707 5181 nulla

53 5223 182 5294 potentia.
208 5241 223 5275 r
250 5220 317 5291 Quae
340 5221 424 5278 verba
449 5242 461 5273 r
484 5238 536 5280 uon
561 5232 615 5278 tarn
639 5219 774 5286 heretica,
802 5235 883 5292 qoam
910 5218 1042 5275 diabolica
1068 5238 1080 5269 a
1109 5217 1248 5280 abhorret,
1276 5230 1327 5270 nec
1352 5213 1379 5268 in
1407 5213 1463 5269 suis
1491 5212 1598 5285 scriptis
1626 5227 1707 5285 posse
1731 5216 1741 5293 λ’

53 5310 170 5384 reperiri
182 5309 309 5370 affirmat.
326 5311 429 5370 Verum
442 5311 477 5369 de
499 5311 563 5381 boc,
586 5309 700 5384 aliisque
722 5308 846 5381 capitulis
868 5308 1003 5382 agendum
1028 5307 1055 5363 iu
1079 5303 1313 5362 observationibus
1336 5302 1369 5358 ad
1392 5302 1522 5360 Beruardi
1545 5301 1707 5375 opusculum

88 5492 149 5567 (aa)
168 5489 239 5549 viae
252 5490 353 5559 toas,
373 5489 549 5548 introiisse
563 5488 684 5558 amru,
698 5503 762 5562 pag.
778 5490 841 5546 aaa.

217 5588 346 5659 Parnon
367 5585 542 5657 fllillllllll.
1528 5580 1549 5643 2
