3728 5940
155 194 224 257 1075
648 190 676 248 S.
695 189 861 250 aannttnt
879 188 1016 249 neentis
1033 189 1348 251 stata-vntttttsts
1760 188 1816 251 ibib

154 314 262 393 'tribisl
277 327 367 375 vestra
379 315 521 372 illaomnis
539 315 658 372 Ecclesia
671 327 837 372 sanctorum.
854 315 952 370 Libens
968 329 991 407 g
1006 315 1219 386 quodammodo,
1235 330 1267 371 ac
1282 315 1362 370 veluti
1379 312 1528 383 jaculatam
1545 314 1692 370 emittebat
1722 319 1814 371 orntie

155 410 265 476 obedio,
281 404 427 478 prasertim
451 403 524 474 quod
541 418 593 459 non
616 404 755 477 eloquium
771 404 889 477 exigitis,
906 404 952 459 sed
1011 421 1073 459 nem
1090 407 1192 461 :etsie
1219 402 1402 470 dissimulans,
1419 403 1579 471 magistrum
1606 403 1702 458 denuo
1721 420 1814 474 seque·

157 499 348 554 narrationem.
378 493 456 547 Dabo
484 507 549 547 vero
574 507 696 563 operam,
712 501 742 549 ut
761 508 794 549 ea
806 493 841 550 sit
851 508 918 565 pura
931 494 959 547 ει
1011 493 1100 548 batur.
1115 492 1269 549 Istiusmodi
1285 494 1330 563 pio
1351 491 1423 547 lurto
1451 507 1520 561 puer
1548 492 1652 562 sapius
1682 493 1813 549 illudebat

157 585 300 647 luculenta,
322 583 436 636 devotos
464 579 623 647 inlorrnans,
639 580 796 638 fastidiosos
813 597 867 638 non
887 597 955 639 one·
1011 582 1138 636 comitem
1152 582 1254 653 pariter
1266 590 1293 637 et
1307 580 1477 653 magistrum.
1490 581 1548 634 Non
1565 592 1606 635 est
1631 582 1734 638 dicere
1757 600 1812 638 oru-

157 689 228 728 rans.
244 671 315 728 Sane
347 668 512 724 narrationis
528 669 628 725 veritas
645 686 740 726 secura
759 671 830 740 apud
846 678 953 733 maest,
1010 671 1064 739 nia,
1081 687 1141 741 quae
1154 672 1214 740 ejus
1230 669 1361 738 principia
1375 670 1468 724 colore
1483 669 1562 723 bonae
1576 668 1679 724 indolis
1695 671 1813 729 decore·

156 757 398 817 intirnataarobis
426 757 496 811 haud
523 759 576 813 alia
590 760 685 830 procul
699 759 783 812 dubie
800 767 953 829 protestan·
1010 774 1073 813 rere
1089 776 1095 812 ι
1113 754 1265 828 admojora
1281 766 1361 830 atque
1389 757 1497 811 utiliora
1525 759 1709 813 currendum.
1726 760 1813 817 Unum

159 851 240 918 tibus,
251 864 332 920 quam
347 862 408 916 quae
425 845 575 901 certissime
592 856 734 917 comperta
753 847 916 903 suntvobis.
967 883 972 891 -
1008 854 1100 902 tamen
1110 847 1196 903 relat-0
1209 848 1308 911 adlruc,
1323 847 1395 918 quod
1411 845 1472 910 boe,
1485 861 1547 901 meo
1561 846 1672 917 quidem
1698 848 1812 916 judicio,

441 932 529 991 659
559 935 670 991 CAPUT
694 935 714 989 l.
1009 952 1062 990 non
1083 937 1164 991 modo
1186 937 1274 1000 bona,
1290 935 1339 990 sed
1362 943 1388 988 et
1412 949 1518 1003 magnae
1533 933 1560 988 in
1590 952 1678 1003 pttero
1710 938 1814 994 dederit

210 1036 213 1042 '
246 1026 376 1082 Pueritiu
404 1028 430 1079 ct
451 1022 641 1081 adolescentia
666 1026 694 1081 S.
709 1024 864 1080 Malachiae.
1008 1024 1114 1097 insigne
1133 1024 1202 1094 spei.
1222 1022 1487 1093 Excituseliquando
1515 1022 1648 1094 opinione
1663 1025 1814 1096 cujusdam

196 1121 221 1172 t.
249 1114 391 1170 Malachiae
419 1120 520 1179 noster,
551 1121 628 1167 ortus
654 1112 783 1169 Hibernia
801 1113 953 1184 depopulo
1009 1113 1132 1184 magistri
1156 1115 1224 1183 (erat
1249 1113 1320 1168 enim
1346 1113 1466 1166 famosus
1489 1110 1517 1164 in
1545 1111 1716 1181 disciplina,
1748 1133 1814 1188 quas

159 1207 284 1269 barbaro,
310 1202 348 1258 ibi
373 1202 514 1267 educatus,
531 1200 566 1256 ibi
581 1200 682 1257 litteras
696 1200 808 1258 edoctus
831 1210 880 1256 est.
896 1201 953 1256 Cae·
1008 1201 1100 1256 dicunt
1117 1202 1264 1271 liberatas),
1280 1200 1363 1254 adivit
1383 1199 1460 1253 illum
1486 1198 1610 1256 discendi
1647 1202 1812 1272 cupiditate.

159 1292 298 1350 terumde
317 1289 399 1347 natali
431 1290 556 1345 barbarie
585 1291 663 1344 traxit
687 1289 764 1357 nihil,
785 1305 840 1345 non
867 1290 954 1361 tnagis
1008 1289 1113 1360 Quippe
1125 1290 1315 1359 extremajam
1334 1288 1457 1360 pueritia
1471 1297 1599 1358 captans,
1616 1290 1652 1346 ad
1673 1306 1727 1346 eas
1744 1292 1814 1348 litte·

158 1398 240 1455 quem
267 1388 300 1435 de
328 1378 384 1435 sale
412 1387 535 1433 materno
567 1378 762 1450 piscesmaria.
787 1377 954 1446 Quamvero
1007 1394 1053 1432 ras
1077 1376 1232 1434 anhelabat.
1250 1379 1354 1432 lntraus
1377 1392 1442 1433 vero
1472 1377 1595 1442 domum,
1620 1379 1691 1434 vidit
1722 1379 1812 1437 virum

159 1487 251 1537 suave,
279 1467 352 1540 quod
366 1467 466 1522 inculta
482 1466 561 1522 nobis
587 1467 727 1522 barbaries
750 1475 804 1522 tant
819 1467 952 1522 urbanum
1007 1465 1143 1521 ludentem
1167 1466 1276 1532 subula,
1302 1466 1460 1536 crebrisque
1486 1467 1638 1521 sulcantem
1678 1469 1814 1525 tractibus

159 1556 270 1630 pretulit
285 1556 373 1615 civem
388 1564 552 1622 sanctorum,
573 1564 599 1610 et
620 1555 798 1611 domesticum
816 1552 883 1610 Deil
900 1554 952 1622 Qui
1008 1553 1170 1626 nescioquo
1186 1554 1296 1610 notabili
1313 1555 1395 1609 modo
1428 1555 1575 1624 parietem.
1605 1556 1638 1609 lit
1654 1557 1718 1611 solo
1759 1560 1813 1615 risa

159 1646 281 1720 producit
289 1645 340 1702 mel
356 1644 389 1700 de
404 1653 488 1714 petra,
506 1644 651 1715 oleumque
665 1649 698 1699 de
712 1658 777 1698 saxo
793 1642 952 1709 durissimo,
970 1607 992 1683 B
1009 1642 1130 1698 offensus
1148 1657 1213 1712 puer
1227 1644 1324 1708 serius,
1340 1641 1412 1714 quod
1428 1641 1568 1698 levitatem
1583 1644 1731 1713 redoleret,
1746 1649 1811 1701 resi·

159 1737 215 1807 ipse
245 1733 306 1790 t'ecit
333 1734 394 1788 hor..
416 1733 545 1789 Parentes
566 1739 655 1788 tamen
672 1731 797 1787 illilnere
816 1740 955 1804 genereet
1009 1730 1066 1787 livit
1080 1731 1115 1786 ab
1131 1746 1175 1796 eo,
1206 1747 1239 1788 ac
1258 1730 1385 1802 deinceps
1399 1731 1475 1786 illum
1501 1746 1552 1787 nec
1573 1732 1668 1787 videre
1692 1734 1811 1790 curavit.

160 1824 278 1892 potentia
292 1822 394 1895 magni,
408 1822 486 1891 jutta
501 1836 600 1876 nomen
620 1836 780 1894 magnorum
790 1820 835 1893 qui
850 1828 912 1874 sunt
928 1820 954 1874 in
1009 1820 1049 1875 lta
1063 1836 1125 1875 cunt
1139 1828 1211 1874 esset
1221 1818 1434 1875 studisoissimus
1449 1819 1606 1886 litterarum,
1622 1837 1680 1890 prae
1695 1823 1813 1879 honesto

160 1922 243 1968 terra.
267 1911 304 1966 Αι
318 1919 402 1966 mater
423 1918 521 1974 mente,
536 1925 617 1980 quam
637 1908 768 1978 sanguine
786 1909 955 1982 generosior,
1009 1916 1100 1963 tamen
1114 1907 1216 1979 sprevit
1230 1924 1277 1964 eas
1286 1909 1393 1963 virtutis
1402 1916 1520 1963 amator.
1532 1909 1591 1965 'lali
1606 1910 1733 1980 quodam
1751 1930 1814 1981 prae

164 2000 301 2071 satagebat
316 1999 342 2053 in
357 1997 506 2069 ipsoinitio
533 1999 636 2054 viarum
656 2013 777 2064 suarum,
807 2006 956 2068 notaspar-
1010 1996 1084 2051 ludio
1100 2011 1168 2068 puer
1181 1998 1383 2067 praeparabatur
1397 1997 1432 2051 ad
1446 2011 1520 2063 eum,
1531 1998 1576 2070 qui
1592 2013 1622 2052 se
1640 2001 1773 2055 manebat
1789 2001 1814 2055 in

161 2089 225 2144 rulo
245 2088 334 2144 iacere
355 2085 413 2141 rias
441 2074 524 2141 ritas:
541 2088 610 2141 hane
641 2086 725 2155 pluris
740 2087 778 2141 illi
800 2085 956 2141 existimans
1011 2085 1116 2141 lortiori
1129 2094 1209 2142 aetate
1224 2085 1398 2142 contlictum:
1413 2085 1529 2156 jamque
1542 2087 1601 2158 ipse
1623 2087 1814 2144 adversarium

161 2187 272 2233 ventosa
291 2174 403 2232 seientia
420 2173 739 2229 litteraturaesrrcularis.
756 2174 955 2244 neutramque
1011 2174 1187 2244 provocabat.
1207 2175 1240 2231 Et
1260 2174 1400 2230 lllalacbite
1415 2174 1524 2246 quidem
1545 2175 1658 2247 pueritia
1673 2176 1714 2233 sic
1742 2186 1813 2233 erat.

160 2272 249 2320 tamen
265 2263 326 2320 truie
345 2279 397 2317 uon
412 2262 496 2318 detuit
510 2263 647 2335 ingenium
663 2277 712 2334 pro
727 2270 813 2319 atate.
830 2263 859 2316 ln
874 2263 956 2317 scho·
1012 2262 1098 2318 Porro
1117 2262 1328 2318 adolescentiam
1344 2263 1424 2317 simili
1439 2263 1562 2320 transivit
1588 2265 1767 2333 simplicitate
1789 2275 1816 2321 et

160 2353 194 2409 lis
221 2351 334 2420 litteras,
360 2351 433 2407 domi
462 2350 584 2407 timorem
612 2351 720 2407 Domini
744 2351 903 2417 docebatur,
930 2360 958 2405 et
1011 2352 1129 2422 puritate
1147 2368 1153 2404 ε
1169 2351 1298 2422 nisiquod
1313 2358 1451 2408 crescente
1461 2359 1548 2418 atate,
1559 2348 1816 2409 “orreseenat

160 2424 325 2516 quotidianis
340 2440 508 2511 prolectibus
530 2439 714 2512 respondebat
727 2440 858 2495 ambobus
880 2440 955 2502 satis,
1012 2439 1091 2494 simul
1106 2439 1145 2493 illi
1160 2439 1291 2510 sapientia
1307 2448 1334 2495 et
1348 2439 1437 2512 gratia
1451 2440 1519 2510 apud
1529 2442 1613 2496 Deum
1629 2451 1655 2494 et
1667 2441 1814 2496 homines.

158 2528 287 2603 magistro
302 2537 328 2584 ει
344 2530 431 2584 matri.
447 2531 552 2599 Nempe
567 2545 583 2583 a
604 2528 736 2600 principio
752 2527 876 2598 spiritum
891 2542 955 2583 sor·
1047 2531 1074 2583 3.
1090 2529 1159 2584 Ηίεε
1175 2530 1243 2598 jam,
1260 2527 1287 2584 id
1304 2536 1345 2583 est
1360 2529 1395 2583 ab
1409 2527 1517 2584 ineunte
1535 2527 1716 2583 adolescentia
1733 2528 1813 2597 ejus,

160 2619 226 2674 titus
253 2626 294 2675 est
328 2619 440 2682 bonum,
467 2635 515 2688 per
542 2634 621 2689 quern
640 2625 696 2673 erat
725 2634 790 2688 puer
809 2615 917 2682 docilis,
933 2623 958 2670 et
1012 2616 1095 2687 coepit
1109 2615 1280 2672 manifestius
1295 2632 1426 2687 apparere
1440 2617 1503 2684 quid
1516 2623 1586 2671 εεεει
1599 2615 1769 2680 innomine,
1787 2625 1816 2671 et

160 2705 284 2762 auranitis
312 2706 398 2771 valde,
415 2706 482 2761 mire
505 2706 649 2778 admodum
665 2703 958 2776 omnibusperomnia
1012 2705 1101 2778 gratia
1116 2705 1165 2760 Dei
1180 2706 1207 2760 in
1221 2706 1267 2761 ille
1283 2720 1370 2762 saeuo
1396 2721 1452 2761 non
1482 2704 1576 2761 videri.
1605 2704 1707 2759 t'irtens
1736 2704 1815 2758 enim

161 2794 307 2868 gratiosus.
328 2794 438 2849 Bibebat
460 2800 551 2848 autem
577 2809 628 2864 pro
643 2794 711 2849 lacte
727 2794 760 2847 de
776 2803 882 2864 pectore
898 2810 957 2847 rna·
1012 2794 1162 2849 industrius
1186 2794 1354 2866 adolescens,
1385 2811 1465 2865 quum
1492 2794 1520 2848 in
1545 2793 1661 2866 maligno
1690 2793 1815 2847 mundus

162 2895 238 2939 terno
253 2900 339 2954 aquas
353 2881 492 2951 sapientire
507 2883 643 2949 salutaris,
679 2889 706 2937 et
720 2880 802 2938 tiebat
816 2882 844 2937 in
858 2881 918 2938 dies
931 2898 960 2935 so
976 2883 998 2959 ὓ
1015 2883 1119 2952 positus
1132 2882 1167 2938 sit
1179 2883 1271 2955 (leon.
1288 2901 1316 2950 v,
1334 2886 1386 2943 l9l.
1404 2892 1429 2937 ot
1453 2882 1575 2956 cogitans
1589 2881 1697 2954 qualem
1728 2882 1811 2950 spiri·

162 2973 222 3042 ipso
245 2972 411 3043 prudentior.
442 2970 617 3039 Prudentior,
637 2971 734 3038 dicam,
760 2987 795 3026 an
809 2970 928 3027 sanctior
942 2970 956 3025 l
1012 2978 1069 3025 tum
1088 2972 1249 3040 accepisset,
1265 2972 1373 3028 dicebat
1388 2973 1459 3027 intra
1474 2989 1524 3026 se:
1543 2972 1629 3025 «Non
1644 2980 1686 3024 εει
1700 2970 1815 3039 spiritns

163 3061 314 3132 Utrumque
342 3062 364 3115 si
381 3059 486 3126 dixero,
508 3074 621 3115 nonme
638 3058 800 3130 penitebit:
817 3058 957 3115 veritatem
1010 3060 1094 3130 huJus
1109 3060 1202 3115 mundi
1221 3061 1280 3115 iste.
1297 3060 1366 3126 Quid
1387 3060 1440 3125 int,
1457 3068 1482 3115 rt
1500 3059 1569 3114 illi?
1591 3060 1652 3113 Nou
1667 3061 1710 3112 est
1727 3058 1815 3113 socie·

163 3149 235 3205 enim
264 3149 361 3206 dicam.
385 3150 490 3224 agebat
514 3163 606 3203 senem
625 3148 755 3215 moribus,
781 3149 858 3202 annis
877 3163 955 3219 puer,
1011 3158 1053 3204 tas
1068 3148 1146 3204 alteri
1161 3147 1196 3204 ad
1218 3150 1343 3217 alterurn,
1360 3165 1415 3206 non
1446 3148 1509 3219 plns
1536 3164 1618 3220 quarn
1646 3147 1700 3201 luci
1717 3148 1752 3200 ad
1768 3154 1811 3202 te-

162 3254 260 3310 expers
285 3237 402 3293 lasciviae
426 3236 549 3308 puerilis.
578 3237 699 3308 Cumque
719 3252 753 3291 ex
781 3237 832 3292 bec
854 3235 959 3291 cunctis
1012 3239 1120 3293 nebras.
1136 3239 1213 3292 biens
1225 3252 1258 3292 ex
1279 3237 1336 3291 Deo
1350 3245 1399 3300 est,
1416 3246 1442 3290 ει
1457 3235 1514 3290 εείε
1528 3252 1590 3306 qua.
1606 3235 1633 3289 in
1648 3234 1694 3289 illo
1714 3235 1816 3289 donata

163 3334 233 3380 esset
259 3327 417 3381 reverentiae
445 3339 476 3379 ac
513 3324 629 3397 stupori,
646 3338 699 3380 uon
738 3334 826 3379 tamen
842 3325 913 3391 iude,
932 3333 960 3379 ut
1014 3325 1166 3380 suntmilri.
1181 3324 1325 3379 indemibi
1350 3324 1457 3378 interim
1472 3323 1562 3378 adhuc
1582 3323 1816 3379 innoeenttavttae

163 3413 273 3477 assolet,
289 3412 448 3468 insolentior
463 3412 651 3469 inveniebatur
666 3430 672 3475 ς
687 3412 732 3466 sed
752 3412 839 3483 magis
852 3412 959 3483 quietus
1013 3412 1061 3486 [al.
1078 3411 1161 3483 meal,
1189 3412 1253 3467 inde
1280 3412 1450 3468 continentiae
1477 3411 1571 3476 decus,
1601 3412 1666 3466 inde
1703 3410 1816 3481 justitia

164 3508 191 3556 et
209 3498 376 3555 subditnsitt
395 3499 469 3556 omni
493 3500 708 3555 mansuetudine.
737 3500 797 3556 Non
817 3499 961 3570 impatiens
1014 3502 1111 3570 tames,
1127 3499 1188 3556 inde
1212 3500 1430 3573 quoqueillaee
1449 3500 1580 3566 securior,
1596 3516 1652 3573 qno
1673 3500 1814 3567 secretior,

163 3588 320 3661 magisterii,
350 3603 404 3644 non
433 3586 553 3664 fugitans
576 3588 733 3659 disciplinas,
762 3605 816 3644 non
838 3588 961 3644 lectionis
1014 3589 1102 3662 gloria
1119 3605 1180 3646 meu
1195 3598 1246 3660 est,
1261 3589 1447 3645 testimonium
1471 3588 1646 3645 conscientie
1672 3603 1753 3644 mete.
1774 3588 1815 3643 Nil

165 3677 313 3745 fastidiens,
343 3693 398 3732 nou
427 3677 551 3733 ludorum
580 3677 697 3749 denique
716 3688 847 3749 appetens
863 3696 870 3750 3
887 3677 961 3749 qnod
1015 3680 1113 3735 borum
1128 3678 1193 3733 milti
1208 3686 1295 3733 tutum
1309 3681 1359 3734 sub
1375 3677 1497 3750 principe
1511 3677 1616 3732 mundi.
1632 3676 1743 3732 Deinde
1769 3679 1816 3731 lta·

164 3766 205 3823 vel
222 3765 337 3822 maxime
351 3766 394 3822 illa
410 3772 475 3822 aetas
489 3766 566 3823 dulce
580 3783 611 3821 ac
626 3766 754 3822 familiare
764 3767 863 3821 habere
879 3766 958 3822 solet.
1015 3768 1066 3824 beo
1082 3769 1236 3824 thesaurum
1258 3767 1372 3822 nuncin
1388 3765 1462 3823 fictili
1490 3781 1562 3823 vase.
1586 3764 1747 3821 Verendum
1786 3782 1819 3822 ne

165 3857 200 3911 Et
212 3853 372 3927 proficiebat
398 3872 481 3926 supra
504 3870 597 3910 omnes
629 3863 781 3911 coaetaneon
796 3869 860 3911 suos
887 3853 914 3909 iu
930 3869 962 3911 ea
1014 3855 1145 3927 impingat
1159 3863 1186 3911 ει
1200 3854 1349 3927 frangatur,
1378 3864 1405 3910 ει
1423 3853 1578 3912 ellundatur
1595 3851 1687 3910 oleum
1716 3854 1818 3911 taetittae

165 3942 273 4014 quidem
288 3942 448 4010 litteratura,
473 3959 534 4014 quae
548 3943 586 3998 illi
608 3944 777 4015 competebat
795 3943 876 3999 aetuti.
892 3943 959 3998 Nam
1015 3945 1087 4017 quod
1103 3952 1191 4014 perte.
1209 3946 1239 3997 tit
1253 3944 1363 4014 quidem
1377 3958 1431 3999 non
1445 3943 1594 4016 impingere
1608 3943 1681 3998 inter
1701 3958 1773 3999 saxa
1794 3951 1821 3997 et

163 4033 193 4086 in
216 4030 357 4104 disciplina
376 4048 482 4088 morum
513 4030 692 4104 profectuque
719 4032 854 4095 virtutum,
879 4031 961 4086 etiarn
1016 4032 1145 4103 scopulos
1160 4031 1278 4087 distorta
1307 4040 1332 4086 ει
1354 4032 1534 4087 anfractuosae
1548 4031 1597 4086 viae
1616 4040 1644 4087 et
1657 4031 1724 4088 sitae
1736 4032 1820 4102 hujus

165 4137 248 4191 super
266 4136 358 4175 omnes
381 4120 508 4176 docentes
523 4136 552 4176 so
568 4120 595 4174 in
612 4120 687 4175 breti
703 4120 807 4185 enituit,
837 4128 961 4175 nontam
1017 4120 1216 4179 difficillimum.
1232 4122 1307 4176 itane
1335 4128 1473 4177 momento
1489 4119 1598 4191 perdam
1612 4119 1693 4175 simul
1710 4137 1819 4191 onmes,

166 4217 250 4266 matre
279 4217 377 4276 tamen,
394 4224 476 4283 quam
493 4208 619 4265 unctione
635 4211 777 4281 magistra.
793 4210 848 4265 llac
863 4208 964 4265 soltici-
1016 4211 1114 4282 quibus
1132 4210 1166 4265 ab
1179 4209 1255 4266 initio
1277 4219 1427 4281 preventus
1449 4226 1518 4278 sum,
1536 4206 1745 4266 benedictiones
1761 4210 1822 4265 dul·

166 4304 249 4364 ιεειε,
269 4296 342 4351 haud
367 4297 485 4369 segniter
498 4305 526 4353 et
546 4297 574 4353 in
590 4298 688 4354 divinis
710 4300 898 4362 exercebatur,
916 4315 963 4368 pe·
1017 4299 1148 4354 cadmia?
1167 4299 1286 4368 Resigno
1300 4298 1338 4354 illi
1354 4299 1454 4368 potios,
1469 4315 1484 4353 a
1500 4313 1553 4367 quo
1568 4304 1641 4367 sunt,
1658 4308 1685 4352 et
1713 4314 1762 4354 me
1777 4315 1822 4370 pa-

166 4394 224 4441 tere
252 4393 395 4452 secretum,
411 4385 559 4456 anticipare
574 4386 691 4459 vigilias,
707 4386 832 4442 meditari
848 4386 876 4441 in
889 4388 960 4459 lege,
1016 4386 1091 4442 riter.
1109 4387 1143 4442 lit
1156 4401 1208 4458 ego
1230 4386 1301 4441 enim
1315 4386 1410 4458 ipsius.
1433 4386 1519 4443 Perde
1533 4385 1621 4457 ipsam
1651 4386 1685 4442 ad
1712 4394 1820 4459 tempus

165 4473 240 4530 roltci
270 4473 386 4546 parcius,
403 4488 482 4531 orara
503 4473 679 4546 frequentius.
697 4475 961 4547 thuiaoeclesiam
985 4511 987 4515 ν
1016 4475 1135 4532 animam
1154 4490 1252 4546 meam,
1275 4492 1309 4531 ne
1337 4476 1446 4546 perdam
1474 4475 1501 4532 in
1524 4484 1664 4532 aeternum.
1696 4476 1819 4548 Elqued

167 4562 340 4636 frequentare
369 4579 419 4621 uec
447 4564 555 4619 vacabat
584 4574 697 4636 propter
724 4563 854 4628 studium,
871 4570 897 4617 et
912 4579 963 4635 pro
1017 4581 1089 4634 sum,
1100 4572 1127 4621 et
1140 4578 1201 4637 qua
1215 4563 1301 4620 babeo
1316 4565 1417 4630 omnia,
1435 4565 1480 4621 ubi
1495 4565 1560 4619 mibi
1575 4564 1755 4637 aequesalva,
1781 4567 1821 4620 uti

167 4652 328 4708 terecundia
355 4668 410 4707 non
438 4653 559 4717 libebat;
584 4652 675 4710 lerare
703 4669 786 4724 puras
813 4667 909 4706 manus
936 4651 963 4706 iu
1018 4654 1138 4708 inmane
1152 4652 1300 4708 Auctoris?
1314 4653 1381 4723 Quis
1395 4654 1476 4709 itaad
1493 4655 1655 4710 servandum
1670 4652 1820 4719 sellicitus,

165 4741 239 4797 omni
256 4742 359 4796 locoad
376 4739 484 4808 coelum,
514 4741 559 4796 ubi
589 4748 679 4798 tamen
699 4749 803 4798 secrete
817 4740 844 4795 id
860 4747 961 4810 posset.
1018 4742 1052 4797 ad
1081 4740 1251 4797 retinendum
1280 4748 1388 4812 potens,
1420 4742 1453 4797 ad
1478 4741 1677 4799 restituendum
1707 4739 1824 4800 tidelis?

165 4829 444 4902 lamtuncsiquidem
459 4838 554 4886 cautus
571 4829 619 4887 luit
634 4830 770 4886 declinare
786 4830 860 4886 virus
877 4829 962 4885 virtu·
1018 4831 1142 4890 Serrabit
1157 4839 1223 4898 tuto,
1248 4829 1373 4887 restituet
1399 4839 1562 4904 opportune.
1582 4830 1648 4887 Sine
1677 4839 1820 4890 retracta·

164 4926 232 4988 tum,
249 4918 355 4975 inanem
372 4918 497 4991 gloriam.
666 4920 668 4924 ’
819 4915 830 4939 ⁸
1018 4920 1091 4976 tiene
1109 4937 1153 4977 mo
1168 4920 1203 4975 do
1218 4920 1251 4974 ad
1266 4919 1488 4977 sarriendumilli
1506 4921 1539 4977 de
1557 4920 1635 4977 donis
1655 4919 1727 4978 suis.
1758 4923 1820 4979 Non

201 5013 227 5064 ι.
244 5008 376 5065 Estvious
389 5023 475 5080 prope
489 5007 633 5075 civitatem,
642 5009 668 5064 in
684 5026 737 5080 qua
751 5008 870 5063 discatiat
885 5024 961 5078 puer,
1018 5017 1106 5080 potest
1120 5009 1186 5064 mihi
1200 5009 1287 5081 perire
1300 5025 1334 5065 ex
1348 5009 1487 5075 omnibus,
1509 5024 1570 5078 quae
1579 5010 1607 5064 in
1619 5023 1688 5080 opus
1712 5011 1820 5080 pietatis

165 5111 218 5168 qno
233 5097 363 5169 magister
377 5097 437 5167 ejus
461 5098 620 5170 frequenter
632 5113 750 5172 pergere
774 5099 870 5153 solitus
893 5108 961 5164 erat,
1019 5097 1183 5169 respendere.
1207 5098 1287 5154 Forte
1301 5106 1327 5154 et
1343 5114 1452 5169 sperare
1466 5099 1526 5170 plus
1538 5097 1639 5171 aliquid
1654 5097 1731 5158 licet.
1743 5100 1821 5157 Solet

164 5186 225 5257 ipso
237 5187 295 5243 solo
311 5186 419 5242 comite.
434 5185 616 5243 llloeuntibus
632 5187 765 5243 ambobus
781 5186 961 5258 pariter,ipse,
1020 5186 1131 5244 reddere
1146 5178 1209 5243 cnm
1225 5203 1306 5243 usura
1321 5188 1367 5261 qui
1381 5188 1426 5244 dat
1440 5189 1536 5264 gratis.
1553 5190 1593 5245 lta
1608 5194 1659 5244 est.
1669 5187 1763 5246 Etiam
1774 5206 1822 5247 cu·

164 5281 194 5328 ut
222 5283 315 5346 postea
344 5274 493 5342 referebat,
523 5277 674 5334 retrahebat
715 5276 821 5348 pedem,
851 5275 963 5330 sistebat
1018 5277 1139 5343 mutabit,
1154 5285 1181 5333 et
1196 5275 1384 5349 multiplicabit
1406 5278 1537 5334 inaniora
1560 5294 1621 5333 mea
1647 5277 1819 5337 virtutem.»

164 5364 291 5432 modurn,
307 5372 333 5417 et
348 5373 422 5420 stans
441 5380 455 5418 a
475 5374 550 5436 tergo
576 5365 709 5435 irregistri,
726 5364 770 5419 illo
785 5364 892 5436 quidem
907 5377 986 5419 non·
1019 5364 1082 5422 liae
1095 5366 1233 5438 cogitavit,
1253 5373 1280 5422 et
1305 5367 1377 5432 lecit,
1397 5366 1487 5423 sciens
1511 5367 1612 5440 absque
1631 5365 1705 5423 iacto
1735 5383 1823 5424 εεεεε

163 5451 355 5519 comperiente,
381 5451 507 5521 expansis
522 5453 555 5508 ad
585 5457 683 5511 eoetum
712 5452 846 5517 manibus,
865 5452 962 5523 raptim
1018 5454 1438 5525 essecogitationesbominum.
