3728 5940
59 163 95 221 ar
806 155 983 216 arrsrosn.
1684 173 1720 231 9,

59 285 193 343 miniscor
215 282 402 356 opprobrium.
425 284 487 340 lloee
508 285 561 350 est,
589 280 684 354 iuquit,
714 295 781 353 neas
803 293 906 376 quaen
959 285 985 336 8.
1005 279 1147 349 Quomodo
1168 298 1236 356 ergo
1258 285 1301 341 vel
1323 286 1428 344 abbatis
1452 289 1551 364 iussio,
1573 293 1617 350 vel
1641 294 1719 368 l’apae

58 391 112 432 nort
125 372 347 430 cadinituoeem
358 371 587 443 Deisai(lercm.
600 385 651 437 vn,
663 369 720 440 ιι).
732 368 781 426 Dei
795 368 866 424 enirn
923 371 1064 442 pannissio
1082 371 1184 430 licitum
1209 372 1296 432 lacere
1315 377 1408 446 veluit,
1429 379 1502 449 quod
1522 397 1621 452 purum
1641 373 1720 455 (sicut

59 461 174 537 proprie
188 474 241 517 vox
256 468 301 517 est
315 460 377 527 ista,
393 458 496 517 bostem
510 475 590 516 snum
603 457 717 530 proprio
724 458 871 532 designan-
922 460 1125 518 irrefutabiliter
1146 463 1288 534 probatum
1310 466 1361 536 est)
1382 467 1486 525 malum
1505 469 1570 529 init:
1591 489 1654 529 cum
1669 491 1720 531 su·

58 554 92 609 tis
106 567 144 607 ex
166 549 271 615 officio,
295 557 323 606 et
342 554 471 621 tauquam
495 547 582 621 digito
602 547 819 614 demonstrantis,
840 557 870 604 ut
922 550 1014 622 perias
1027 550 1205 609 nibilominus
1228 552 1374 627 allegatum
1395 555 1439 628 sit,
1455 572 1488 612 ea
1501 574 1562 628 quae
1582 560 1716 632 hujusce-

58 640 199 713 simplices
218 639 255 695 ab
275 638 337 709 ejus
359 637 442 709 impio
464 637 599 694 deterreat
619 644 790 694 corisectetu:
815 637 872 707 ,Qui
923 639 995 695 modi
1018 645 1091 706 suut,
1116 639 1207 697 idest
1229 659 1298 715 pura
1321 645 1401 714 mala,
1423 656 1454 702 ιι
1482 663 1619 718 nunqnam
1644 651 1719 724 justa

59 747 117 787 raon
132 731 189 795 est,
199 726 306 799 iuquit,
317 741 440 794 mecum,
451 725 645 801 disperqitrac
655 724 767 792 sidicat,
778 725 869 783 lnhoc
918 728 1020 797 juberi,
1037 729 1077 784 sic
1090 744 1139 785 nec
1153 729 1223 785 licite
1241 747 1324 802 posse
1338 730 1415 789 lieri?
1443 734 1523 791 Vides
1535 753 1617 808 quam
1632 739 1720 798 inanis

59 827 86 875 te
106 823 167 889 lam
186 831 297 873 mecum
315 830 370 871 uon
385 830 447 872 esse
460 814 609 886 intelligas,
628 815 653 870 si
670 815 793 886 sequeris
807 813 866 870 dis·
920 818 1058 874 excusatio
1073 818 1106 874 de
1124 819 1241 875 humana
1259 821 1421 890 obedientia,
1438 824 1482 879 ubi
1496 824 1523 879 iu
1539 828 1623 882 Deum
1648 843 1717 885 oon-

58 921 214 981 personent.
229 905 517 979 Decergoclamaute,
535 903 596 961 20
609 905 664 974 Qui
684 919 743 961 non
759 904 868 976 collinit
922 905 1040 963 vincitur
1069 906 1138 964 iacta
1168 909 1386 981 transgresssio?
1403 911 1461 967 Neo
1485 912 1632 971 timendum
1651 917 1719 974 mibi

56 993 505 1068 meenm,dirperqit,·sequitvos
524 993 650 1067 oportuit
668 992 867 1063 dispersorem?
921 994 1045 1063 arbitror,
1064 997 1139 1068 quod
1158 998 1192 1052 ad
1215 997 1278 1053 illud
1304 999 1410 1056 Domini
1430 1015 1590 1072 responsum
1609 1005 1644 1061 de
1666 996 1719 1064 sibi

56 1088 125 1154 Deo,
148 1087 268 1158 inquunt
288 1100 337 1142 vos
349 1084 480 1140 invitante
494 1084 528 1139 ad
547 1082 743 1155 colligendum,
762 1081 868 1140 bomini
920 1083 1042 1140 nuntiato
1058 1085 1186 1140 scandalo
1201 1085 1396 1142 Pharisaeorum
1409 1087 1540 1160 refugias,
1558 1098 1587 1145 ut
1606 1106 1720 1163 qucum

56 1176 155 1250 potius
167 1174 203 1230 ad
212 1172 423 1247 dispergendum
433 1172 547 1245 obsequi
558 1170 867 1243 delebatisillagistros
919 1171 955 1228 do
969 1172 1013 1228 ille
1021 1172 1098 1229 nihili
1108 1174 1242 1245 pendebat
1251 1173 1356 1242 diceus,
1371 1177 1546 1244 Siniteillos,
1558 1181 1719 1247 castrant,

57 1264 264 1330 contemnebat,
284 1261 408 1320 subditos
429 1262 594 1335 exponebat,
614 1260 704 1317 socios
717 1261 865 1318 conturba·
919 1266 948 1318 et
962 1262 1309 1334 dmscoemramptattt.
1322 1280 1371 1331 xv,
1385 1267 1443 1338 ll),
1454 1267 1529 1323 itaet
1539 1278 1629 1324 nostre
1640 1268 1719 1325 vobis

60 1354 122 1423 bat3
145 1358 174 1409 et
195 1367 248 1409 vos
261 1350 385 1409 videntes
408 1351 494 1408 iurem
515 1344 662 1407 cirrebatis
679 1365 741 1406 curn
759 1351 803 1406 eol
827 1349 867 1405 Si·
919 1352 1042 1408 seandala
1056 1368 1111 1408 non
1130 1369 1191 1410 esso
1213 1353 1333 1410 timenda
1348 1354 1494 1412 existimes.
1511 1355 1593 1413 Vides
1621 1370 1720 1428 uempo

58 1445 114 1501 lere
126 1442 163 1499 de
177 1449 289 1500 mortuo
303 1450 467 1499 statueram:
483 1441 533 1497 sed
554 1439 712 1511 compulsus
730 1455 802 1508 sum,
821 1438 865 1495 la·
919 1456 1001 1513 quam
1015 1441 1053 1497 nil
1067 1440 1155 1498 simile
1169 1443 1265 1499 babeat
1280 1443 1306 1498 in
1322 1443 1371 1501 hac
1393 1454 1469 1514 parte
1483 1446 1633 1517 proportio.
1652 1446 1719 1502 Nam

59 1539 126 1602 teor,
152 1530 356 1604 almnautulum
387 1529 575 1602 praetergredi,
599 1528 664 1584 duan
691 1543 746 1584 non
774 1527 866 1601 potui·
918 1530 941 1585 si
967 1546 1108 1603 compares
1129 1547 1272 1603 personas,
1300 1532 1355 1591 illic
1381 1534 1510 1590 Pharisaei
1528 1534 1651 1607 superbi,
1676 1533 1720 1592 bic

57 1620 209 1694 improbari
228 1620 360 1685 obeditio,
381 1623 404 1678 si
424 1635 478 1676 uon
494 1618 609 1691 reproba
622 1625 818 1674 monstraretur
836 1631 862 1673 et
879 1611 902 1690 Β
919 1634 1051 1690 pauperes
1072 1618 1154 1674 Ciristi
1164 1620 1392 1678 scandalizantur:
1405 1621 1429 1675 si
1443 1638 1548 1688 causas,
1564 1623 1609 1679 hic
1627 1623 1720 1681 levitas

55 1712 156 1783 jussio.
177 1711 265 1767 Porro
286 1710 375 1781 iussio
399 1718 427 1766 et
448 1708 516 1763 actio
537 1706 654 1763 bominis
677 1722 738 1764 cum
760 1706 868 1764 diversa
922 1708 959 1764 ibi
974 1709 1071 1764 veritas
1093 1707 1122 1763 iu
1140 1723 1296 1764 caussasse
1313 1709 1492 1783 dignoscitur.
1514 1712 1629 1781 Rursus,
1643 1712 1718 1785 quod

59 1815 112 1855 uon
126 1797 244 1867 luerint,
265 1796 433 1869 impossibile
447 1795 534 1852 visum
549 1803 592 1851 cst
607 1809 688 1850 unam
706 1793 765 1851 siue
782 1794 868 1850 altera
920 1805 947 1852 et
960 1797 1085 1869 superius
1105 1795 1273 1869 propositum
1286 1805 1338 1862 est,
1363 1812 1415 1854 vos
1434 1812 1488 1854 noo
1506 1800 1594 1856 solnm
1619 1799 1719 1857 divinis

56 1889 95 1946 vel
105 1885 268 1961 approbari,
284 1885 327 1943 vel
342 1883 444 1957 respui.
458 1885 557 1956 Liquet
570 1892 660 1940 tarum
676 1881 867 1954 hujuscemodi
921 1885 1048 1956 bumana,
1063 1884 1112 1941 sed
1132 1895 1160 1942 et
1176 1886 1363 1943 communibus
1379 1886 1484 1959 privata
1498 1887 1649 1959 praetulisse
1668 1890 1719 1946 im·

55 1977 176 2050 jtrssioni
208 1990 264 2033 nou
291 1972 374 2032 luisse
396 1974 653 2045 obtemperandum,
678 1973 737 2028 Deo
766 1970 868 2044 quippe
920 1973 995 2045 peria
1018 1975 1070 2031 boc
1100 1973 1187 2031 solum
1215 1974 1249 2029 ud
1276 1975 1461 2048 probationem
1486 1975 1612 2047 suffibat,
1646 1980 1718 2050 qnod

56 2052 215 2141 impemle
231 2063 375 2122 wiliulfi?-
396 2065 464 2120 hem
487 2062 621 2133 mimum
646 2059 787 2128 ῑῐὶδῑῑῑῑιῑίθι
812 2059 867 2114 mi-
921 2075 1018 2122 restrae
1029 2064 1066 2120 illi
1080 2074 1106 2122 et
1124 2066 1245 2136 novitati,
1262 2066 1386 2134 insolitae,
1402 2076 1430 2123 et
1442 2067 1567 2124 insolenti
1580 2084 1717 2141 praesum·

58 2171 157 2214 norum
180 2168 236 2212 non
252 2168 313 2210 csse
326 2152 519 2226 praeponendo,
539 2157 585 2206 aut
606 2149 796 2208 communibus
809 2148 868 2221 pri·
920 2154 1017 2226 ptioui,
1045 2171 1100 2212 nou
1123 2162 1226 2211 tantum
1240 2155 1326 2213 nostri
1350 2155 1460 2214 Ordinis
1474 2157 1646 2227 universitas,
1670 2159 1719 2217 sod

57 2255 117 2303 rata
129 2261 190 2303 non
203 2242 382 2316 praeiudicare
395 2242 507 2316 imperia
520 2240 583 2315 quis
603 2239 728 2297 dubitat?
742 2240 811 2295 Nam
832 2252 866 2295 or
921 2243 1001 2299 etiarn
1012 2245 1132 2302 omnium
1142 2246 1367 2303 monasteriorum
1383 2253 1411 2303 et
1422 2246 1598 2320 cousuetudo,
1618 2257 1645 2305 et
1661 2247 1719 2305 ius·

58 2337 163 2412 tegula
191 2334 278 2393 uncti
298 2333 435 2392 benedicti
457 2333 571 2404 (larem.
595 2330 674 2404 narr)
701 2330 754 2388 boc
779 2328 866 2385 hube-
920 2332 1009 2391 titutio
1022 2335 1172 2391 reclamare
1184 2334 1301 2391 videtur.
1324 2380 1327 2385 .

59 2443 131 2486 mus.
956 2426 982 2478 9.
1003 2422 1083 2490 Quod
1090 2431 1119 2479 et
1133 2438 1182 2481 vos
1195 2438 1304 2494 quoque
1313 2437 1368 2480 uon
1377 2422 1512 2480 immerito
1523 2410 1656 2497 timentes,
1670 2440 1720 2482 nec

89 2518 119 2572 7.
138 2515 255 2572 Pomm
271 2512 381 2587 quidem
400 2511 527 2569 abbatem
545 2508 749 2567 Cistereiensem
767 2507 800 2563 ad
815 2521 869 2564 mo
920 2513 1026 2568 satisde
1035 2511 1603 2584 propriacaumoontidentea,remorsasac
1617 2530 1717 2574 remor·

59 2605 137 2662 diuus
165 2603 309 2672 deduoere,
333 2601 381 2675 qui
400 2599 493 2674 ntique
519 2599 644 2671 superior
670 2596 716 2654 illo
738 2603 868 2669 quantum
920 2602 1016 2659 dentes
1029 2601 1208 2657 conscientias
1222 2601 1369 2673 apostolica
1378 2602 1467 2658 conati
1478 2602 1546 2659 estis
1560 2603 1674 2660 delinire
1686 2605 1718 2660 li·

58 2701 136 2765 ΡΜ
145 2690 215 2758 ίίΙίῡι
225 2697 355 2763 limium
369 2689 499 2763 muilier
509 2688 655 2760 distipulm
672 2694 802 2760 (tutulum
818 2685 866 2739 de·
920 2690 1016 2747 centia.
1026 2688 1181 2748 Olrivolum
1194 2690 1258 2746 satis
1266 2690 1428 2750 remedium!
1440 2692 1513 2763 quod
1524 2699 1625 2748 nonest
1634 2693 1718 2763 aliud,

60 2783 145 2854 nique
161 2780 250 2836 abbas
263 2777 474 2836 commissoribi
487 2777 740 2844 monacho,mertto
754 2790 783 2831 ae
798 2787 869 2831 aro·
920 2779 973 2836 nisi
1002 2795 1077 2836 more
1103 2781 1330 2851 Protoplastornm
1363 2780 1514 2836 cauteriatis
1547 2781 1721 2838 conscientiis

60 2869 101 2924 bis
109 2873 225 2940 propter
233 2865 451 2938 iptomqtteritur
459 2864 742 2936 inissecontemptum.
752 2863 866 2918 Pomm
921 2867 972 2926 ot
988 2877 1080 2926 texero
1096 2869 1271 2942 perizomata,
1283 2867 1450 2925 videlieeted
1460 2869 1655 2939 velamentum,
1665 2885 1721 2927 nou

60 2955 268 3028 stepisoopnm,
276 2955 356 3025 cnjus
364 2953 539 3011 nibilominus
548 2953 611 3026 quia
621 2967 676 3009 nou
688 2951 740 3008 luit
750 2965 868 3022 exspet-
883 2923 907 3004 Β
920 2960 954 3013 ad
970 2957 1204 3013 medicamentum.
1224 2956 1417 3028 apostolicam,
1436 2955 1571 3027 inquiunt,
1587 2957 1721 3015 licentiam
1798 3005 1804 3015 .

61 3053 132 3103 tatus
140 3060 302 3112 couaeusus,
314 3043 520 3100 innexousabilis
528 3051 569 3098 est
580 3049 795 3112 etcontemptus,
807 3056 868 3096 cum
923 3045 1106 3118 quaesivimus,
1117 3043 1331 3115 impetravimus.
1343 3044 1431 3099 Utlam
1439 3059 1493 3100 nou
1501 3044 1635 3100 licentiam
1643 3061 1720 3117 quae·
1822 3033 1824 3038 ’

60 3132 567 3207 adipsosetdeipsisllomiousdicat:
580 3130 631 3198 Qut
643 3133 869 3204 conspersione
923 3135 1035 3205 sissetis,
1048 3133 1097 3190 sed
1111 3133 1253 3189 consilium
1261 3149 1270 3202 ;
1285 3133 1311 3189 id
1325 3141 1376 3201 est,
1390 3146 1445 3188 nou
1461 3140 1491 3187 ut
1504 3131 1605 3202 liceret,
1622 3134 1671 3190 sed
1685 3148 1721 3189 an

60 3224 176 3296 apernit
191 3221 271 3294 (buc.
285 3238 313 3292 x,
329 3221 388 3294 ¹6).
408 3221 462 3278 Sed
472 3223 601 3294 quonium
616 3221 657 3276 bis
668 3229 759 3291 posset
772 3219 869 3274 ambo-
921 3224 1022 3281 liceret.
1031 3223 1109 3280 Unde
1124 3230 1212 3277 nmen
1226 3220 1387 3294 querebatis
1411 3219 1565 3277 licentiam?
1579 3222 1614 3278 Ut
1627 3219 1722 3279 liceret

60 3313 109 3369 bus
123 3315 230 3384 opponi
243 3319 272 3369 st
289 3310 419 3383 anteponi
441 3309 556 3367 Romani
577 3308 713 3381 pontilicis
741 3317 869 3380 tanquam
922 3313 995 3384 quod
1011 3326 1065 3367 nou
1080 3310 1198 3367 licebat?
1212 3309 1312 3366 Facere
1333 3309 1423 3382 itaque
1436 3309 1567 3366 volebatis
1578 3311 1652 3382 quod
1666 3326 1721 3368 nou

61 3403 172 3479 gravior
179 3401 431 3471 auctoritas3cujns
440 3400 543 3474 quippe
553 3415 602 3457 vos
610 3399 687 3456 aiunt
694 3398 869 3471 praemuntios
923 3400 1030 3458 licebat.
1044 3399 1097 3457 Sed
1110 3399 1183 3471 quod
1196 3412 1252 3456 non
1260 3397 1356 3455 licebat
1366 3398 1466 3454 malum
1474 3406 1542 3455 eret.
1557 3400 1625 3455 llala
1639 3399 1722 3472 igitur

61 3488 735 3564 minutiemnamuaeetipralicentiasuoqrioem
745 3489 805 3545 loco
818 3488 870 3545 erit
923 3496 981 3546 erat
995 3489 1119 3555 intentio,
1134 3504 1195 3561 quae
1210 3487 1237 3544 io
1248 3487 1347 3544 malum
1362 3486 1496 3543 tendebat.
1512 3485 1569 3543 Nisi
1587 3486 1655 3544 lorte
1669 3488 1722 3545 tale

61 3580 235 3638 discutienda
251 3579 355 3652 (latro,
379 3595 406 3637 o.
433 3578 477 3650 9),
506 3577 569 3635 talis
591 3578 683 3648 potius
708 3577 868 3649 proferatur,
924 3580 974 3635 boc
985 3578 1070 3636 luisse
1079 3579 1195 3648 dicatur,
1207 3576 1386 3649 quodsbsquc
1394 3574 1503 3632 licentia
1512 3575 1621 3648 quidem
1629 3592 1683 3633 nou
1692 3575 1723 3631 li·

61 3673 139 3742 cuius
157 3670 271 3728 omniuo
293 3669 335 3726 las
356 3684 412 3725 uon
432 3667 468 3726 sit
490 3667 641 3725 auctoritati
670 3666 867 3725 contradicere.
924 3674 1004 3738 cerat,
1016 3667 1109 3724 liceret
1121 3674 1212 3723 autem
1222 3666 1313 3722 sicum
1321 3663 1521 3721 licentialieret.
1531 3664 1722 3735 Varumidjam

61 3761 142 3818 Certe
157 3775 283 3816 summos
300 3760 346 3816 ille
360 3757 485 3816 Pontifex
500 3759 547 3831 qui
563 3773 611 3828 per
624 3756 783 3829 sauguinem
806 3770 870 3826 pro·
924 3757 1050 3828 superius
1068 3756 1217 3813 invincibili
1236 3756 1377 3813 exclusum
1389 3763 1431 3811 est
1444 3754 1559 3810 ratione.
1577 3756 1636 3812 Nec
1649 3756 1721 3811 euim

61 3853 151 3922 prium
173 3849 254 3908 aolus
280 3855 309 3905 et
329 3846 414 3907 semel
432 3845 553 3903 introivit
580 3844 608 3900 in
632 3851 735 3912 sancta,
770 3854 869 3900 aeterua
924 3843 1105 3911 Densubiait,
1114 3844 1209 3900 Nolite
1218 3847 1400 3901 contemnere
1414 3859 1506 3899 anum
1516 3844 1722 3916 eciirpusillia

59 3945 269 4020 redemptiones
291 3945 399 4004 inventa
412 3942 503 4018 (llrir.
526 3958 567 4010 rx,
592 3943 638 4013 ts)
659 3939 775 3998 terrifica
803 3954 870 3997 rore
924 3930 1724 4008 quiinmecredant;addiditetiam,Nisicumlicantia,aut

58 4035 205 4095 ιιωιιιιίιι
226 4035 256 4091 iu
276 4032 436 4108 Evangelio,
462 4048 498 4090 no
520 4031 581 4104 quis
598 4045 684 4088 unum
712 4029 747 4085 de
766 4028 871 4100 pusillis
923 4022 1036 4080 dicens:
1055 4019 1505 4091 Qutrranrtattameritrrnamoe
1516 4022 1632 4093 pusillis
1650 4023 1722 4078 meis
1744 4054 1749 4064 ·

56 4122 419 4198 ejurandeatscaudaiiaaro
428 4120 522 4194 (nott.
535 4135 616 4193 xvrn,
625 4122 664 4192 6),
678 4117 764 4175 Vobis
780 4125 870 4177 autem
925 4112 1036 4183 (llottln
1046 4125 1129 4180 xxrn,
1142 4111 1185 4177 tt,
1195 4111 1234 4182 ι),
1245 4115 1391 4176 mentera,
1401 4108 1594 4167 determinavit
1605 4109 1722 4185 snbjun-

60 4218 147 4276 mq„
163 4217 283 4273 pm
294 4214 463 4280 mmm,
474 4213 498 4270 ,q
511 4227 566 4270 110„
580 4212 651 4268 unm
664 4207 796 4283 promer
808 4224 869 4267 ma.
886 4233 909 4314 u
923 4219 1003 4278 gena,
1013 4199 1204 4259 Siuelioentia'.
1215 4197 1577 4273 comtatipiturubiveritaa,
1586 4200 1724 4260 etvaritts
1809 4206 1812 4210 ’

59 4307 130 4366 lom.
150 4303 252 4363 Facilis
269 4311 397 4379 sequetur
418 4304 497 4362 reuia
520 4302 637 4374 culpam,
657 4316 692 4357 en
711 4315 764 4372 qua
785 4314 869 4374 praue
923 4292 1075 4352 naeoemrn
1095 4291 1126 4349 iu
1148 4305 1232 4349 cansa
1244 4305 1309 4346 ‘uon
1330 4298 1382 4359 est,
1403 4304 1455 4347 nec
1475 4289 1549 4348 licite
1565 4290 1723 4349 mondoum

59 4397 195 4454 &mnam
211 4408 265 4454 uon
289 4395 386 4454 oritur.
409 4395 487 4450 Nunc
504 4406 571 4450 vero
589 4391 662 4464 qnod
684 4389 797 4446 dubium
816 4405 871 4446 non
924 4384 1062 4458 quodlibet
1084 4397 1196 4454 possea
1211 4381 1332 4456 quolibet
1354 4383 1487 4440 committi
1501 4397 1553 4440 uec
1568 4384 1641 4455 iusto
1654 4399 1724 4455 prse-

61 4496 114 4555 eat,
143 4484 269 4560 pluribus
290 4482 491 4553 scandalizatis,
507 4483 569 4554 quia
589 4487 682 4551 aperte
707 4494 762 4535 uou
781 4479 871 4536 videat
923 4472 987 4546 cipi,
1012 4484 1062 4528 nec
1075 4469 1185 4527 innoxie
1203 4470 1361 4529 consentiri.
1376 4470 1463 4544 liujus
1482 4478 1572 4529 tamen
1589 4471 1723 4543 patrandi

60 4588 146 4647 quara
164 4573 313 4631 inbumsue
326 4573 480 4631 bumauam
502 4570 653 4643 jussionem
678 4569 778 4628 divine
800 4584 871 4642 pree·
924 4562 988 4618 mali
1011 4561 1185 4633 querendam
1206 4559 1323 4633 putastis
1352 4575 1413 4618 esse
1437 4560 1581 4618 licentiam.
1606 4559 1660 4617 Sed
1687 4560 1724 4617 ed

59 4665 206 4725 tuleritis?
234 4663 313 4735 Quod
340 4664 451 4738 quidem
474 4663 585 4729 audere,
609 4661 671 4735 quis
699 4661 753 4718 nisi
776 4676 871 4717 amens
924 4651 1007 4728 quid?
1026 4650 1069 4708 lln
1091 4659 1121 4707 ut
1142 4660 1243 4724 quanto
1264 4651 1403 4719 licentius,
1432 4657 1508 4707 tauto
1529 4648 1666 4719 securium
1695 4658 1724 4707 et

60 4755 155 4813 dicere
178 4754 279 4811 audeat
296 4754 398 4810 bonum
423 4767 484 4810 ease
506 4758 553 4808 aut
571 4751 674 4808 bouum
692 4749 751 4807 ficri
775 4765 869 4822 posse,
923 4756 983 4817 quo·
1001 4740 1137 4810 securius,
1161 4756 1196 4798 eo
1218 4748 1246 4797 et
1261 4739 1443 4814 periculosius
1466 4736 1634 4814 peccaretis?
1657 4738 1724 4797 liiru

60 4844 241 4920 quantaelibet
260 4842 401 4918 dignitatis
430 4840 541 4901 bomine
568 4840 759 4914 precipiente?
791 4839 870 4910 Quod
924 4832 1038 4900 cautela,
1064 4842 1091 4887 et
1111 4830 1244 4903 stupenda
1259 4828 1444 4902 providentia?
1460 4827 1560 4884 italum
1575 4827 1649 4899 quod
1665 4829 1724 4900 jam

60 4941 150 4992 autent
170 4947 221 4990 uec
243 4932 346 4991 bonnm
361 4941 412 5000 est,
428 4948 479 4989 nec
498 4931 566 4988 bene
580 4931 638 4988 llari
653 4937 749 5004 potest,
772 4944 871 5002 purum
924 4922 1007 4980 eorde
1025 4927 1217 4993 conceperant,
1239 4935 1323 4993 opere
1344 4928 1434 4976 tamen
1453 4917 1524 4974 cauti
1538 4916 1649 4973 inerunt
1667 4935 1723 4977 nou

61 5024 158 5096 moeni
171 5012 257 5081 dubio
270 5022 437 5080 maium-eat.
453 5023 531 5080 Unde
547 5030 750 5094 consequenter
770 5021 870 5077 adver-
925 5012 1039 5084 implere
1053 5010 1104 5067 nisi
1117 5024 1181 5067 cum
1190 5008 1309 5067 licentia.
1326 5008 1516 5079 conceperunt
1530 5004 1662 5075 dolorem,
1674 5008 1724 5066 sed

61 5111 139 5180 dtur,
167 5113 242 5187 qnod
264 5115 318 5170 tter
339 5121 459 5171 vestrum
482 5111 512 5167 in
535 5111 679 5173 multorum
708 5117 871 5182 usurpatum
924 5117 981 5159 uon
993 5108 1161 5173 pepererunt
1175 5099 1354 5172 iniquitatem,
1369 5096 1457 5152 donec
1466 5095 1560 5170 iniquo
1575 5098 1647 5170 Papa
1661 5112 1724 5155 con·

58 5202 234 5274 modoinum
258 5216 292 5261 ac
316 5216 365 5276 per
386 5203 439 5260 boc
461 5208 489 5259 et
511 5208 604 5259 contra
624 5198 675 5257 Dei
702 5199 869 5270 mandatum,
925 5191 1014 5264 ceptui
1032 5190 1196 5266 prebuisse
1204 5202 1353 5246 emensum
1364 5185 1424 5258 Quo
1433 5187 1526 5246 lucro?
1534 5189 1724 5261 quovesaltem

61 5309 117 5353 non
130 5308 232 5367 porum
251 5292 355 5351 bouum
368 5298 415 5350 aut
433 5290 564 5363 medium,
580 5290 628 5348 sed
644 5288 871 5363 purnmomnino
925 5281 1085 5357 compendio
1117 5279 1196 5337 ursii?
1218 5278 1347 5351 Numquid
1379 5278 1441 5337 ideo
1469 5286 1517 5338 aut
1539 5279 1639 5337 ιιιιιιι
1655 5295 1723 5357 ,esso

61 5382 147 5444 inerit
163 5382 290 5446 maturus
310 5381 440 5458 quoniam
463 5380 576 5457 quidem
600 5389 628 5440 at
649 5396 747 5455 pamm
770 5380 871 5438 bonurn
924 5372 1014 5442 desiit,
1030 5371 1133 5434 untval
1147 5369 1309 5428 minoratum
1330 5375 1381 5441 ast,
1396 5371 1459 5443 qnia
1473 5370 1546 5445 l’apa
1563 5369 1723 5450 coemit?

63 5490 172 5553 sempor
188 5474 294 5536 bonurn
308 5479 360 5548 e-t,
374 5480 401 5535 et
421 5471 541 5534 medium
556 5470 628 5532 bene
643 5468 702 5529 tisri
716 5475 816 5546 potest.
925 5464 992 5542 Quis
1002 5478 1067 5526 sero
1078 5461 1724 5543 natonessenrpt,assensumpraeonenetor
