3728 5940
392 229 432 288 titt
451 226 737 293 oonsusmttous
751 227 840 295 utum
856 228 1014 305 biuhti.
1029 262 1064 277 -
1080 231 1142 293 tlh.
1159 232 1192 293 tl.
1563 243 1618 303 rso

82 369 115 413 uc
132 355 257 427 porteris
270 362 332 424 opto
347 370 455 424 semper
469 355 571 426 optimo
586 369 684 426 genere
708 352 768 423 glo·
786 366 809 451 ἢ
825 351 901 411 luero
916 354 950 431 iu
972 355 1054 426 hello,
1070 371 1134 411 nou
1152 357 1249 413 molles
1276 360 1304 413 in
1328 358 1431 419 scricis.
1451 363 1479 418 Si
1502 364 1574 423 filius
1586 385 1616 424 ee

82 444 112 501 od
139 443 272 516 Apostoli,
298 443 371 515 quod
398 444 536 515 Prophe-ter
563 442 688 515 delegere
706 440 767 509 sibi,
826 442 1015 513 Apostolorum
1036 456 1069 501 et
1091 446 1296 516 Prophetarum,
1333 457 1360 504 et
1376 458 1406 503 tu
1433 449 1477 508 iso
1504 454 1615 518 similer.

82 548 142 591 sore
157 532 198 604 [ol
229 531 374 605 reliquere]
394 532 452 588 tibi.
475 533 599 605 Agnosce
625 530 768 587 haeredita·
824 532 935 588 Viudict
951 533 998 589 tibi
1014 535 1107 590 nobile
1126 551 1213 609 genus
1228 536 1364 593 similibus
1385 539 1527 608 moribns;
1544 549 1619 616 queo

82 638 119 685 uu·
142 622 169 676 in
198 620 296 677 Christi
306 637 394 691 cruor,
420 620 449 675 in
476 620 614 675 laboribus
634 617 768 689 plurimis.
824 636 878 677 non
894 622 1004 679 aliunde
1032 624 1134 690 nobile,
1151 640 1232 697 quem
1263 642 1370 682 morum
1395 627 1573 702 ingenuitate,
1592 644 1619 690 et

82 709 118 783 rui
144 710 244 780 dicere}
259 710 371 781 potuit:
401 709 467 765 Plus
490 709 620 765 omatibus
648 706 770 764 laboravi
824 711 887 767 lidei
902 712 1060 769 fortitudine
1090 713 1129 769 lit.
1154 715 1204 769 Per
1219 715 1290 770 lianc
1306 718 1534 793 viceruntrcgns,
1549 738 1620 793 ope-

82 816 150 864 sxu,
170 802 222 868 lb).
241 799 335 854 Gloria
350 806 402 866 est,
417 799 465 852 sed
480 795 518 853 nil
533 797 557 851 iu
581 813 614 852 ea
626 796 716 866 inane,
734 795 770 848 nil
826 800 875 854 rati
911 810 974 856 sunt
1005 801 1151 869 justitiam,
1181 803 1273 872 adepti
1303 813 1366 858 eunt
1396 808 1622 877 repromissiones

91 887 129 945 uit
145 889 313 959 resupinum.
329 887 358 941 Si
372 886 450 942 labor
464 894 555 955 terret,
571 901 676 941 merces
700 883 770 938 invi·
828 888 919 958 (hebr.
936 904 975 957 ιιι,
992 892 1047 958 33).
1064 890 1120 944 lloc
1133 891 1343 962 chirographum
1358 901 1479 961 paternae
1495 904 1547 951 tnae
1562 898 1621 955 bae-

82 976 237 1047 tusquisquo
264 975 334 1034 enim
371 975 520 1032 secuudum
548 990 626 1031 sunm
651 973 770 1029 laborem
827 976 960 1044 reditstis,
979 978 1051 1048 quod
1071 977 1118 1032 tibi
1134 978 1294 1044 evolvimus,
1310 980 1357 1035 uhi
1373 981 1503 1052 inspicias
1517 990 1621 1055 portio·

82 1081 119 1125 ΒΨ
136 1063 261 1136 accipiet·
277 1065 311 1119 Εῑ
325 1064 350 1118 Si
364 1063 408 1118 ille
425 1062 485 1134 plus
505 1062 633 1117 omnibus
664 1061 771 1117 laboro·
828 1081 888 1122 nem
908 1065 957 1138 [ol.
972 1067 1038 1122 odai.
1055 1066 1217 1139 substantie]
1231 1083 1291 1138 qnae
1306 1077 1332 1124 te
1350 1071 1490 1142 contingit.
1509 1073 1623 1132 Induere

82 1169 110 1212 >¹¹
128 1162 220 1210 lamen
252 1161 337 1208 totum
370 1150 532 1216 tltbtlfflvlb
561 1158 588 1207 ei
616 1149 706 1205 adhuc
734 1149 773 1202 lo·
828 1155 1021 1224 fortitudinem,
1035 1165 1064 1210 et
1083 1155 1258 1212 hereditasti.
1274 1157 1384 1213 Posside
1406 1158 1496 1226 hom,
1514 1163 1623 1232 posside

85 1283 92 1298 ·
116 1242 166 1299 Eli
190 1243 216 1297 in
244 1258 338 1315 aarum
368 1241 474 1297 Domini
502 1240 551 1319 lui,
577 1247 605 1322 el
631 1236 774 1295 considera
827 1245 967 1314 pietatem,
994 1243 1103 1317 posside
1124 1244 1296 1318 sapientiam,
1314 1247 1361 1301 sed
1382 1248 1542 1317 sapientiam
1556 1267 1622 1308 sen-

82 1346 128 1402 er,
147 1334 256 1401 quantis
275 1330 407 1400 hodieque
426 1329 460 1386 de
474 1327 709 1386 veterimnledicto
725 1326 773 1382 sil·
826 1341 934 1391 erorum
947 1333 1019 1404 (ipsa
1033 1342 1074 1389 egr
1090 1332 1169 1389 rimo,
1184 1334 1624 1410 D0m5111)‚erh,1,0,q„0d„„,m

82 1418 164 1493 spinis
182 1435 215 1475 ⁸0
231 1419 348 1481 tribuli&
359 1417 419 1484 13¹1,
434 1418 556 1490 inquom,
570 1417 599 1475 in
616 1416 747 1473 mundum
765 1429 771 1464 ²
827 1432 877 1480 est.
895 1412 987 1477 [lobes
1014 1421 1074 1476 sine
1096 1420 1301 1478 defraudatione
1330 1422 1464 1495 integrum
1479 1435 1623 1496 paternum

83 1505 188 1563 tenim
208 1506 335 1571 mundus,
368 1506 446 1579 isque
465 1505 583 1562 creditus
597 1504 655 1561 libi·
671 1502 720 1561 Exi
746 1503 773 1556 5¹1
827 1511 953 1567 luridum.
982 1508 1197 1565 Pretiosissimus
1229 1509 1329 1566 fundus
1357 1511 1445 1569 virtue
1463 1524 1513 1571 cst.
1532 1518 1624 1585 Bonrm

81 1611 127 1653 ron
143 1603 268 1666 tanquam
293 1594 428 1660 dominus,
445 1594 493 1650 sed
509 1603 635 1666 tanquam
659 1592 770 1661 villicus,
828 1601 929 1657 fundus
944 1594 1084 1655 humilitas
1099 1596 1127 1652 in
1142 1613 1196 1668 qno
1212 1595 1290 1655 42¹
1308 1615 1389 1655 omne
1404 1600 1548 1661 aedificium
1561 1609 1621 1679 epi.

82 1693 102 1742 ιι
112 1701 256 1759 procurare
281 1684 507 1760 unrteexiqendus
521 1700 551 1741 es
566 1684 709 1765 rationem.
723 1680 770 1737 lixi
828 1687 924 1744 rituale
946 1694 1128 1747 constructum
1143 1687 1241 1744 crescit
1261 1688 1287 1742 in
1303 1689 1435 1761 templum
1450 1700 1572 1751 sanctum
1591 1697 1620 1752 in

82 1777 92 1828 ¹.
119 1773 228 1846 antemi,
254 1773 380 1839 dixerim,
396 1772 554 1844 quibusdam
575 1770 773 1845 nepessinus
829 1776 954 1832 Domino.
973 1775 1023 1830 Per
1050 1776 1122 1831 hunc
1137 1775 1260 1830 nonnulli
1277 1779 1422 1845 possedere
1434 1780 1516 1836 etiem
1530 1793 1621 1854 portes

99 1856 294 1933 sollicitudinis,
312 1872 337 1919 et
362 1861 485 1920 sollicite
500 1860 666 1917 intentionis.
678 1859 771 1933 Neque
827 1863 1007 1921 inimicorum.
1019 1864 1085 1933 Quae
1101 1864 1173 1920 enim
1188 1865 1318 1920 virtutum
1332 1882 1408 1938 aeque
1419 1877 1509 1938 potest
1522 1873 1620 1929 (ιω.)-

82 1954 118 2025 psi
140 1952 186 2023 qui
206 1953 278 2022 jussi
304 1960 367 2007 sunt
382 1951 422 2007 ire
435 1951 463 2009 in
490 1950 582 2011 orbem
604 1949 769 2016 uuiversum,
825 1970 890 2008 num
903 1969 1009 2010 omnem
1035 1952 1173 2029 debellare
1198 1954 1363 2024 superbiam,
1385 1960 1554 2027 tyrannidem
1570 1963 1621 2019 ho·

82 2042 275 2101 circumierunt
296 2040 439 2114 presentia
457 2040 589 2112 corporis,
607 2040 655 2097 sed
672 2040 770 2098 mentis
826 2039 953 2099 minum?
967 2034 1100 2097 Ceterum
1121 2056 1184 2113 cum
1201 2041 1275 2097 omni
1289 2041 1480 2103 indillerenter
1495 2063 1620 2120 persone

82 2131 149 2186 ntia.
175 2133 208 2188 Et
228 2139 256 2185 tu
276 2130 336 2185 leta
349 2130 441 2187 oculos
463 2133 596 2200 quosdam
612 2130 768 2187 considera·
825 2130 883 2184 haec
902 2129 938 2187 sit
952 2129 1076 2201 quedam
1092 2127 1172 2185 turris
1197 2128 1362 2186 fortitudinis
1377 2147 1393 2188 s
1408 2132 1478 2191 leole
1491 2134 1595 2196 inimici
1609 2159 1617 2207 3

82 2237 130 2288 nse,
143 2230 169 2277 et
184 2214 244 2278 ride
257 2221 390 2293 regiones,
405 2221 427 2276 si
442 2237 494 2279 nou
511 2230 573 2274 sunt
587 2221 674 2294 magis
688 2221 767 2277 sicem

82 2325 130 2377 em,
154 2326 233 2382 quam
262 2310 328 2364 atha
347 2311 380 2364 nd
409 2325 533 2367 messem.
559 2307 642 2376 Quam
668 2309 766 2379 multae,

82 2406 207 2456 tumueras
231 2398 336 2472 fruges,
352 2398 498 2469 diligenter
511 2399 650 2470 inspectae,
671 2415 768 2470 uepres

82 2489 268 2563 sppsrebuntl
287 2489 342 2542 lmo
357 2503 391 2543 ne
404 2504 499 2560 vepres
513 2487 618 2558 quidem
636 2504 643 2542 ι
659 2502 768 2544 annosae

82 2592 166 2637 ruosae
184 2577 293 2633 arbores
316 2583 388 2642 sunt,
408 2576 524 2631 sednon
540 2576 659 2644 proiecto
675 2575 767 2630 tructi-

82 2665 121 2723 tisi
137 2664 354 2737 iorteglandium
372 2671 417 2718 aut
432 2663 597 2733 siliquarum,
612 2678 680 2735 quas
695 2663 769 2735 porci

824 2218 915 2275 nescio
929 2234 984 2293 quo
994 2229 1073 2290 pacto
1087 2225 1177 2274 umen
1187 2218 1227 2274 vis
1241 2218 1301 2288 eius
1317 2222 1405 2290 major
1421 2222 1447 2276 iu
1459 2224 1618 2294 majoribus,

824 2314 851 2362 et
866 2292 1068 2365 in'clsrioribus
1081 2306 1183 2362 clarior
1192 2308 1391 2377 comprobatur.
1408 2311 1488 2366 Nulla
1501 2315 1620 2384 splendi-

824 2397 884 2453 dior
908 2412 1025 2469 gemms,
1046 2397 1072 2452 in
1087 2396 1162 2453 omni
1173 2397 1308 2468 precipue
1322 2409 1418 2455 ornatu
1431 2403 1528 2457 summi
1544 2406 1615 2461 Pon-

825 2485 913 2541 tificis.
944 2484 1003 2555 Quo
1032 2485 1102 2541 enim
1136 2484 1233 2540 celsior
1260 2486 1375 2553 raseris,
1400 2503 1433 2545 eo
1462 2493 1613 2549 hnmilitate

822 2582 936 2645 apparet
950 2574 1081 2652 illustrior
1091 2581 1118 2629 et
1132 2590 1162 2631 se
1177 2576 1246 2646 ipso.

1124 2664 1237 2720 CAPUT
1258 2663 1314 2720 vlt.

82 2761 146 2812 snt.
174 2753 320 2826 Quousque
338 2760 471 2824 occupant
484 2753 602 2809 terram?
625 2752 730 2823 Nonne,
746 2753 769 2808 si
827 2754 976 2811 hannem
986 2754 1111 2825 priorem
1121 2753 1314 2824 questionem,
1322 2756 1385 2825 quis
1394 2757 1442 2821 sit,
1454 2757 1618 2828 riiliperstists

82 2843 169 2898 cernis
184 2841 243 2911 ista,
260 2840 373 2911 pudebit
395 2840 509 2897 otiosam
534 2842 623 2911 jacere
636 2842 767 2913 securim3
1149 2843 1300 2914 erpo-rodit.

82 2932 155 2988 tsine
170 2945 252 2987 cause
267 2929 361 2987 falcem
376 2928 550 2999 apostolicam
564 2928 721 3002 accepisset
791 2926 813 3004 Β
863 2935 906 2987 lb.
923 2933 1033 3003 Argoar
1048 2931 1172 2994 lorsitsn,
1187 2934 1259 3002 qnod
1279 2933 1411 2989 nonsatis
1426 2934 1519 3005 primis
1532 2938 1621 3006 erpti-

82 3019 183 3077 nhuuc
199 3020 336 3089 quondam
350 3033 446 3090 agrurn
465 3018 540 3074 lsauc
553 3019 704 3090 patriarcha
715 3017 773 3073 esi·
832 3019 892 3074 citis
919 3018 1049 3088 partibus,
1074 3019 1102 3072 in
1129 3019 1261 3073 secundas
1287 3019 1379 3074 nescio
1393 3024 1530 3090 quomodo
1544 3023 1625 3094 stilus

82 3124 115 3165 uu
130 3109 250 3179 primum
271 3107 392 3163 Rebecca
416 3107 534 3161 occurrit
544 3106 568 3161 ei
585 3123 592 3160 :
609 3115 644 3176 ot,
663 3115 691 3161 ut
706 3105 776 3162 Scri·
832 3106 990 3173 excurrerit,
1010 3107 1163 3163 describere
1181 3106 1315 3162 inchoans
1331 3109 1436 3179 quotam
1461 3118 1488 3165 te
1502 3119 1625 3182 oporteat

82 3197 160 3260 tebet,
177 3199 296 3254 Exierat
319 3195 355 3250 od
377 3193 575 3252 meditandum
589 3196 671 3264 (Gen.
693 3213 775 3273 xxiv,
832 3211 904 3262 esse,
919 3212 981 3252 cum
995 3195 1121 3265 necdum,
1149 3195 1209 3264 quis
1233 3194 1280 3262 sis,
1310 3196 1416 3266 plenius
1439 3200 1625 3268 expressisset.

82 3270 152 3341 o'sd
173 3285 365 3351 meditandum,
381 3291 410 3338 tu
432 3284 466 3341 ad
479 3284 679 3354 exstirpandum
695 3301 775 3360 egre.
832 3286 919 3342 Credo
943 3286 1107 3341 erubescens
1132 3284 1158 3338 in
1187 3299 1293 3340 surnmo
1312 3286 1431 3354 positum
1451 3286 1528 3359 apice
1542 3289 1627 3345 rideri

82 3388 184 3429 necesse
208 3381 259 3428 est.
290 3372 350 3427 Tibi
367 3373 423 3442 jam
447 3371 617 3444 precessisse
639 3374 776 3430 meditatio

92 3470 198 3534 tempus
217 3461 398 3534 laciendiprae
416 3463 550 3518 mantuus.
567 3462 594 3517 Si
611 3479 681 3520 nuuc
699 3464 777 3519 haesi.

82 3552 109 3609 tl.
135 3549 265 3623 cogitare}
287 3550 409 3621 incipias,
424 3550 451 3604 id
476 3550 583 3622 quidem
604 3566 675 3606 sero.
697 3554 775 3610 Ante.

82 3627 222 3697 consilium
242 3638 399 3706 salvatoris,
419 3639 522 3694 sedisse
549 3640 692 3708 debueras,
717 3647 778 3697 ente

82 3743 120 3785 sse
132 3742 211 3797 opus,
227 3725 316 3781 metiri
334 3726 413 3792 vires,
429 3726 594 3797 ponderasse
606 3728 775 3800 sapientiam,

87 3830 266 3886 comparasse,
292 3823 416 3888 sumptus
443 3823 615 3888 computasse
638 3817 776 3872 virtutum.

82 3920 126 3979 go,
143 3912 207 3976 puta
236 3912 343 3975 tempus
358 3903 503 3974 putationis
531 3903 635 3970 adesse,
652 3905 674 3960 si
688 3912 777 3962 tamen

835 3374 1094 3442 hominemnudum,
1111 3373 1370 3430 festinavitinduere
1383 3373 1536 3448 insignibus
1559 3377 1626 3433 suis.

834 3464 946 3535 Absque
969 3465 1012 3518 bis
1021 3478 1119 3532 nempe
1141 3477 1174 3519 co
1189 3461 1343 3527 deformior,
1360 3477 1415 3534 quo
1434 3463 1564 3521 illustrior
1579 3481 1629 3536 pa·

836 3568 887 3608 res.
903 3551 1031 3624 Nunquid
1047 3560 1133 3621 potest
1148 3550 1405 3609 abscondiciritatis
1418 3562 1629 3624 supramontem

834 3640 927 3710 posite
940 3640 1082 3708 desolatio,
1098 3650 1144 3694 sut
1158 3641 1240 3695 tatere
1255 3640 1346 3695 fumus
1359 3640 1478 3699 lucernae
1493 3643 1632 3699 exstincte

836 3744 922 3798 super
935 3727 1129 3783 candelabrum
1147 3726 1258 3782 isimia
1281 3726 1309 3781 in
1327 3733 1408 3794 tecto,
1434 3746 1481 3785 rex
1501 3730 1590 3788 latuus
1604 3732 1632 3785 in

835 3815 904 3872 solio
914 3815 1020 3873 sedens.
1037 3816 1069 3870 tu
1088 3830 1160 3871 nunc
1183 3815 1247 3870 audi
1262 3814 1394 3871 canticum
1412 3828 1554 3885 meumes
1568 3819 1631 3890 qui-

837 3904 902 3961 dem
929 3903 1019 3960 minus
1047 3917 1138 3967 suave,
1159 3902 1206 3958 sed
1237 3901 1367 3958 salutare.
1390 3905 1563 3963 hlonstrnose
1585 3924 1630 3963 res

82 3995 158 4053 ionis
172 3993 287 4068 praeivit.
318 3994 408 4077 Sixoor
427 3992 544 4064 movisti,
568 3993 701 4050 movenda
722 3995 777 4065 jam
836 3994 940 4068 gradus
953 3998 1118 4056 summus,et
1132 3990 1238 4049 animus
1252 3989 1360 4048 intimus
1375 4007 1382 4047 :
1399 3991 1478 4048 sedes
1490 3993 1585 4063 prima,
1604 4005 1630 4050 et

92 4083 223 4140 movenda
236 4091 275 4139 est
291 4092 318 4139 et
328 4099 433 4138 munus.
450 4082 601 4154 Accingere
613 4083 706 4155 gladio
721 4091 776 4149 tuo,
832 4087 887 4142 rite
901 4083 970 4148 imm
987 4081 1080 4153 lingua
1096 4079 1278 4153 magniloqua,
1303 4087 1331 4133 et
1344 4095 1441 4136 manus
1454 4080 1556 4148 otioss;
1571 4099 1630 4139 ser-

82 4172 200 4246 spiritus‚
218 4173 290 4244 quod
305 4185 345 4227 est
356 4172 466 4228 verbum
480 4171 532 4227 Dei
545 4172 655 4247 (Ephes.
667 4188 704 4240 vr,
722 4174 777 4242 l'll.
834 4189 879 4231 mo
896 4171 1005 4236 multus,
1017 4181 1045 4227 et
1063 4169 1168 4226 lrnotus
1181 4167 1284 4234 nullum
1301 4169 1500 4242 interregni-ie,
1517 4177 1637 4227 etertus'

82 4279 104 4320 u
130 4274 279 4319 manumet
301 4262 437 4318 brachium
459 4265 582 4318 dextrum
613 4262 779 4319 infaciendo
836 4262 919 4332 levis,
935 4259 1204 4332 ingensanesoritrs,
1223 4267 1251 4312 et
1278 4265 1379 4314 nutans
1407 4258 1547 4318 stabilitas.
1573 4263 1628 4316 Ad-

82 4369 121 4409 tm
143 4353 169 4407 in
187 4350 352 4417 nationibus,
367 4348 563 4422 increpationes
580 4351 607 4405 in
617 4352 733 4423 populis,
750 4352 776 4406 in

82 4442 111 4497 io
139 4457 220 4513 reges
250 4455 341 4496 eorum
371 4439 599 4511 incomporlibus,
632 4440 777 4498 etuobiies

102 4529 127 4583 in
144 4528 255 4584 manicis
271 4526 375 4583 ferreis.
410 4527 437 4582 Si
452 4527 510 4584 haec
524 4526 600 4594 lacis,
616 4527 777 4585 honorificas

82 4618 159 4675 rrium
172 4627 259 4685 tunm,
279 4626 305 4672 et
320 4615 493 4672 ministerium
510 4626 544 4672 te.
559 4616 619 4673 Nou
633 4617 776 4674 mediocris

83 4707 238 4781 rincipatus.
255 4706 401 4761 Exturhare
424 4699 473 4760 est
486 4707 538 4760 hoc
551 4707 635 4760 malos
647 4707 744 4762 bestias
760 4720 777 4760 o

82 4798 103 4853 is
121 4797 188 4863 tuis,
208 4810 261 4868 quo
278 4811 377 4870 greges
400 4794 437 4849 tui
452 4794 540 4849 securi
555 4793 581 4848 in
596 4809 696 4866 pascua
710 4795 776 4849 odu-

91 4884 222 4940 Domnbis
235 4886 325 4957 lupos,
342 4887 389 4940 sed
405 4886 501 4942 ovibus
513 4901 566 4941 non
581 4885 773 4940 dominaberis.

82 4974 124 5029 ias
139 4974 239 5044 utique,
251 4992 305 5030 non
319 4976 479 5047 premendos
494 4973 645 5047 sucepsisti.
662 4973 690 5028 Si
705 4973 775 5028 beno

82 5064 153 5121 erasti
180 5064 241 5136 quis
263 5066 310 5131 sis,
339 5066 399 5120 haec
424 5073 449 5121 te
471 5075 597 5137 oportere
612 5067 697 5119 tacere
721 5077 775 5118 non

82 5172 97 5208 ι.
113 5152 197 5209 Porro
214 5152 309 5207 scienti
326 5160 353 5205 ot
367 5168 420 5209 non
436 5152 553 5217 facienti,
576 5160 711 5223 precntum
735 5163 774 5207 est

82 5241 164 5301 'scobi
178 5257 215 5308 rr,
251 5241 307 5311 tt).
324 5242 384 5295 Non
403 5256 433 5295 os
466 5243 566 5296 oblitus
589 5241 634 5295 ubi
649 5240 748 5316 legeris
764 5258 772 5294 ε

82 5331 592 5407 ,eciemooiurrtotemdommissus'.et
602 5347 659 5387 nors
667 5332 774 5402 faciens

82 5423 109 5483 d.
123 5422 233 5495 diposui,
247 5422 340 5493 plupis
356 5420 500 5493 vapulabit
514 5419 615 5476 nouitio
629 5419 706 5492 (Luta.
722 5435 772 5492 su,

82 5512 264 5584 ,cProphetm
289 5509 327 5566 sic
355 5508 476 5580 Apostoli
494 5507 657 5565 incumbant.
681 5509 774 5568 Fortes

834 4351 905 4410 moui
922 4349 1062 4420 speculum
1075 4365 1081 4402 :
1093 4346 1182 4405 loedns
1195 4361 1225 4401 se
1240 4346 1266 4400 in
1286 4361 1318 4402 eo
1334 4348 1425 4404 uultus
1438 4359 1585 4421 agnoscat:
1598 4351 1627 4406 ln

835 4450 909 4497 tuum
926 4438 1014 4513 gaude
1038 4428 1199 4493 dissimilem
1227 4435 1351 4492 inueniri.
1368 4437 1472 4509 inspice
1496 4449 1584 4497 temen
1603 4449 1628 4496 et

833 4538 872 4601 tu,
888 4545 922 4585 ne
938 4528 1016 4594 lortr,
1033 4526 1085 4581 etsi
1101 4526 1135 4581 sit
1151 4525 1328 4582 undemerito
1349 4527 1457 4596 placens
1472 4528 1531 4599 tibi,
1541 4530 1626 4586 etiam

832 4620 930 4691 inquo
948 4617 1047 4672 debeas
1070 4615 1222 4687 displicere,
1242 4629 1296 4669 non
1323 4613 1405 4672 dreit.
1420 4615 1488 4672 Volo
1503 4616 1627 4688 glorieris

831 4707 985 4765 testimonio
999 4705 1171 4763 conscientie
1187 4714 1251 4769 tna,
1264 4703 1374 4759 sednon
1390 4703 1478 4761 minus
1489 4719 1518 4758 ut
1531 4705 1625 4761 eodem

832 4799 893 4868 ipso
909 4795 1155 4853 tumnensium
1170 4807 1234 4860 ros,
1252 4792 1329 4849 rt'ittt
1342 4791 1416 4850 nsilts‘
1429 4796 1555 4852 conscius
1564 4812 1626 4852 stem

831 4888 858 4955 (l
871 4888 932 4944 Cor.
953 4901 994 4950 ru,
1011 4881 1172 4943 licentior
1192 4880 1216 4934 in
1235 4880 1311 4935 torris
1327 4880 1459 4945 ambulas,
1474 4882 1497 4936 si
1513 4892 1540 4938 et
1559 4882 1626 4938 urnis

832 4992 884 5032 non
897 4977 1010 5030 lateant.
1018 4970 1212 5039 Quamobrem,
1221 4981 1250 5023 nt
1261 4970 1326 5038 oiri,
1338 4970 1446 5024 noveris
1467 4978 1502 5034 to,
1520 4979 1549 5026 ut
1560 4971 1626 5028 inter

830 5081 862 5119 au
871 5062 976 5136 gustias
992 5075 1051 5131 quae
1064 5073 1118 5113 non
1128 5057 1235 5121 dosunt,
1247 5057 1347 5111 lrunris
1355 5058 1528 5114 conscientiae
1539 5059 1625 5126 bono;

833 5152 920 5224 magis
943 5158 1031 5204 autom
1050 5158 1079 5202 ut
1098 5145 1166 5200 seins
1190 5147 1252 5217 quid
1270 5145 1338 5199 rlrsit
1353 5146 1410 5200 tibi.
1431 5147 1497 5202 Nam
1513 5148 1557 5204 cni
1571 5165 1624 5206 non

829 5241 926 5298 dte-it‘?
941 5237 1038 5296 Omnia
1058 5235 1096 5292 illi
1114 5237 1223 5302 (lerunt,
1239 5233 1284 5305 qui
1301 5233 1365 5289 nihil
1384 5235 1434 5289 sibi
1449 5236 1528 5293 desse
1541 5247 1625 5308 putot.

831 5332 902 5401 Quid
918 5331 941 5386 si
960 5341 1083 5384 summus
1110 5323 1231 5380 l‘ontiics
1247 5325 1306 5379 sis?
1322 5325 1458 5395 Nurnquid
1472 5326 1535 5394 quia
1550 5343 1627 5384 sum-

833 5438 895 5478 mus
907 5418 1040 5484 Pontifex,
1051 5417 1111 5472 ideo
1125 5429 1248 5471 summus
1261 5414 1276 5468 ‘i
1291 5413 1416 5468 infimum
1427 5413 1501 5472 noris
1517 5431 1588 5485 esse,
1605 5417 1628 5475 si

831 5529 865 5568 su
875 5527 978 5568 minum
994 5516 1082 5582 putas.
1099 5506 1165 5578 Quis
1176 5502 1321 5562 summus?
1332 5501 1382 5560 Cui
1395 5504 1458 5560 eddi
1470 5518 1525 5562 non
1534 5511 1631 5579 possit.
