3728 5940
87 222 141 284 5011

847 212 1026 279 1111810111.

1688 222 1743 290 510

88 364 169 422 quem
185 344 265 404 talem
288 345 369 404 sciret
383 344 446 419 (nee
459 345 532 403 euim
554 351 660 420 poterat
682 343 796 417 nescire,
821 358 884 400 eum
901 357 925 438 fl
941 354 1068 419 prompm
1096 354 1139 405 est
1168 347 1246 407 vonis
1276 345 1458 423 insipientiam
1483 364 1569 409 meam
1597 351 1742 428 eordperm

88 445 171 495 notus
186 445 257 493 esset
275 453 307 493 ex
324 435 418 512 longo)
441 436 514 507 prior
532 444 706 507 promoveret
728 442 755 491 et
777 434 805 490 in
824 433 885 491 loco

90 528 133 585 cui
148 529 206 600 ipse
221 526 364 597 praefuerat
377 525 510 582 tuinime
523 541 575 600 ego
589 526 630 583 vel
647 525 762 583 tenuiter
771 522 891 594 suspicer

91 617 158 672 illud
177 617 272 673 detali
292 617 361 681 viro,
384 623 412 670 et
435 625 508 672 tanto
530 624 650 671 amatore
674 612 835 670 honestatis.
858 611 892 685 11(

92 706 202 781 quidem
213 707 257 777 qui
270 705 402 776 promovit
417 705 475 777 ipse
485 715 512 760 et
520 705 619 760 amovit
630 724 637 772 ;
649 719 703 760 non
712 700 889 778 negaverim:

91 814 143 870 qna
167 796 270 852 ratione
292 796 343 851 hoc
366 793 461 849 fecerit
488 793 590 850 viderit
615 793 684 864 ipse.
709 792 776 848 Nam
800 788 891 844 multis

93 885 262 957 displicuisse
281 883 380 940 factum
408 882 592 957 cognoscitur,
612 896 712 952 nempe
736 895 787 937 nec
805 878 892 934 ratio·

93 991 165 1045 nem,
182 991 232 1032 nee
246 973 379 1041 ordinem,
395 988 443 1028 nec
456 972 681 1029 consuetudinem
693 970 721 1025 in
736 969 795 1043 ejus
812 983 887 1024 amo·

95 1065 167 1123 cone
181 1062 362 1121 cernentibus.
378 1061 493 1117 'lantum
507 1061 731 1132 archiepiscopus
740 1057 887 1124 sicvolnit3

95 1161 123 1209 et
141 1169 175 1209 ne
197 1155 419 1208 contristaremus
438 1166 512 1221 eum,
536 1157 630 1208 nostro
652 1153 760 1207 hortatu
788 1148 837 1204 iste
862 1147 890 1202 iu

96 1257 162 1315 pace
176 1242 268 1308 cessit,
284 1248 310 1296 et
329 1239 403 1295 dedit
421 1238 508 1296 locum
531 1237 589 1294 irae.

131 1333 158 1387 1.
181 1328 271 1387 Unum
293 1327 355 1386 dico
381 1346 388 1384 ι
417 1344 452 1383 ex
477 1343 532 1398 quo
555 1327 588 1382 ad
612 1340 663 1382 nos
684 1324 794 1381 intravit
816 1321 892 1394 (stt)

94 1419 175 1493 (sicut
190 1416 372 1474 testimonium
395 1415 476 1471 habet
493 1417 528 1471 ab
551 1414 698 1485 omnihus),
722 1413 789 1470 nihil
810 1413 837 1467 in
861 1425 894 1468 eo

95 1508 168 1580 quod
184 1504 347 1579 promotioni
363 1503 426 1561 huic
442 1503 566 1561 obviaret
579 1509 749 1574 compertum
768 1507 819 1556 εει.
832 1497 896 1555 Sine

94 1598 205 1669 querela
222 1603 395 1652 conversatus
417 1602 469 1650 est.
494 1595 590 1648 adhue
614 1607 668 1649 non
693 1592 768 1647 deest
792 1585 932 1683 hominia

94 1688 242 1743 litteratura
256 1698 420 1758 congruens,
436 1697 488 1738 non
511 1681 642 1747 doctrina,
657 1695 712 1736 non
735 1678 889 1743 affabilitas,

94 1791 149 1832 non
164 1774 251 1848 gratia
274 1774 300 1827 in
325 1772 398 1828 vultu
423 1779 451 1827 et
471 1785 607 1827 sermone.
625 1770 677 1826 Sed
699 1776 827 1838 suspecta
849 1774 891 1822 est

95 1866 174 1921 vobis
190 1862 308 1918 brevitas
323 1860 453 1930 temporis
475 1860 548 1931 quod
563 1859 703 1915 nobiscum
718 1857 769 1914 fuit
786 1876 793 1912 t
808 1856 892 1911 fateor

94 1952 211 2007 etmihi.
228 1948 362 2004 Fortassis
384 1948 454 2004 bene
477 1949 557 2005 faciet
578 1946 713 2004 :fortasis
734 1946 816 2001 male.
833 1945 889 2001 Vo-

97 2055 158 2096 reor
172 2040 261 2095 omnia
271 2053 352 2109 opera
367 2053 437 2108 mea,
450 2048 477 2093 et
491 2036 564 2110 quod
579 2051 677 2110 operor
691 2050 746 2092 non
760 2034 889 2105 intelligo.

96 2129 175 2186 Unde
188 2137 278 2185 certus
306 2142 359 2182 non
386 2143 447 2181 sum
469 2135 572 2183 certum
596 2140 644 2183 vos
672 2126 759 2181 facere
783 2124 893 2179 minime

96 2234 217 2291 possum.
235 2217 397 2272 factumest
412 2233 419 2281 ·,
432 2224 458 2271 et
472 2216 546 2288 quod
560 2215 660 2273 facturn
674 2223 726 2283 est,
740 2229 794 2269 non
805 2223 894 2286 potest

96 2324 151 2364 non
165 2305 231 2363 lieri.
245 2305 273 2360 Si
283 2306 415 2377 propheta
428 2305 548 2370 fuissem,
562 2320 616 2360 non
628 2302 751 2376 profecto
765 2302 894 2358 fecissem

95 2397 168 2452 trude
182 2395 296 2452 amicum
310 2394 486 2464 offenderem,
499 2404 620 2452 sanetum
632 2394 776 2462 turbarem,
788 2394 894 2464 episco-

97 2501 162 2559 pum
178 2484 396 2542 scandalizarem.
413 2483 483 2552 Quid
503 2484 583 2541 vultis
607 2493 638 2540 ut
660 2482 779 2539 faciam?
794 2484 833 2538 sie
852 2479 895 2536 fa·

96 2584 169 2632 ctum
181 2584 222 2632 est
241 2573 287 2630 tali
302 2573 470 2639 necessitate,
488 2573 586 2644 talique
610 2572 714 2627 ordine.

133 2668 160 2722 5.
180 2666 243 2721 Haec
257 2663 394 2721 excusatio
414 2678 485 2718 mea.
502 2661 532 2718 Si
546 2660 645 2717 suffieit
660 2660 773 2716 tollatur
791 2658 827 2714 de
840 2673 897 2714 me·

98 2754 143 2810 dio
157 2753 316 2811 scandalum
344 2751 394 2808 :si
418 2751 517 2818 minus,
545 2766 598 2822 ego
622 2748 755 2821 judicium
778 2755 898 2821 portem,

99 2843 173 2918 quod
194 2850 220 2897 et
239 2841 317 2915 quale
332 2838 516 2897 decreveritis.
531 2840 602 2894 Nam
620 2837 643 2895 si
662 2839 736 2909 qnod
751 2836 894 2909 aedificavi,

946 443 1002 503 aut,
1019 435 1042 493 si
1055 435 1108 494 hoc
1128 436 1240 510 dignius
1252 438 1391 510 judicatis,
1407 439 1492 495 etiarn
1513 450 1541 496 ει
1554 441 1661 512 punire.
1675 444 1743 502 Dico

946 533 1044 592 maren,
1061 526 1085 581 si
1099 528 1153 596 pie,
1173 527 1197 582 si
1213 528 1358 584 christiane
1374 543 1480 584 mecum
1497 529 1598 604 agitur,
1618 530 1745 603 corripiet

946 631 989 672 me
1000 615 1092 685 justus
1105 615 1133 671 in
1147 616 1333 673 misericordia
1344 627 1370 675 et
1381 617 1528 689 increpabit
1541 634 1595 685 me,
1603 635 1656 676 non
1667 620 1694 676 in
1704 619 1744 676 ira

946 704 1017 775 apud
1031 704 1100 759 alios
1122 702 1281 761 diffamabit.
1307 708 1419 764 Habetis
1442 707 1556 764 formam
1576 724 1665 765 meam
1688 710 1743 777 hie,

946 792 999 849 nisi
1014 801 1040 848 et
1054 794 1105 850 boe
1120 793 1300 868 indignamini
1315 797 1496 868 presentibus
1510 798 1615 855 litteris.
1640 800 1746 871 Nempe

946 889 1084 954 comperta
1098 899 1146 954 per
1160 884 1238 950 alios,
1260 892 1287 940 et
1306 899 1360 942 non
1381 901 1431 959 per
1452 903 1503 942 vos
1517 897 1607 944 vestra
1621 888 1745 961 indigna·

945 969 1031 1039 tione,
1056 981 1165 1029 cantum
1188 973 1268 1029 habui
1297 990 1352 1030 non
1379 977 1532 1046 rependere
1553 976 1638 1033 vicem
1665 995 1672 1033 :
1698 977 1746 1034 sed

943 1076 1006 1117 mox
1020 1061 1096 1119 vohis
1110 1064 1144 1118 de
1166 1062 1244 1119 vobis
1261 1078 1311 1135 per
1327 1065 1472 1134 praesentia
1494 1064 1593 1136 scripta
1606 1063 1744 1138 conqueri.

943 1150 983 1205 De
995 1157 1093 1206 caetero
1107 1150 1266 1207 benedictus
1279 1152 1363 1222 Deus,
1379 1154 1424 1224 qui
1439 1161 1465 1209 et
1477 1156 1528 1210 hoc
1541 1155 1613 1226 quod
1623 1154 1746 1220 dederat,

947 1246 974 1295 et
988 1239 1090 1312 dequo
1106 1239 1171 1295 milii
1186 1239 1253 1297 forte
1268 1239 1474 1299 immoderatius
1488 1242 1658 1313 blandiebar,
1671 1243 1745 1299 sola·

948 1327 1025 1395 tium,
1040 1337 1103 1384 ante
1127 1331 1226 1385 exitum
1242 1329 1328 1386 tulit:
1353 1342 1472 1390 vestram
1488 1332 1592 1389 scilicet
1605 1343 1632 1390 ει
1646 1329 1749 1390 domini

948 1416 1002 1472 mei
1017 1416 1131 1491 gratiam
1145 1416 1233 1488 (815),
1253 1428 1283 1475 ut
1305 1420 1348 1476 tel
1375 1421 1486 1493 proprio
1501 1421 1685 1493 experimento
1708 1419 1749 1476 di·

950 1521 1033 1575 scam,
1050 1522 1103 1562 non
1119 1521 1220 1576 ponere
1239 1523 1316 1578 spem
1338 1523 1425 1563 meam
1439 1509 1466 1563 in
1486 1509 1603 1567 homine.

1093 1601 1177 1659 aas
1198 1603 1366 1662 nrisuoua
1395 1605 1508 1663 ccevn
1533 1607 1617 1679 (sic).

1254 1727 1291 1768 ΑΙ)
1315 1727 1443 1770 Bambala.

947 1809 1144 1865 Belvacensem
1173 1808 1335 1881 episcopum
1348 1814 1450 1867 contro
1463 1812 1597 1869 sinistros
1621 1829 1748 1871 rurnorcs

984 1883 1093 1936 tuetur.
1103 1879 1384 1937 Valetudiacmsuarn
1395 1887 1520 1940 extreme
1528 1884 1750 1953 afflictamindi·

983 1954 1052 2007 eat:
1070 1952 1181 2023 etquid
1196 1951 1588 2026 archiepiscopatupduucusi
1602 1956 1748 2012 occiderit.

984 2043 1010 2096 1.
1027 2039 1133 2095 Festino
1158 2041 1207 2097 ista
1234 2039 1319 2106 dicto,
1335 2047 1361 2096 et
1390 2043 1425 2098 ob
1441 2045 1492 2100 hoc
1518 2043 1608 2100 minus
1629 2042 1748 2102 festive:

947 2129 1080 2202 siquidem
1099 2129 1187 2186 viator
1206 2131 1320 2188 transire
1336 2131 1469 2189 festinans
1483 2145 1574 2209 urget.
1598 2134 1653 2192 lies
1667 2136 1744 2204 mira,

947 2219 1092 2292 sedmagis
1114 2220 1184 2276 laeta.
1208 2220 1302 2277 Frater
1317 2221 1352 2277 G.
1382 2222 1542 2279 Fulcherins
1572 2240 1634 2278 eum
1656 2222 1751 2281 litteris

946 2308 1049 2364 domini
1070 2308 1123 2364 mei
1140 2307 1241 2378 pariter
1256 2317 1283 2364 ει
1296 2308 1407 2374 uestris,
1425 2310 1561 2383 simulque
1573 2312 1750 2379 praesentium

948 2396 1019 2453 lator
1033 2395 1205 2468 peregrinus,
1221 2411 1276 2452 uno
1292 2412 1361 2466 pene
1377 2407 1514 2455 momento
1528 2398 1750 2462 sciueruntbeo

951 2485 989 2540 ita
1012 2485 1073 2540 sine
1095 2484 1177 2541 dubio
1201 2485 1372 2556 providente,
1395 2496 1426 2542 ut
1454 2487 1580 2544 haberem
1606 2504 1752 2561 perquem

950 2573 1112 2630 festinanter
1130 2573 1307 2630 rescriberem
1328 2576 1421 2647 :quod
1437 2577 1529 2650 utique
1553 2578 1672 2651 cupienti
1685 2578 1752 2635 mihi

950 2679 1004 2721 non
1017 2671 1122 2737 poterat
1145 2664 1211 2721 satis
1225 2679 1283 2719 esse
1298 2662 1438 2720 festinum.
1454 2666 1520 2724 Inde
1539 2675 1580 2724 est
1599 2667 1673 2740 quod
1691 2669 1750 2726 haeo

951 2752 980 2809 in
994 2751 1149 2810 infirmitate
1161 2768 1221 2809 mea
1235 2752 1294 2823 ipse
1315 2752 1424 2824 dictavi,
1440 2757 1514 2826 qnod
1530 2771 1583 2811 non
1596 2765 1669 2812 esset
1683 2768 1748 2814 tnnc

950 2843 1065 2899 altered
1089 2857 1210 2902 manum.
1230 2843 1271 2898 De
1287 2841 1400 2899 domino
1416 2843 1572 2901 belvacensi
1587 2845 1663 2918 (817)
1677 2845 1751 2917 quod

99 2943 154 2989 tam
168 2932 222 2988 cito
241 2931 338 2987 iterum
363 2930 509 2997 destruam,
523 2944 619 3000 grave3
646 2927 698 2983 nisi
725 2928 795 2984 forte
814 2943 895 2984 causa
911 2928 933 3007 c
947 2931 1064 3003 primum
1084 2929 1210 3004 poscitis,
1235 2931 1352 3003 primum
1375 2931 1412 2988 ita
1429 2932 1590 3002 respondeo.
1611 2932 1659 2989 Sui
1680 2932 1753 3003 juris

97 3020 264 3080 conveniens
293 3019 450 3091 supervenit
481 3035 487 3074 :
517 3018 589 3090 quod
619 3016 738 3074 fortasse
766 3032 897 3090 processu

98 3111 227 3182 temporis
237 3107 359 3165 accidere
367 3111 466 3181 potest.
480 3106 509 3163 si
522 3107 604 3163 vultis
623 3121 671 3162 vos
685 3121 810 3164 amovere
823 3122 896 3172 eum,

102 3208 260 3270 potestatem
282 3197 397 3261 habetis.
423 3196 483 3251 Non
503 3195 615 3264 obsisto,
641 3210 695 3250 non
719 3209 762 3251 me
788 3209 897 3268 oppono

101 3290 221 3346 torrenti.
241 3289 337 3360 lnique
352 3302 406 3343 non
432 3285 486 3358 egi.
512 3286 540 3341 Si
563 3284 721 3357 insipienter
744 3284 848 3352 videor,
868 3284 897 3340 in

136 3405 212 3474 (811)
235 3406 294 3469 Epo
313 3404 406 3460 relicta
422 3403 542 3460 liievalle
559 3409 712 3459 accesserat
726 3403 759 3458 ad
774 3403 898 3459 claram·

101 3477 218 3531 Vallem.
234 3476 312 3542 Quod
341 3477 465 3531 subditur
488 3476 522 3530 de
546 3475 606 3544 ejus
627 3474 785 3539 litteratura,
801 3475 898 3556 probat

103 3548 177 3603 Serio
192 3547 234 3601 his
257 3547 364 3602 verbis:
394 3567 405 3597 ι
422 3548 510 3602 Homo
523 3545 551 3599 in
570 3545 718 3616 Scripturis
740 3561 824 3600 saeris
844 3561 898 3603 riou

101 3618 273 3673 mediocriter
292 3617 424 3684 eruditus,
438 3627 465 3672 et
491 3616 520 3670 in
534 3616 688 3671 liberalibus
702 3616 805 3671 artibus
819 3615 899 3673 suffi-

103 3692 205 3746 cienler
219 3689 339 3742 esiodus.
360 3708 370 3734 n

138 3759 214 3829 (815)
229 3757 470 3828 Nerhpe'Engenii.
498 3756 537 3810 Ita
555 3755 704 3811 Innoeernii
719 3755 744 3808 ΙΙ
765 3755 900 3812 offensam

104 3829 252 3886 incurrerat
265 3829 418 3883 Bernardus
436 3842 499 3883 vera
512 3826 614 3891 dicens,
636 3841 668 3881 ex
692 3825 807 3896 epistola
826 3832 898 3894 2183

103 3902 172 3957 adeo
184 3914 351 3957 summorum
376 3898 639 3968 hominuntgratiam
654 3897 770 3953 retinere
789 3897 902 3954 difficile

104 3983 157 4042 est,
186 3973 359 4097 qualntumvis
391 3971 462 4027 hene
495 3968 607 4036 meritis,
637 3968 703 4024 eitra
729 3968 903 4042 dispendium

104 4046 225 4099 veritatis

140 4117 215 4189 (815)
233 4115 339 4186 Scripta
354 4129 425 4170 anno
443 4111 543 4169 Christi
559 4114 638 4169 1153.

952 3027 994 3075 εει
1011 3037 1017 3074 :
1036 3019 1162 3090 jamnon
1188 3018 1271 3074 estin
1297 3035 1356 3076 mea
1370 3026 1514 3091 potestate,
1530 3019 1578 3077 sed
1593 3021 1620 3075 in
1645 3019 1752 3077 civitate

951 3107 1008 3164 vita
1030 3107 1091 3178 ejus
1105 3116 1132 3162 et
1153 3108 1335 3164 conversatio.
1357 3107 1386 3164 Si
1400 3123 1481 3165 secus
1494 3124 1574 3180 quam
1600 3108 1692 3173 debet,
1707 3107 1751 3164 vel

951 3200 1029 3254 decet
1043 3195 1177 3253 interdum
1192 3196 1257 3272 agit,
1278 3197 1371 3254 dolere
1390 3212 1516 3269 possum;
1534 3197 1584 3255 sed
1606 3196 1753 3254 emendare

951 3294 1032 3358 prout
1059 3286 1122 3342 volo
1151 3301 1205 3342 non
1242 3288 1328 3343 valeo.
1355 3288 1548 3345 Verumtamen
1580 3285 1653 3358 quod
1675 3285 1753 3343 robis

951 3400 1051 3458 invitus
1079 3401 1167 3473 primo
1209 3403 1397 3475 episcopatum
1435 3403 1596 3476 susceperit,
1635 3403 1753 3459 ostendit

952 3473 1061 3543 scriptis
1074 3473 1108 3528 ad
1131 3473 1251 3531 diversos
1279 3475 1403 3546 epistolis
1425 3468 1487 3531 itud
1496 3485 1523 3531 ει
1535 3474 1588 3546 1ρεί
1617 3475 1753 3532 Bernardo

953 3555 1120 3616 praematura
1138 3546 1273 3606 pronuntio
1293 3562 1347 3602 non
1361 3556 1404 3603 est
1421 3546 1479 3601 risa
1504 3562 1599 3602 carere
1613 3547 1752 3616 scrupulo,

953 3624 984 3671 ut
998 3616 1111 3685 proinde
1125 3617 1237 3673 Petrum
1252 3618 1373 3673 abbatem
1388 3619 1593 3674 cluniacensem
1609 3620 1754 3674 consulen-

954 3687 1020 3741 dum
1036 3687 1177 3753 putaverit,
1200 3692 1238 3743 uti
1259 3688 1349 3746 videre
1364 3699 1405 3745 est
1419 3688 1490 3761 apud
1505 3691 1643 3758 eumdem,
1661 3688 1753 3746 libriv

955 3756 1071 3825 epistola
1091 3761 1117 3822 8,
1146 3773 1225 3829 quarn
1252 3760 1322 3813 vide.
1349 3759 1438 3828 ipsius
1469 3760 1580 3816 Henrioi
1608 3760 1752 3831 epistolam

954 3828 1069 3897 sugerio
1097 3827 1187 3882 abbati
1217 3828 1445 3901 Sancti-Dionysii
1475 3832 1613 3902 scriptam,
1638 3830 1698 3887 vide
1723 3831 1751 3886 in

956 3898 1045 3954 Gallia
1065 3898 1218 3955 Cluriatiana
1232 3900 1260 3953 in
1282 3902 1418 3969 episcopis
1441 3901 1658 3958 Belvacensibus.
1675 3902 1753 3957 Alte·

956 3984 1012 4024 ram
1028 3968 1062 4023 ad
1076 3968 1178 4024 dietum
1192 3970 1318 4025 abbatem
1332 3970 1539 4027 cluniacensem
1554 3972 1598 4027 hie
1611 3973 1660 4026 tibi
1674 3973 1752 4028 exhi-

955 4040 1072 4095 bendam
1101 4040 1297 4109 duximus,vel
1325 4042 1400 4113 quod
1429 4041 1602 4112 suspicemur
1628 4044 1662 4097 ab
1690 4046 1755 4106 ipso

956 4112 1091 4168 bernardo
1114 4111 1249 4178 dictatam,
1265 4113 1307 4167 vel
1334 4124 1408 4168 certe
1435 4113 1470 4168 ad
1488 4112 1664 4168 imitationem
1689 4115 1753 4170 Ber·

139 4189 215 4259 (817)
229 4187 373 4252 Hannone,
386 4184 514 4241 ludovici
531 4182 620 4240 crassi
634 4181 716 4251 filins,
731 4192 757 4238 et
768 4181 900 4239 Ludovici
918 4172 1034 4249 Bnardi
1058 4184 1245 4250 compositam.
1275 4183 1352 4240 Prius
1381 4183 1453 4241 enirn
1481 4199 1536 4240 non
1561 4183 1753 4258 improbabile,

106 4259 120 4312 J
124 4260 227 4314 uniaris
241 4258 315 4331 regis
333 4257 485 4313 Galliarum
499 4256 591 4324 frater,
607 4255 750 4380 effisoopus
759 4252 904 4311 Belvacen-

105 4330 152 4396 sis,
173 4330 253 4399 male,
277 4330 317 4383 nti
340 4329 534 4401 hincapparet,
558 4343 613 4399 apu
655 4326 810 4383 Pontificem
825 4327 902 4382 adiit.

105 4401 181 4458 Unde
201 4401 345 4472 respondet
364 4400 528 4464 heruardus,
556 4414 586 4455 se
615 4398 649 4453 de
673 4398 734 4469 ejus
757 4398 861 4468 erratis,
878 4398 902 4453 si

105 4489 166 4544 qnae
182 4472 245 4538 sint,
261 4472 352 4528 dolere
368 4488 450 4545 posse
467 4492 477 4540 ,·
493 4469 649 4539 emendare,
664 4476 745 4542 prout
758 4469 832 4534 velit,
848 4485 901 4525 non

104 4545 195 4600 valere
217 4561 223 4597 ι
248 4543 394 4614 malletque
411 4542 564 4599 Bernartius
587 4541 678 4612 ipsum
706 4541 793 4610 potius
808 4541 902 4596 Ponti-

105 4615 182 4672 dcem
197 4615 246 4670 has
260 4615 320 4683 ejus
332 4613 484 4686 corrigendi
507 4622 598 4686 partes
612 4613 664 4668 sibi
683 4612 842 4683 sumpsisse,
875 4620 902 4670 et

106 4688 222 4745 fraterne
237 4703 299 4741 eum
315 4702 426 4742 monere
442 4701 522 4755 snper
538 4687 589 4753 his,
609 4699 671 4754 quae
686 4683 719 4740 de
733 4699 767 4741 eo
788 4683 900 4740 audive-

105 4768 154 4816 rat.
172 4761 256 4815 l'orro
272 4758 306 4813 de
332 4757 483 4828 repentina,
508 4757 554 4814 sed
574 4771 589 4811 a
614 4755 753 4811 Bernardo
775 4754 899 4826 praevisa,

105 4833 164 4900 ejus
182 4830 216 4884 ad
231 4830 389 4905 religiosum
404 4837 504 4886 statum
532 4827 718 4898 conversione,
738 4827 798 4900 lege
812 4826 901 4881 Vitam

106 4903 135 4957 S.
149 4901 289 4965 Bernardi,
305 4900 354 4955 lib.
369 4916 408 4967 iv,
425 4917 484 4973 cap.
500 4904 527 4967 3,
542 4915 622 4971 quam
646 4913 696 4952 nos
708 4897 794 4953 secuti
818 4898 900 4954 Baro·

106 4973 190 5040 nium,
206 4972 233 5026 in
257 4972 439 5045 chronologia
466 4973 499 5027 ad
523 4986 623 5028 annum
652 4971 720 5024 1119
749 4967 899 5037 retulimus,

107 5059 168 5098 eum
184 5056 216 5096 eo
241 5057 312 5098 anno
335 5042 434 5099 factum
462 5044 621 5115 episcopum
640 5040 832 5097 Belvacensem
855 5039 899 5096 vi-

106 5116 201 5171 deatur
220 5113 320 5170 certior
334 5114 463 5185 temporis
483 5124 546 5172 uota
572 5112 743 5182 convincere,
762 5111 802 5168 nti
822 5113 900 5168 Jaco-

106 5189 157 5242 bus
172 5185 333 5241 Sirmnndus
347 5186 380 5240 ad
395 5185 530 5258 Epistulas
548 5184 618 5241 Petri
633 5182 765 5241 Cellensis
779 5200 810 5239 er
827 5183 899 5254 Sup-

106 5262 245 5332 plemenlu
260 5257 392 5329 Siqeberti
408 5265 491 5323 namt,
508 5258 555 5311 lib.
573 5273 591 5321 r,
607 5255 686 5328 epist
707 5259 752 5313 st.
776 5253 830 5312 Sed
843 5255 899 5311 lon·

107 5333 169 5405 gius
198 5348 213 5386 a
232 5345 298 5385 vero
314 5329 413 5384 recedit
428 5329 530 5385 notatio
545 5327 603 5382 initi
619 5326 789 5399 episcopatus
803 5327 901 5383 helva-

107 5405 195 5459 censis
214 5404 247 5460 ab
263 5400 412 5467 Henriquez
427 5403 453 5456 in
479 5398 633 5480 hlonologio
646 5414 679 5454 ex
690 5398 794 5455 loanne
809 5399 902 5456 chenu

110 5479 189 5532 relata
218 5477 252 5532 ad
281 5490 380 5529 annum
411 5475 498 5528 1151.
529 5475 653 5541 Denique
678 5470 713 5527 ad
739 5471 901 5528 Remensem

108 5549 260 5603 cathedram
281 5556 390 5601 evectus
410 5556 452 5601 est
478 5559 548 5601 anno
562 5545 640 5600 1163.
669 5544 801 5601 Caeterum
821 5558 900 5617 quum

958 4270 1021 4310 cum
1036 4269 1090 4310 non
1118 4255 1200 4310 fuerit
1219 4255 1355 4312 Bernardo
1371 4256 1499 4323 insolens,
1532 4255 1657 4329 aliorum,
1673 4258 1755 4314 etiarn

959 4326 1159 4399 episcoporum,
1176 4328 1286 4382 nomine
1310 4328 1373 4384 dare
1388 4327 1488 4386 litteras
1503 4344 1510 4382 :
1527 4344 1639 4400 quarum
1662 4331 1755 4401 plures

956 4398 1088 4455 habemus
1110 4398 1179 4454 inter
1206 4399 1301 4457 editas.
1326 4399 1355 4455 Si
1378 4399 1405 4454 id
1433 4399 1536 4465 minus,
1566 4401 1678 4457 alterum
1711 4417 1755 4458 res

957 4469 1016 4538 ipsa
1042 4469 1195 4527 convincet.
1224 4470 1324 4527 confer
1341 4471 1445 4527 initium
1475 4488 1537 4527 cum
1564 4472 1678 4538 epistola
1702 4475 1755 4528 236

955 4541 990 4594 ad
1013 4540 1164 4597 cardinales
1179 4543 1213 4597 de
1241 4543 1373 4599 electione
1386 4544 1501 4614 Eugenii
1519 4541 1662 4611 pontilicis.
1679 4543 1755 4600 con·

955 4609 997 4667 fer
1020 4612 1160 4686 sequentia
1190 4627 1251 4669 eum
1276 4614 1390 4686 epistola
1418 4617 1462 4681 16,
1492 4613 1537 4669 ubi
1552 4613 1648 4669 eadem
1670 4615 1754 4669 verbo

955 4690 1042 4740 mnus·

991 4795 1067 4851 later
1078 4798 1172 4866 patres
1188 4792 1470 4856 reverendissimam
1480 4792 1674 4850 interamicor
1690 4792 1754 4850 cha·

954 4865 1067 4924 marimo
1082 4865 1194 4922 domino
1204 4865 1299 4921 Panno
1309 4865 1402 4921 abbati
1418 4864 1652 4922 cluniacensium
1662 4865 1757 4935 frater

954 4937 1163 5003 hantonesire
1184 4937 1312 5009 jubente,
1335 4935 1394 4992 siue
1415 4935 1602 5008 permittente
1624 4937 1688 5002 lieo,
1705 4936 1755 4992 Bel

953 5010 1079 5066 omanem
1093 5007 1353 5080 electuspcipsum,
1365 5008 1426 5064 etsi
1440 5005 1508 5079 quid
1518 5007 1754 5081 ampliuspotcst.

990 5117 1092 5171 Pareat
1107 5113 1181 5170 uobis
1195 5114 1372 5185 omnipotens
1386 5115 1469 5178 Deus,
1490 5113 1557 5184 quid
1573 5117 1615 5170 εει
1628 5113 1702 5186 qued
1714 5113 1755 5185 fe·

953 5185 1059 5243 cistis?
1073 5185 1224 5257 Sepultum
1238 5184 1382 5242 homiuem
1393 5187 1546 5242 revocastis
1560 5185 1597 5240 ad
1615 5183 1753 5251 herniaes,

953 5263 980 5313 ct
994 5259 1111 5315 consilio
1127 5259 1289 5323 castraret
1303 5257 1426 5312 aimium
1447 5255 1590 5313 creditum
1600 5260 1653 5321 eat,
1669 5272 1755 5331 eape-

955 5331 1029 5385 situs
1039 5332 1145 5393 sumet
1153 5329 1292 5454 repositus
1303 5329 1333 5382 in
1345 5327 1471 5383 terribile
1479 5344 1618 5403 curarum
1626 5329 1754 5401 pelopen.-

956 5407 989 5456 ut
1004 5415 1048 5454 me
1062 5401 1171 5457 iterum
1204 5400 1300 5456 oneris·
1327 5399 1450 5456 altitudo
1465 5400 1617 5457 resorbeat.
1634 5400 1753 5472 Nesciet,

955 5475 1055 5529 auimo
1064 5487 1128 5528 rnca
1137 5471 1314 5529 conturbavit
1324 5487 1377 5538 me,
1387 5488 1456 5544 prop
1461 5476 1504 5528 ter
1513 5470 1666 5551 quadripes
1674 5473 1756 5527 dmi·

955 5544 1059 5611 εεεάεὺ,
1074 5558 1144 5617 quur
1162 5545 1273 5616 suscepi
1291 5543 1450 5616 repetendos
1468 5559 1563 5620 crept,
1579 5559 1638 5600 noa
1659 5558 1755 5615 repere
