<?xml version="1.0" encoding="UTF-8"?>
<!DOCTYPE html PUBLIC "-//W3C//DTD XHTML 1.0 Transitional//EN"
    "http://www.w3.org/TR/xhtml1/DTD/xhtml1-transitional.dtd">
<html xmlns="http://www.w3.org/1999/xhtml" xml:lang="en" lang="en">
 <head>
  <title>
</title>
<meta http-equiv="Content-Type" content="text/html;charset=utf-8" />
  <meta name='ocr-system' content='tesseract 3.04.00' />
  <meta name='ocr-capabilities' content='ocr_page ocr_carea ocr_par ocr_line ocrx_word'/>
</head>
<body>
  <div class='ocr_page' id='page_1' title='image "./patrologiaecurs62unkngoog/patrologiaecurs62unkngoog_0201.png"; bbox 0 0 3728 5940; ppageno 0'>
   <div class='ocr_carea' id='block_1_1' title="bbox 100 184 152 248">
    <p class='ocr_par' dir='ltr' id='par_1_1' title="bbox 100 184 152 248">
     <span class='ocr_line' id='line_1_1' title="bbox 100 184 152 248; baseline -0.058 0"><span class='ocrx_word' id='word_1_1' title='bbox 100 184 152 248; x_wconf 82' lang='lat'><strong>383</strong></span> 
     </span>
    </p>
   </div>
   <div class='ocr_carea' id='block_1_2' title="bbox 564 180 1272 250">
    <p class='ocr_par' dir='ltr' id='par_1_2' title="bbox 564 180 1272 250">
     <span class='ocr_line' id='line_1_2' title="bbox 564 180 1272 250; baseline 0.006 -8"><span class='ocrx_word' id='word_1_2' title='bbox 564 183 592 242; x_wconf 86' lang='lat' dir='ltr'><strong>S.</strong></span> <span class='ocrx_word' id='word_1_3' title='bbox 613 180 781 246; x_wconf 76' lang='lat' dir='ltr'><strong>anuntiant</strong></span> <span class='ocrx_word' id='word_1_4' title='bbox 800 180 1272 250; x_wconf 73' lang='grc'>1101150100-1111011010</span> 
     </span>
    </p>
   </div>
   <div class='ocr_carea' id='block_1_3' title="bbox 1689 191 1744 254">
    <p class='ocr_par' dir='ltr' id='par_1_3' title="bbox 1689 191 1744 254">
     <span class='ocr_line' id='line_1_3' title="bbox 1689 191 1744 254; baseline 0 0"><span class='ocrx_word' id='word_1_5' title='bbox 1689 191 1744 254; x_wconf 80' lang='lat' dir='ltr'><strong>act</strong></span> 
     </span>
    </p>
   </div>
   <div class='ocr_carea' id='block_1_4' title="bbox 99 307 1747 403">
    <p class='ocr_par' dir='ltr' id='par_1_4' title="bbox 99 307 1747 403">
     <span class='ocr_line' id='line_1_4' title="bbox 99 307 1747 403; baseline 0.002 -29"><span class='ocrx_word' id='word_1_6' title='bbox 99 330 180 391; x_wconf 89' lang='lat' dir='ltr'><strong>quam</strong></span> <span class='ocrx_word' id='word_1_7' title='bbox 203 313 238 371; x_wconf 89' lang='lat' dir='ltr'><strong>sit</strong></span> <span class='ocrx_word' id='word_1_8' title='bbox 259 309 444 369; x_wconf 89' lang='lat' dir='ltr'><strong>detestandum</strong></span> <span class='ocrx_word' id='word_1_9' title='bbox 467 314 493 364; x_wconf 93' lang='lat' dir='ltr'><strong>et</strong></span> <span class='ocrx_word' id='word_1_10' title='bbox 515 307 679 365; x_wconf 84' lang='lat' dir='ltr'><strong>omnimodis</strong></span> <span class='ocrx_word' id='word_1_11' title='bbox 702 308 893 375; x_wconf 80' lang='lat' dir='ltr'><strong>devitandum,</strong></span> <span class='ocrx_word' id='word_1_12' title='bbox 908 325 932 403; x_wconf 59' lang='lat' dir='ltr'><strong>g</strong></span> <span class='ocrx_word' id='word_1_13' title='bbox 948 309 1017 368; x_wconf 90' lang='lat' dir='ltr'><strong>latus</strong></span> <span class='ocrx_word' id='word_1_14' title='bbox 1041 310 1191 379; x_wconf 89' lang='lat' dir='ltr'><strong>innoxium,</strong></span> <span class='ocrx_word' id='word_1_15' title='bbox 1216 327 1310 369; x_wconf 86' lang='lat' dir='ltr'><strong>rursus</strong></span> <span class='ocrx_word' id='word_1_16' title='bbox 1330 313 1489 369; x_wconf 84' lang='lat' dir='ltr'><strong>vestimenta</strong></span> <span class='ocrx_word' id='word_1_17' title='bbox 1512 312 1643 384; x_wconf 75' lang='lat' dir='ltr'><strong>dividere,</strong></span> <span class='ocrx_word' id='word_1_18' title='bbox 1664 323 1747 392; x_wconf 89' lang='lat' dir='ltr'><strong>atque</strong></span> 
     </span>
    </p>
   </div>
   <div class='ocr_carea' id='block_1_5' title="bbox 99 396 895 1175">
    <p class='ocr_par' dir='ltr' id='par_1_5' title="bbox 99 396 895 1175">
     <span class='ocr_line' id='line_1_5' title="bbox 100 396 893 473; baseline -0.014 -9"><span class='ocrx_word' id='word_1_19' title='bbox 100 404 239 464; x_wconf 87' lang='lat' dir='ltr'><strong>evidenter</strong></span> <span class='ocrx_word' id='word_1_20' title='bbox 265 397 399 473; x_wconf 89' lang='lat' dir='ltr'><strong>quondam</strong></span> <span class='ocrx_word' id='word_1_21' title='bbox 430 396 548 453; x_wconf 79' lang='lat' dir='ltr'><strong>ostendit</strong></span> <span class='ocrx_word' id='word_1_22' title='bbox 572 396 675 454; x_wconf 85' lang='lat' dir='ltr'><strong>famosa</strong></span> <span class='ocrx_word' id='word_1_23' title='bbox 704 403 732 451; x_wconf 92' lang='lat' dir='ltr'><strong>et</strong></span> <span class='ocrx_word' id='word_1_24' title='bbox 760 397 893 453; x_wconf 91' lang='lat' dir='ltr'><strong>horrenda</strong></span> 
     </span>
     <span class='ocr_line' id='line_1_6' title="bbox 100 484 893 558; baseline -0.01 -10"><span class='ocrx_word' id='word_1_25' title='bbox 100 507 173 548; x_wconf 91' lang='lat' dir='ltr'><strong>mors</strong></span> <span class='ocrx_word' id='word_1_26' title='bbox 194 491 314 545; x_wconf 87' lang='lat' dir='ltr'><strong>virorum</strong></span> <span class='ocrx_word' id='word_1_27' title='bbox 337 485 454 552; x_wconf 90' lang='lat' dir='ltr'><strong>illorum,</strong></span> <span class='ocrx_word' id='word_1_28' title='bbox 475 499 544 556; x_wconf 90' lang='lat' dir='ltr'><strong>quos</strong></span> <span class='ocrx_word' id='word_1_29' title='bbox 559 486 593 540; x_wconf 93' lang='grc'><strong>05</strong></span> <span class='ocrx_word' id='word_1_30' title='bbox 615 484 767 540; x_wconf 81' lang='lat' dir='ltr'><strong>istiusmodi</strong></span> <span class='ocrx_word' id='word_1_31' title='bbox 790 494 893 558; x_wconf 92' lang='lat' dir='ltr'><strong>pestem</strong></span> 
     </span>
     <span class='ocr_line' id='line_1_7' title="bbox 102 574 893 649; baseline -0.008 -12"><span class='ocrx_word' id='word_1_32' title='bbox 102 590 172 637; x_wconf 90' lang='lat' dir='ltr'><strong>terra</strong></span> <span class='ocrx_word' id='word_1_33' title='bbox 188 575 351 649; x_wconf 85' lang='lat' dir='ltr'><strong>deglutiens,</strong></span> <span class='ocrx_word' id='word_1_34' title='bbox 369 575 444 630; x_wconf 84' lang='lat' dir='ltr'><strong>vivos</strong></span> <span class='ocrx_word' id='word_1_35' title='bbox 458 574 605 629; x_wconf 82' lang='lat' dir='ltr'><strong>transmisit</strong></span> <span class='ocrx_word' id='word_1_36' title='bbox 619 576 651 629; x_wconf 94' lang='lat' dir='ltr'><strong>ad</strong></span> <span class='ocrx_word' id='word_1_37' title='bbox 666 574 776 631; x_wconf 86' lang='lat' dir='ltr'><strong>inieras.</strong></span> <span class='ocrx_word' id='word_1_38' title='bbox 793 575 893 631; x_wconf 87' lang='grc'>00100-</span> 
     </span>
     <span class='ocr_line' id='line_1_8' title="bbox 100 663 894 736; baseline -0.001 -13"><span class='ocrx_word' id='word_1_39' title='bbox 100 669 139 723; x_wconf 90' lang='lat' dir='ltr'><strong>dit</strong></span> <span class='ocrx_word' id='word_1_40' title='bbox 157 676 184 721; x_wconf 92' lang='lat' dir='ltr'><strong>et</strong></span> <span class='ocrx_word' id='word_1_41' title='bbox 198 664 242 719; x_wconf 94' lang='lat' dir='ltr'><strong>illa</strong></span> <span class='ocrx_word' id='word_1_42' title='bbox 265 663 417 733; x_wconf 89' lang='lat' dir='ltr'><strong>persecutio</strong></span> <span class='ocrx_word' id='word_1_43' title='bbox 434 663 594 719; x_wconf 89' lang='lat' dir='ltr'><strong>Guibertiua</strong></span> <span class='ocrx_word' id='word_1_44' title='bbox 610 664 695 736; x_wconf 88' lang='grc'>(570),</span> <span class='ocrx_word' id='word_1_45' title='bbox 711 664 767 723; x_wconf 88' lang='lat' dir='ltr'><strong>sive</strong></span> <span class='ocrx_word' id='word_1_46' title='bbox 783 665 894 722; x_wconf 89' lang='lat' dir='ltr'><strong>Burdini</strong></span> 
     </span>
     <span class='ocr_line' id='line_1_9' title="bbox 102 753 893 826; baseline -0.003 -14"><span class='ocrx_word' id='word_1_47' title='bbox 102 755 247 820; x_wconf 77' lang='lat' dir='ltr'><strong>temeritas,</strong></span> <span class='ocrx_word' id='word_1_48' title='bbox 263 767 330 825; x_wconf 91' lang='lat' dir='ltr'><strong>quos</strong></span> <span class='ocrx_word' id='word_1_49' title='bbox 349 760 441 808; x_wconf 91' lang='lat' dir='ltr'><strong>nostra</strong></span> <span class='ocrx_word' id='word_1_50' title='bbox 464 753 519 820; x_wconf 75' lang='lat' dir='ltr'><strong>iam</strong></span> <span class='ocrx_word' id='word_1_51' title='bbox 543 763 665 825; x_wconf 90' lang='lat' dir='ltr'><strong>tempora</strong></span> <span class='ocrx_word' id='word_1_52' title='bbox 689 763 797 825; x_wconf 87' lang='lat' dir='ltr'><strong>experta</strong></span> <span class='ocrx_word' id='word_1_53' title='bbox 821 764 893 826; x_wconf 87' lang='lat' dir='ltr'><strong>sunt,</strong></span> 
     </span>
     <span class='ocr_line' id='line_1_10' title="bbox 101 841 895 917; baseline 0.003 -19"><span class='ocrx_word' id='word_1_54' title='bbox 101 845 297 915; x_wconf 88' lang='lat' dir='ltr'><strong>interregnum</strong></span> <span class='ocrx_word' id='word_1_55' title='bbox 313 849 339 896; x_wconf 89' lang='lat' dir='ltr'><strong>el</strong></span> <span class='ocrx_word' id='word_1_56' title='bbox 358 841 537 896; x_wconf 88' lang='lat' dir='ltr'><strong>sacerdotium</strong></span> <span class='ocrx_word' id='word_1_57' title='bbox 556 841 704 898; x_wconf 82' lang='lat' dir='ltr'><strong>dividentes</strong></span> <span class='ocrx_word' id='word_1_58' title='bbox 728 843 809 917; x_wconf 89' lang='lat' dir='ltr'><strong>plaga</strong></span> <span class='ocrx_word' id='word_1_59' title='bbox 825 860 895 917; x_wconf 88' lang='lat' dir='ltr'><strong>pene</strong></span> 
     </span>
     <span class='ocr_line' id='line_1_11' title="bbox 99 929 895 1002; baseline 0 -15"><span class='ocrx_word' id='word_1_60' title='bbox 99 931 252 997; x_wconf 79' lang='lat' dir='ltr'><strong>incurabili,</strong></span> <span class='ocrx_word' id='word_1_61' title='bbox 273 938 299 985; x_wconf 91' lang='lat' dir='ltr'><strong>et</strong></span> <span class='ocrx_word' id='word_1_62' title='bbox 322 929 496 1002; x_wconf 86' lang='lat' dir='ltr'><strong>castigatione</strong></span> <span class='ocrx_word' id='word_1_63' title='bbox 519 929 630 984; x_wconf 88' lang='lat' dir='ltr'><strong>crudeli.</strong></span> <span class='ocrx_word' id='word_1_64' title='bbox 651 930 778 986; x_wconf 87' lang='lat' dir='ltr'><strong>Ostendit</strong></span> <span class='ocrx_word' id='word_1_65' title='bbox 803 941 830 987; x_wconf 92' lang='lat' dir='ltr'><strong>et</strong></span> <span class='ocrx_word' id='word_1_66' title='bbox 849 933 895 987; x_wconf 91' lang='lat' dir='ltr'><strong>illa</strong></span> 
     </span>
     <span class='ocr_line' id='line_1_12' title="bbox 100 1017 895 1092; baseline -0.001 -15"><span class='ocrx_word' id='word_1_67' title='bbox 100 1037 160 1092; x_wconf 86' lang='lat' dir='ltr'><strong>quae</strong></span> <span class='ocrx_word' id='word_1_68' title='bbox 175 1036 260 1091; x_wconf 86' lang='lat' dir='ltr'><strong>nuper</strong></span> <span class='ocrx_word' id='word_1_69' title='bbox 274 1019 373 1088; x_wconf 90' lang='lat' dir='ltr'><strong>adhuc,</strong></span> <span class='ocrx_word' id='word_1_70' title='bbox 385 1025 446 1088; x_wconf 87' lang='lat' dir='ltr'><strong>post</strong></span> <span class='ocrx_word' id='word_1_71' title='bbox 455 1017 567 1072; x_wconf 88' lang='lat' dir='ltr'><strong>multam</strong></span> <span class='ocrx_word' id='word_1_72' title='bbox 577 1029 604 1072; x_wconf 88' lang='lat' dir='ltr'><strong>et</strong></span> <span class='ocrx_word' id='word_1_73' title='bbox 616 1019 790 1074; x_wconf 86' lang='lat' dir='ltr'><strong>multifariam</strong></span> <span class='ocrx_word' id='word_1_74' title='bbox 803 1021 895 1076; x_wconf 88' lang='lat' dir='ltr'><strong>Eccle-</strong></span> 
     </span>
     <span class='ocr_line' id='line_1_13' title="bbox 100 1105 894 1175; baseline 0.004 -14"><span class='ocrx_word' id='word_1_75' title='bbox 100 1106 148 1161; x_wconf 83' lang='lat' dir='ltr'><strong>siae</strong></span> <span class='ocrx_word' id='word_1_76' title='bbox 170 1106 337 1162; x_wconf 86' lang='lat' dir='ltr'><strong>vexationem</strong></span> <span class='ocrx_word' id='word_1_77' title='bbox 362 1113 389 1161; x_wconf 91' lang='lat' dir='ltr'><strong>et</strong></span> <span class='ocrx_word' id='word_1_78' title='bbox 408 1105 594 1175; x_wconf 89' lang='lat' dir='ltr'><strong>vastationem,</strong></span> <span class='ocrx_word' id='word_1_79' title='bbox 612 1108 719 1161; x_wconf 90' lang='lat' dir='ltr'><strong>tandem</strong></span> <span class='ocrx_word' id='word_1_80' title='bbox 738 1109 796 1163; x_wconf 92' lang='lat' dir='ltr'><strong>Deo</strong></span> <span class='ocrx_word' id='word_1_81' title='bbox 811 1108 894 1164; x_wconf 90' lang='lat' dir='ltr'><strong>mise-</strong></span> 
     </span>
    </p>
   </div>
   <div class='ocr_carea' id='block_1_6' title="bbox 947 399 1748 1185">
    <p class='ocr_par' dir='ltr' id='par_1_6' title="bbox 947 399 1748 1185">
     <span class='ocr_line' id='line_1_14' title="bbox 948 399 1745 475; baseline 0.011 -20"><span class='ocrx_word' id='word_1_82' title='bbox 948 399 1045 472; x_wconf 89' lang='lat' dir='ltr'><strong>ipsam,</strong></span> <span class='ocrx_word' id='word_1_83' title='bbox 1074 402 1147 474; x_wconf 87' lang='lat' dir='ltr'><strong>quod</strong></span> <span class='ocrx_word' id='word_1_84' title='bbox 1175 401 1203 457; x_wconf 91' lang='lat' dir='ltr'><strong>in</strong></span> <span class='ocrx_word' id='word_1_85' title='bbox 1233 402 1300 473; x_wconf 87' lang='lat' dir='ltr'><strong>ipsis</strong></span> <span class='ocrx_word' id='word_1_86' title='bbox 1323 410 1375 469; x_wconf 88' lang='lat' dir='ltr'><strong>est,</strong></span> <span class='ocrx_word' id='word_1_87' title='bbox 1396 401 1521 460; x_wconf 89' lang='lat' dir='ltr'><strong>tunicam</strong></span> <span class='ocrx_word' id='word_1_88' title='bbox 1542 403 1745 475; x_wconf 88' lang='lat' dir='ltr'><strong>inconsutilem,</strong></span> 
     </span>
     <span class='ocr_line' id='line_1_15' title="bbox 948 490 1747 567; baseline 0.009 -20"><span class='ocrx_word' id='word_1_89' title='bbox 948 490 1071 563; x_wconf 88' lang='lat' dir='ltr'><strong>quamvis</strong></span> <span class='ocrx_word' id='word_1_90' title='bbox 1094 490 1205 560; x_wconf 83' lang='lat' dir='ltr'><strong>frustra,</strong></span> <span class='ocrx_word' id='word_1_91' title='bbox 1234 490 1389 564; x_wconf 83' lang='lat' dir='ltr'><strong>dirumpere</strong></span> <span class='ocrx_word' id='word_1_92' title='bbox 1419 500 1554 565; x_wconf 86' lang='lat' dir='ltr'><strong>satagunt.</strong></span> <span class='ocrx_word' id='word_1_93' title='bbox 1583 493 1689 567; x_wconf 89' lang='lat' dir='ltr'><strong>Siqua</strong></span> <span class='ocrx_word' id='word_1_94' title='bbox 1717 498 1747 554; x_wconf 91' lang='lat' dir='ltr'><strong>iu</strong></span> 
     </span>
     <span class='ocr_line' id='line_1_16' title="bbox 948 578 1747 657; baseline 0.013 -24"><span class='ocrx_word' id='word_1_95' title='bbox 948 578 1026 634; x_wconf 90' lang='lat' dir='ltr'><strong>vobis</strong></span> <span class='ocrx_word' id='word_1_96' title='bbox 1054 588 1117 635; x_wconf 91' lang='lat' dir='ltr'><strong>sunt</strong></span> <span class='ocrx_word' id='word_1_97' title='bbox 1147 579 1255 634; x_wconf 89' lang='lat' dir='ltr'><strong>viscera</strong></span> <span class='ocrx_word' id='word_1_98' title='bbox 1281 579 1403 657; x_wconf 86' lang='lat' dir='ltr'><strong>pietatis,</strong></span> <span class='ocrx_word' id='word_1_99' title='bbox 1432 581 1512 636; x_wconf 89' lang='lat' dir='ltr'><strong>tantis</strong></span> <span class='ocrx_word' id='word_1_100' title='bbox 1540 597 1590 637; x_wconf 94' lang='lat' dir='ltr'><strong>vos</strong></span> <span class='ocrx_word' id='word_1_101' title='bbox 1618 585 1747 654; x_wconf 83' lang='lat' dir='ltr'><strong>opponite</strong></span> 
     </span>
     <span class='ocr_line' id='line_1_17' title="bbox 950 666 1748 744; baseline 0.01 -24"><span class='ocrx_word' id='word_1_102' title='bbox 950 667 1040 734; x_wconf 91' lang='lat' dir='ltr'><strong>malis,</strong></span> <span class='ocrx_word' id='word_1_103' title='bbox 1055 667 1130 722; x_wconf 88' lang='grc'>0010</span> <span class='ocrx_word' id='word_1_104' title='bbox 1145 666 1189 721; x_wconf 87' lang='grc'>1110</span> <span class='ocrx_word' id='word_1_105' title='bbox 1207 666 1344 740; x_wconf 73' lang='lat' dir='ltr'><strong>precipue</strong></span> <span class='ocrx_word' id='word_1_106' title='bbox 1359 677 1430 725; x_wconf 91' lang='lat' dir='ltr'><strong>terra</strong></span> <span class='ocrx_word' id='word_1_107' title='bbox 1444 671 1559 725; x_wconf 84' lang='lat' dir='ltr'><strong>scissura</strong></span> <span class='ocrx_word' id='word_1_108' title='bbox 1574 669 1629 741; x_wconf 85' lang='lat' dir='ltr'><strong>hat,</strong></span> <span class='ocrx_word' id='word_1_109' title='bbox 1644 671 1672 726; x_wconf 93' lang='lat' dir='ltr'><strong>in</strong></span> <span class='ocrx_word' id='word_1_110' title='bbox 1692 688 1748 744; x_wconf 88' lang='lat' dir='ltr'><strong>qua</strong></span> 
     </span>
     <span class='ocr_line' id='line_1_18' title="bbox 949 756 1747 829; baseline 0.011 -19"><span class='ocrx_word' id='word_1_111' title='bbox 949 756 1045 827; x_wconf 89' lang='lat' dir='ltr'><strong>soleat,</strong></span> <span class='ocrx_word' id='word_1_112' title='bbox 1066 757 1135 813; x_wconf 92' lang='lat' dir='ltr'><strong>sicut</strong></span> <span class='ocrx_word' id='word_1_113' title='bbox 1149 757 1250 829; x_wconf 91' lang='lat' dir='ltr'><strong>optime</strong></span> <span class='ocrx_word' id='word_1_114' title='bbox 1265 757 1359 827; x_wconf 89' lang='lat' dir='ltr'><strong>nostis,</strong></span> <span class='ocrx_word' id='word_1_115' title='bbox 1383 757 1511 815; x_wconf 71' lang='lat' dir='ltr'><strong>scissuras</strong></span> <span class='ocrx_word' id='word_1_116' title='bbox 1534 760 1594 816; x_wconf 89' lang='lat' dir='ltr'><strong>aliae</strong></span> <span class='ocrx_word' id='word_1_117' title='bbox 1609 761 1747 819; x_wconf 87' lang='lat' dir='ltr'><strong>resarciri.</strong></span> 
     </span>
     <span class='ocr_line' id='line_1_19' title="bbox 949 844 1745 922; baseline 0.011 -24"><span class='ocrx_word' id='word_1_118' title='bbox 949 844 1017 898; x_wconf 90' lang='lat' dir='ltr'><strong>Nam</strong></span> <span class='ocrx_word' id='word_1_119' title='bbox 1043 844 1066 899; x_wconf 90' lang='lat' dir='ltr'><strong>si</strong></span> <span class='ocrx_word' id='word_1_120' title='bbox 1089 854 1183 901; x_wconf 88' lang='lat' dir='ltr'><strong>auctor</strong></span> <span class='ocrx_word' id='word_1_121' title='bbox 1208 846 1337 914; x_wconf 85' lang='lat' dir='ltr'><strong>scandali,</strong></span> <span class='ocrx_word' id='word_1_122' title='bbox 1366 862 1413 902; x_wconf 93' lang='lat' dir='ltr'><strong>ore</strong></span> <span class='ocrx_word' id='word_1_123' title='bbox 1439 847 1611 919; x_wconf 78' lang='lat' dir='ltr'><strong>singulariter</strong></span> <span class='ocrx_word' id='word_1_124' title='bbox 1632 850 1745 922; x_wconf 79' lang='lat' dir='ltr'><strong>iudicis,</strong></span> 
     </span>
     <span class='ocr_line' id='line_1_20' title="bbox 947 933 1747 1010; baseline 0.009 -22"><span class='ocrx_word' id='word_1_125' title='bbox 947 934 1084 990; x_wconf 88' lang='lat' dir='ltr'><strong>tremendo</strong></span> <span class='ocrx_word' id='word_1_126' title='bbox 1112 933 1242 990; x_wconf 88' lang='lat' dir='ltr'><strong>addicitur</strong></span> <span class='ocrx_word' id='word_1_127' title='bbox 1264 934 1416 1003; x_wconf 86' lang='lat' dir='ltr'><strong>maledicto,</strong></span> <span class='ocrx_word' id='word_1_128' title='bbox 1444 936 1644 1008; x_wconf 65' lang='grc'>1101500903</span> <span class='ocrx_word' id='word_1_129' title='bbox 1672 949 1747 1010; x_wconf 90' lang='lat' dir='ltr'><strong>puta·</strong></span> 
     </span>
     <span class='ocr_line' id='line_1_21' title="bbox 948 1017 1747 1100; baseline 0.01 -24"><span class='ocrx_word' id='word_1_130' title='bbox 948 1038 1009 1076; x_wconf 89' lang='lat' dir='ltr'><strong>runs</strong></span> <span class='ocrx_word' id='word_1_131' title='bbox 1023 1017 1256 1078; x_wconf 84' lang='lat' dir='ltr'><strong>benedictionibus</strong></span> <span class='ocrx_word' id='word_1_132' title='bbox 1270 1023 1370 1095; x_wconf 87' lang='lat' dir='ltr'><strong>dignos</strong></span> <span class='ocrx_word' id='word_1_133' title='bbox 1379 1023 1463 1092; x_wconf 74' lang='lat' dir='ltr'><strong>huius</strong></span> <span class='ocrx_word' id='word_1_134' title='bbox 1473 1024 1600 1096; x_wconf 85' lang='lat' dir='ltr'><strong>nequitiae</strong></span> <span class='ocrx_word' id='word_1_135' title='bbox 1609 1025 1747 1100; x_wconf 82' lang='lat' dir='ltr'><strong>fugatores</strong></span> 
     </span>
     <span class='ocr_line' id='line_1_22' title="bbox 948 1111 1316 1185; baseline 0.008 -20"><span class='ocrx_word' id='word_1_136' title='bbox 948 1117 975 1165; x_wconf 91' lang='lat' dir='ltr'><strong>et</strong></span> <span class='ocrx_word' id='word_1_137' title='bbox 988 1120 1204 1183; x_wconf 80' lang='lat' dir='ltr'><strong>propugnatores</strong></span> <span class='ocrx_word' id='word_1_138' title='bbox 1217 1111 1316 1185; x_wconf 81' lang='lat' dir='ltr'><strong>(573)‘l</strong></span> 
     </span>
    </p>
   </div>
   <div class='ocr_carea' id='block_1_7' title="bbox 100 1193 1750 2068">
    <p class='ocr_par' dir='ltr' id='par_1_7' title="bbox 100 1193 1750 2068">
     <span class='ocr_line' id='line_1_23' title="bbox 100 1193 1749 1274; baseline 0.006 -24"><span class='ocrx_word' id='word_1_139' title='bbox 100 1203 177 1250; x_wconf 90' lang='lat' dir='ltr'><strong>rante</strong></span> <span class='ocrx_word' id='word_1_140' title='bbox 205 1194 287 1248; x_wconf 90' lang='lat' dir='ltr'><strong>linem</strong></span> <span class='ocrx_word' id='word_1_141' title='bbox 310 1193 413 1266; x_wconf 79' lang='lat' dir='ltr'><strong>a‹·cepit</strong></span> <span class='ocrx_word' id='word_1_142' title='bbox 437 1195 526 1249; x_wconf 90' lang='lat' dir='ltr'><strong>rabies</strong></span> <span class='ocrx_word' id='word_1_143' title='bbox 551 1193 667 1250; x_wconf 83' lang='lat' dir='ltr'><strong>Leonica</strong></span> <span class='ocrx_word' id='word_1_144' title='bbox 691 1197 774 1265; x_wconf 90' lang='grc'>(571).</span> <span class='ocrx_word' id='word_1_145' title='bbox 800 1196 894 1251; x_wconf 88' lang='lat' dir='ltr'><strong>hlerito</strong></span> <span class='ocrx_word' id='word_1_146' title='bbox 984 1201 1011 1253; x_wconf 87' lang='grc'><strong>3.</strong></span> <span class='ocrx_word' id='word_1_147' title='bbox 1031 1199 1071 1253; x_wconf 89' lang='lat' dir='ltr'><strong>De</strong></span> <span class='ocrx_word' id='word_1_148' title='bbox 1098 1200 1204 1256; x_wconf 90' lang='lat' dir='ltr'><strong>duobus</strong></span> <span class='ocrx_word' id='word_1_149' title='bbox 1231 1216 1284 1257; x_wconf 90' lang='lat' dir='ltr'><strong>uon</strong></span> <span class='ocrx_word' id='word_1_150' title='bbox 1307 1216 1466 1258; x_wconf 80' lang='lat' dir='ltr'><strong>excusamus</strong></span> <span class='ocrx_word' id='word_1_151' title='bbox 1494 1203 1609 1274; x_wconf 82' lang='lat' dir='ltr'><strong>Regem.</strong></span> <span class='ocrx_word' id='word_1_152' title='bbox 1632 1205 1697 1259; x_wconf 89' lang='lat' dir='ltr'><strong>Nam</strong></span> <span class='ocrx_word' id='word_1_153' title='bbox 1720 1213 1749 1260; x_wconf 92' lang='lat' dir='ltr'><strong>et</strong></span> 
     </span>
     <span class='ocr_line' id='line_1_24' title="bbox 101 1281 1747 1362; baseline 0.006 -26"><span class='ocrx_word' id='word_1_154' title='bbox 101 1283 215 1356; x_wconf 91' lang='lat' dir='ltr'><strong>proinde</strong></span> <span class='ocrx_word' id='word_1_155' title='bbox 229 1283 349 1337; x_wconf 89' lang='lat' dir='ltr'><strong>Salvator</strong></span> <span class='ocrx_word' id='word_1_156' title='bbox 373 1282 400 1335; x_wconf 90' lang='lat' dir='ltr'><strong>in</strong></span> <span class='ocrx_word' id='word_1_157' title='bbox 418 1281 583 1355; x_wconf 87' lang='lat' dir='ltr'><strong>Evangelio:</strong></span> <span class='ocrx_word' id='word_1_158' title='bbox 606 1281 895 1353; x_wconf 63' lang='lat' dir='ltr'><strong>reliquissemus·</strong></span> <span class='ocrx_word' id='word_1_159' title='bbox 944 1285 1047 1357; x_wconf 68' lang='lat' dir='ltr'><strong>iuravit</strong></span> <span class='ocrx_word' id='word_1_160' title='bbox 1061 1286 1163 1353; x_wconf 88' lang='lat' dir='ltr'><strong>illicite,</strong></span> <span class='ocrx_word' id='word_1_161' title='bbox 1184 1296 1212 1343; x_wconf 91' lang='lat' dir='ltr'><strong>et</strong></span> <span class='ocrx_word' id='word_1_162' title='bbox 1235 1297 1388 1359; x_wconf 90' lang='lat' dir='ltr'><strong>perseverat</strong></span> <span class='ocrx_word' id='word_1_163' title='bbox 1411 1289 1511 1359; x_wconf 84' lang='lat' dir='ltr'><strong>injuste</strong></span> <span class='ocrx_word' id='word_1_164' title='bbox 1535 1291 1622 1362; x_wconf 86' lang='grc'>(571).</span> <span class='ocrx_word' id='word_1_165' title='bbox 1644 1293 1747 1348; x_wconf 86' lang='lat' dir='ltr'><strong>Verum</strong></span> 
     </span>
     <span class='ocr_line' id='line_1_25' title="bbox 102 1371 1746 1452; baseline 0.004 -24"><span class='ocrx_word' id='word_1_166' title='bbox 102 1371 699 1445; x_wconf 61' lang='grc'>1111000000000001101000001110555.</span> <span class='ocrx_word' id='word_1_167' title='bbox 712 1372 895 1445; x_wconf 84' lang='lat' dir='ltr'><strong>xvrrr,7.)lloe</strong></span> <span class='ocrx_word' id='word_1_168' title='bbox 947 1374 974 1430; x_wconf 92' lang='lat' dir='ltr'><strong>id</strong></span> <span class='ocrx_word' id='word_1_169' title='bbox 992 1389 1047 1430; x_wconf 91' lang='lat' dir='ltr'><strong>uon</strong></span> <span class='ocrx_word' id='word_1_170' title='bbox 1059 1374 1205 1442; x_wconf 87' lang='lat' dir='ltr'><strong>voluntate,</strong></span> <span class='ocrx_word' id='word_1_171' title='bbox 1221 1376 1269 1432; x_wconf 89' lang='lat' dir='ltr'><strong>sed</strong></span> <span class='ocrx_word' id='word_1_172' title='bbox 1292 1379 1467 1434; x_wconf 90' lang='lat' dir='ltr'><strong>verecundia.</strong></span> <span class='ocrx_word' id='word_1_173' title='bbox 1491 1379 1559 1436; x_wconf 87' lang='lat' dir='ltr'><strong>Nam</strong></span> <span class='ocrx_word' id='word_1_174' title='bbox 1574 1380 1675 1452; x_wconf 89' lang='lat' dir='ltr'><strong>probro</strong></span> <span class='ocrx_word' id='word_1_175' title='bbox 1689 1382 1746 1436; x_wconf 93' lang='lat' dir='ltr'><strong>du·</strong></span> 
     </span>
     <span class='ocr_line' id='line_1_26' title="bbox 101 1460 1744 1538; baseline 0.004 -22"><span class='ocrx_word' id='word_1_176' title='bbox 101 1462 181 1518; x_wconf 92' lang='lat' dir='ltr'><strong>nobis</strong></span> <span class='ocrx_word' id='word_1_177' title='bbox 195 1461 240 1534; x_wconf 92' lang='lat' dir='ltr'><strong>qui</strong></span> <span class='ocrx_word' id='word_1_178' title='bbox 265 1461 389 1526; x_wconf 89' lang='lat' dir='ltr'><strong>vivimus,</strong></span> <span class='ocrx_word' id='word_1_179' title='bbox 407 1462 532 1533; x_wconf 84' lang='lat' dir='ltr'><strong>plangere</strong></span> <span class='ocrx_word' id='word_1_180' title='bbox 545 1476 605 1532; x_wconf 85' lang='lat' dir='ltr'><strong>quae</strong></span> <span class='ocrx_word' id='word_1_181' title='bbox 620 1460 788 1530; x_wconf 86' lang='lat' dir='ltr'><strong>pertulimus,</strong></span> <span class='ocrx_word' id='word_1_182' title='bbox 804 1462 895 1522; x_wconf 91' lang='lat' dir='ltr'><strong>dolere</strong></span> <span class='ocrx_word' id='word_1_183' title='bbox 949 1461 1029 1532; x_wconf 89' lang='lat' dir='ltr'><strong>citur,</strong></span> <span class='ocrx_word' id='word_1_184' title='bbox 1049 1461 1119 1519; x_wconf 89' lang='lat' dir='ltr'><strong>sicut</strong></span> <span class='ocrx_word' id='word_1_185' title='bbox 1132 1461 1234 1532; x_wconf 87' lang='lat' dir='ltr'><strong>optime</strong></span> <span class='ocrx_word' id='word_1_186' title='bbox 1257 1464 1352 1531; x_wconf 91' lang='lat' dir='ltr'><strong>nostis,</strong></span> <span class='ocrx_word' id='word_1_187' title='bbox 1368 1464 1441 1535; x_wconf 91' lang='lat' dir='ltr'><strong>apud</strong></span> <span class='ocrx_word' id='word_1_188' title='bbox 1464 1464 1643 1537; x_wconf 85' lang='lat' dir='ltr'><strong>Francigeuas</strong></span> <span class='ocrx_word' id='word_1_189' title='bbox 1665 1469 1744 1538; x_wconf 87' lang='lat' dir='ltr'><strong>jura·</strong></span> 
     </span>
     <span class='ocr_line' id='line_1_27' title="bbox 100 1548 1749 1626; baseline 0.002 -19"><span class='ocrx_word' id='word_1_190' title='bbox 100 1566 162 1624; x_wconf 84' lang='lat' dir='ltr'><strong>quae</strong></span> <span class='ocrx_word' id='word_1_191' title='bbox 177 1548 321 1618; x_wconf 83' lang='lat' dir='ltr'><strong>scutimus,</strong></span> <span class='ocrx_word' id='word_1_192' title='bbox 337 1557 451 1606; x_wconf 88' lang='lat' dir='ltr'><strong>tremere</strong></span> <span class='ocrx_word' id='word_1_193' title='bbox 476 1565 535 1620; x_wconf 82' lang='lat' dir='ltr'><strong>quae</strong></span> <span class='ocrx_word' id='word_1_194' title='bbox 549 1550 744 1619; x_wconf 86' lang='lat' dir='ltr'><strong>exspectamusl</strong></span> <span class='ocrx_word' id='word_1_195' title='bbox 761 1552 804 1616; x_wconf 90' lang='lat' dir='ltr'><strong>Et,</strong></span> <span class='ocrx_word' id='word_1_196' title='bbox 820 1555 893 1624; x_wconf 92' lang='lat' dir='ltr'><strong>quod</strong></span> <span class='ocrx_word' id='word_1_197' title='bbox 949 1558 1066 1607; x_wconf 88' lang='lat' dir='ltr'><strong>mentum</strong></span> <span class='ocrx_word' id='word_1_198' title='bbox 1089 1551 1205 1621; x_wconf 88' lang='lat' dir='ltr'><strong>solvere,</strong></span> <span class='ocrx_word' id='word_1_199' title='bbox 1230 1551 1377 1624; x_wconf 90' lang='lat' dir='ltr'><strong>quamlibet</strong></span> <span class='ocrx_word' id='word_1_200' title='bbox 1401 1553 1473 1609; x_wconf 89' lang='lat' dir='ltr'><strong>male</strong></span> <span class='ocrx_word' id='word_1_201' title='bbox 1497 1554 1603 1626; x_wconf 87' lang='lat' dir='ltr'><strong>publice</strong></span> <span class='ocrx_word' id='word_1_202' title='bbox 1624 1557 1749 1626; x_wconf 89' lang='lat' dir='ltr'><strong>juratum</strong></span> 
     </span>
     <span class='ocr_line' id='line_1_28' title="bbox 101 1598 1750 1713; baseline 0.003 -19"><span class='ocrx_word' id='word_1_203' title='bbox 101 1638 180 1709; x_wconf 77' lang='lat' dir='ltr'><strong>peius</strong></span> <span class='ocrx_word' id='word_1_204' title='bbox 193 1645 245 1705; x_wconf 87' lang='lat' dir='ltr'><strong>est,</strong></span> <span class='ocrx_word' id='word_1_205' title='bbox 259 1637 294 1691; x_wconf 92' lang='lat' dir='ltr'><strong>ad</strong></span> <span class='ocrx_word' id='word_1_206' title='bbox 309 1646 363 1692; x_wconf 89' lang='lat' dir='ltr'><strong>tam</strong></span> <span class='ocrx_word' id='word_1_207' title='bbox 384 1637 485 1692; x_wconf 90' lang='lat' dir='ltr'><strong>malum</strong></span> <span class='ocrx_word' id='word_1_208' title='bbox 507 1637 627 1692; x_wconf 86' lang='lat' dir='ltr'><strong>habitum</strong></span> <span class='ocrx_word' id='word_1_209' title='bbox 651 1639 775 1695; x_wconf 86' lang='lat' dir='ltr'><strong>humacae</strong></span> <span class='ocrx_word' id='word_1_210' title='bbox 794 1656 839 1695; x_wconf 90' lang='lat' dir='ltr'><strong>res</strong></span> <span class='ocrx_word' id='word_1_211' title='bbox 852 1643 896 1698; x_wconf 90' lang='lat' dir='ltr'><strong>de·</strong></span> <span class='ocrx_word' id='word_1_212' title='bbox 911 1598 934 1678; x_wconf 67' lang='grc' dir='ltr'><strong><em>Β</em></strong></span> <span class='ocrx_word' id='word_1_213' title='bbox 949 1639 993 1706; x_wconf 83' lang='grc'>011,</span> <span class='ocrx_word' id='word_1_214' title='bbox 1008 1640 1133 1712; x_wconf 87' lang='lat' dir='ltr'><strong>quamvis</strong></span> <span class='ocrx_word' id='word_1_215' title='bbox 1146 1654 1227 1698; x_wconf 88' lang='lat' dir='ltr'><strong>nemo</strong></span> <span class='ocrx_word' id='word_1_216' title='bbox 1245 1639 1354 1712; x_wconf 88' lang='lat' dir='ltr'><strong>sapiens</strong></span> <span class='ocrx_word' id='word_1_217' title='bbox 1366 1642 1470 1698; x_wconf 88' lang='lat' dir='ltr'><strong>dubitet</strong></span> <span class='ocrx_word' id='word_1_218' title='bbox 1488 1641 1580 1698; x_wconf 85' lang='lat' dir='ltr'><strong>illicita</strong></span> <span class='ocrx_word' id='word_1_219' title='bbox 1592 1645 1750 1713; x_wconf 82' lang='lat' dir='ltr'><strong>juramenta</strong></span> 
     </span>
     <span class='ocr_line' id='line_1_29' title="bbox 100 1725 1749 1801; baseline 0.001 -16"><span class='ocrx_word' id='word_1_220' title='bbox 100 1733 243 1793; x_wconf 88' lang='lat' dir='ltr'><strong>venerunt,</strong></span> <span class='ocrx_word' id='word_1_221' title='bbox 268 1735 297 1781; x_wconf 93' lang='lat' dir='ltr'><strong>ut</strong></span> <span class='ocrx_word' id='word_1_222' title='bbox 319 1742 370 1783; x_wconf 93' lang='lat' dir='ltr'><strong>uec</strong></span> <span class='ocrx_word' id='word_1_223' title='bbox 394 1725 431 1781; x_wconf 89' lang='lat' dir='ltr'><strong>rei</strong></span> <span class='ocrx_word' id='word_1_224' title='bbox 453 1726 588 1782; x_wconf 90' lang='lat' dir='ltr'><strong>humiliari</strong></span> <span class='ocrx_word' id='word_1_225' title='bbox 610 1726 704 1796; x_wconf 86' lang='lat' dir='ltr'><strong>velint,</strong></span> <span class='ocrx_word' id='word_1_226' title='bbox 719 1744 770 1785; x_wconf 87' lang='lat' dir='ltr'><strong>nec</strong></span> <span class='ocrx_word' id='word_1_227' title='bbox 789 1729 895 1801; x_wconf 88' lang='lat' dir='ltr'><strong>judices</strong></span> <span class='ocrx_word' id='word_1_228' title='bbox 949 1745 1004 1786; x_wconf 89' lang='lat' dir='ltr'><strong>uon</strong></span> <span class='ocrx_word' id='word_1_229' title='bbox 1021 1745 1082 1786; x_wconf 91' lang='lat' dir='ltr'><strong>esse</strong></span> <span class='ocrx_word' id='word_1_230' title='bbox 1097 1730 1223 1786; x_wconf 89' lang='lat' dir='ltr'><strong>tenenda.</strong></span> <span class='ocrx_word' id='word_1_231' title='bbox 1238 1730 1431 1786; x_wconf 85' lang='lat' dir='ltr'><strong>Verumtamen</strong></span> <span class='ocrx_word' id='word_1_232' title='bbox 1455 1747 1490 1787; x_wconf 90' lang='lat' dir='ltr'><strong>ne</strong></span> <span class='ocrx_word' id='word_1_233' title='bbox 1511 1730 1538 1785; x_wconf 92' lang='lat' dir='ltr'><strong>in</strong></span> <span class='ocrx_word' id='word_1_234' title='bbox 1561 1731 1613 1785; x_wconf 90' lang='lat' dir='ltr'><strong>hoc</strong></span> <span class='ocrx_word' id='word_1_235' title='bbox 1633 1730 1749 1801; x_wconf 90' lang='lat' dir='ltr'><strong>quidem</strong></span> 
     </span>
     <span class='ocr_line' id='line_1_30' title="bbox 101 1816 1747 1891; baseline 0.002 -19"><span class='ocrx_word' id='word_1_236' title='bbox 101 1817 238 1872; x_wconf 88' lang='lat' dir='ltr'><strong>misereri.</strong></span> <span class='ocrx_word' id='word_1_237' title='bbox 253 1816 510 1888; x_wconf 74' lang='grc' dir='ltr'><strong>11101000010010.Ι</strong></span> <span class='ocrx_word' id='word_1_238' title='bbox 526 1817 618 1874; x_wconf 87' lang='lat' dir='ltr'><strong>Nolite</strong></span> <span class='ocrx_word' id='word_1_239' title='bbox 633 1817 732 1889; x_wconf 82' lang='lat' dir='ltr'><strong>inique</strong></span> <span class='ocrx_word' id='word_1_240' title='bbox 749 1834 847 1890; x_wconf 77' lang='grc' dir='ltr'>0000ος</span> <span class='ocrx_word' id='word_1_241' title='bbox 868 1826 896 1876; x_wconf 86' lang='grc'><strong>01</strong></span> <span class='ocrx_word' id='word_1_242' title='bbox 947 1820 1069 1874; x_wconf 86' lang='lat' dir='ltr'><strong>excusari</strong></span> <span class='ocrx_word' id='word_1_243' title='bbox 1088 1833 1168 1889; x_wconf 90' lang='lat' dir='ltr'><strong>posse</strong></span> <span class='ocrx_word' id='word_1_244' title='bbox 1189 1817 1313 1874; x_wconf 80' lang='lat' dir='ltr'><strong>fatemur.</strong></span> <span class='ocrx_word' id='word_1_245' title='bbox 1335 1819 1430 1891; x_wconf 86' lang='lat' dir='ltr'><strong>Neque</strong></span> <span class='ocrx_word' id='word_1_246' title='bbox 1446 1819 1517 1874; x_wconf 91' lang='lat' dir='ltr'><strong>enim</strong></span> <span class='ocrx_word' id='word_1_247' title='bbox 1538 1834 1669 1876; x_wconf 86' lang='lat' dir='ltr'><strong>excusare</strong></span> <span class='ocrx_word' id='word_1_248' title='bbox 1685 1834 1747 1888; x_wconf 90' lang='lat' dir='ltr'><strong>uos,</strong></span> 
     </span>
     <span class='ocr_line' id='line_1_31' title="bbox 101 1904 1748 1979; baseline 0.001 -16"><span class='ocrx_word' id='word_1_249' title='bbox 101 1904 895 1979; x_wconf 78' lang='lat' dir='ltr'><strong>delinquentibus:NolitecaeltcrecoruulPscl.axx1v,</strong></span> <span class='ocrx_word' id='word_1_250' title='bbox 949 1906 997 1964; x_wconf 90' lang='lat' dir='ltr'><strong>sed</strong></span> <span class='ocrx_word' id='word_1_251' title='bbox 1015 1907 1126 1962; x_wconf 90' lang='lat' dir='ltr'><strong>veniam</strong></span> <span class='ocrx_word' id='word_1_252' title='bbox 1148 1906 1288 1978; x_wconf 91' lang='lat' dir='ltr'><strong>postulare</strong></span> <span class='ocrx_word' id='word_1_253' title='bbox 1314 1905 1496 1977; x_wconf 82' lang='lat' dir='ltr'><strong>suscepimus,</strong></span> <span class='ocrx_word' id='word_1_254' title='bbox 1521 1906 1577 1963; x_wconf 86' lang='lat' dir='ltr'><strong>Vos</strong></span> <span class='ocrx_word' id='word_1_255' title='bbox 1604 1906 1697 1963; x_wconf 91' lang='lat' dir='ltr'><strong>videte</strong></span> <span class='ocrx_word' id='word_1_256' title='bbox 1711 1924 1748 1964; x_wconf 89' lang='grc'><strong>00</strong></span> 
     </span>
     <span class='ocr_line' id='line_1_32' title="bbox 101 1992 1746 2068; baseline 0.001 -18"><span class='ocrx_word' id='word_1_257' title='bbox 101 1995 145 2064; x_wconf 88' lang='grc'><strong>5);</strong></span> <span class='ocrx_word' id='word_1_258' title='bbox 162 2002 256 2048; x_wconf 85' lang='lat' dir='ltr'><strong>elnon</strong></span> <span class='ocrx_word' id='word_1_259' title='bbox 274 1992 386 2047; x_wconf 89' lang='lat' dir='ltr'><strong>audiunt</strong></span> <span class='ocrx_word' id='word_1_260' title='bbox 409 2008 469 2058; x_wconf 92' lang='lat' dir='ltr'><strong>nos,</strong></span> <span class='ocrx_word' id='word_1_261' title='bbox 485 1993 548 2064; x_wconf 92' lang='lat' dir='ltr'><strong>quia</strong></span> <span class='ocrx_word' id='word_1_262' title='bbox 563 1993 660 2050; x_wconf 88' lang='lat' dir='ltr'><strong>domus</strong></span> <span class='ocrx_word' id='word_1_263' title='bbox 674 2010 837 2067; x_wconf 89' lang='lat' dir='ltr'><strong>exasperaus</strong></span> <span class='ocrx_word' id='word_1_264' title='bbox 855 2008 896 2054; x_wconf 90' lang='lat' dir='ltr'><strong>est</strong></span> <span class='ocrx_word' id='word_1_265' title='bbox 949 2011 1079 2052; x_wconf 89' lang='lat' dir='ltr'><strong>excusare</strong></span> <span class='ocrx_word' id='word_1_266' title='bbox 1092 1995 1259 2068; x_wconf 89' lang='lat' dir='ltr'><strong>aliquatenus</strong></span> <span class='ocrx_word' id='word_1_267' title='bbox 1273 2011 1335 2052; x_wconf 88' lang='lat' dir='ltr'><strong>eum</strong></span> <span class='ocrx_word' id='word_1_268' title='bbox 1350 1995 1437 2067; x_wconf 88' lang='lat' dir='ltr'><strong>possit</strong></span> <span class='ocrx_word' id='word_1_269' title='bbox 1450 1995 1500 2066; x_wconf 91' lang='lat' dir='ltr'><strong>ira,</strong></span> <span class='ocrx_word' id='word_1_270' title='bbox 1517 2002 1590 2062; x_wconf 82' lang='lat' dir='ltr'><strong>setas,</strong></span> <span class='ocrx_word' id='word_1_271' title='bbox 1607 1996 1746 2064; x_wconf 79' lang='lat' dir='ltr'><strong>maiestas.</strong></span> 
     </span>
    </p>
   </div>
   <div class='ocr_carea' id='block_1_8' title="bbox 100 2081 895 2692">
    <p class='ocr_par' dir='ltr' id='par_1_8' title="bbox 100 2081 895 2496">
     <span class='ocr_line' id='line_1_33' title="bbox 101 2081 895 2156; baseline 0.001 -16"><span class='ocrx_word' id='word_1_272' title='bbox 101 2084 213 2156; x_wconf 73' lang='lat' dir='ltr'><strong>(azert.</strong></span> <span class='ocrx_word' id='word_1_273' title='bbox 230 2096 262 2150; x_wconf 91' lang='lat' dir='ltr'><strong>u,</strong></span> <span class='ocrx_word' id='word_1_274' title='bbox 276 2084 313 2148; x_wconf 85' lang='lat'><strong>5).</strong></span> <span class='ocrx_word' id='word_1_275' title='bbox 327 2081 516 2153; x_wconf 79' lang='lat' dir='ltr'><strong>supplicamus</strong></span> <span class='ocrx_word' id='word_1_276' title='bbox 533 2081 576 2137; x_wconf 92' lang='lat' dir='ltr'><strong>his</strong></span> <span class='ocrx_word' id='word_1_277' title='bbox 595 2098 709 2152; x_wconf 89' lang='lat' dir='ltr'><strong>quorum</strong></span> <span class='ocrx_word' id='word_1_278' title='bbox 728 2090 770 2139; x_wconf 92' lang='lat' dir='ltr'><strong>est</strong></span> <span class='ocrx_word' id='word_1_279' title='bbox 787 2094 895 2155; x_wconf 87' lang='lat' dir='ltr'><strong>peccata</strong></span> 
     </span>
     <span class='ocr_line' id='line_1_34' title="bbox 100 2171 894 2244; baseline 0.003 -16"><span class='ocrx_word' id='word_1_280' title='bbox 100 2186 223 2244; x_wconf 87' lang='lat' dir='ltr'><strong>arguere,</strong></span> <span class='ocrx_word' id='word_1_281' title='bbox 240 2178 383 2242; x_wconf 86' lang='lat' dir='ltr'><strong>peccantes</strong></span> <span class='ocrx_word' id='word_1_282' title='bbox 404 2187 521 2237; x_wconf 88' lang='lat' dir='ltr'><strong>servare,</strong></span> <span class='ocrx_word' id='word_1_283' title='bbox 537 2186 570 2228; x_wconf 92' lang='lat' dir='ltr'><strong>ue</strong></span> <span class='ocrx_word' id='word_1_284' title='bbox 583 2171 715 2228; x_wconf 89' lang='lat' dir='ltr'><strong>calamum</strong></span> <span class='ocrx_word' id='word_1_285' title='bbox 739 2181 894 2242; x_wconf 89' lang='lat' dir='ltr'><strong>quassatum</strong></span> 
     </span>
     <span class='ocr_line' id='line_1_35' title="bbox 100 2258 895 2334; baseline -0.001 -15"><span class='ocrx_word' id='word_1_286' title='bbox 100 2266 250 2327; x_wconf 88' lang='lat' dir='ltr'><strong>conterant,</strong></span> <span class='ocrx_word' id='word_1_287' title='bbox 272 2259 398 2316; x_wconf 84' lang='lat' dir='ltr'><strong>ellicum</strong></span> <span class='ocrx_word' id='word_1_288' title='bbox 421 2258 558 2332; x_wconf 73' lang='lat' dir='ltr'><strong>fumigans</strong></span> <span class='ocrx_word' id='word_1_289' title='bbox 580 2276 636 2316; x_wconf 92' lang='grc'><strong>000</strong></span> <span class='ocrx_word' id='word_1_290' title='bbox 654 2261 848 2334; x_wconf 82' lang='lat' dir='ltr'><strong>exstinguant:</strong></span> <span class='ocrx_word' id='word_1_291' title='bbox 869 2273 895 2319; x_wconf 92' lang='lat' dir='ltr'><strong>et</strong></span> 
     </span>
     <span class='ocr_line' id='line_1_36' title="bbox 101 2348 893 2423; baseline 0.001 -18"><span class='ocrx_word' id='word_1_292' title='bbox 101 2350 190 2423; x_wconf 85' lang='lat' dir='ltr'><strong>magis</strong></span> <span class='ocrx_word' id='word_1_293' title='bbox 204 2349 232 2404; x_wconf 91' lang='lat' dir='ltr'><strong>iu</strong></span> <span class='ocrx_word' id='word_1_294' title='bbox 255 2348 352 2420; x_wconf 89' lang='lat' dir='ltr'><strong>spiritu</strong></span> <span class='ocrx_word' id='word_1_295' title='bbox 372 2350 523 2407; x_wconf 89' lang='lat' dir='ltr'><strong>vehementi</strong></span> <span class='ocrx_word' id='word_1_296' title='bbox 543 2358 684 2408; x_wconf 86' lang='lat' dir='ltr'><strong>conterunt</strong></span> <span class='ocrx_word' id='word_1_297' title='bbox 701 2366 785 2407; x_wconf 90' lang='lat' dir='ltr'><strong>naves</strong></span> <span class='ocrx_word' id='word_1_298' title='bbox 808 2352 893 2409; x_wconf 86' lang='lat' dir='ltr'><strong>Thar-</strong></span> 
     </span>
     <span class='ocr_line' id='line_1_37' title="bbox 100 2457 147 2496; baseline 0.021 -1"><span class='ocrx_word' id='word_1_299' title='bbox 100 2457 147 2496; x_wconf 87' lang='lat' dir='ltr'><strong>srs.</strong></span> 
     </span>
    </p>

    <p class='ocr_par' dir='ltr' id='par_1_9' title="bbox 101 2527 894 2692">
     <span class='ocr_line' id='line_1_38' title="bbox 136 2527 894 2599; baseline 0.005 -17"><span class='ocrx_word' id='word_1_300' title='bbox 136 2532 162 2586; x_wconf 85' lang='grc'><strong>2.</strong></span> <span class='ocrx_word' id='word_1_301' title='bbox 178 2527 207 2582; x_wconf 87' lang='lat' dir='ltr'><strong>Si</strong></span> <span class='ocrx_word' id='word_1_302' title='bbox 221 2528 411 2584; x_wconf 88' lang='lat' dir='ltr'><strong>denuntiamus</strong></span> <span class='ocrx_word' id='word_1_303' title='bbox 425 2527 487 2584; x_wconf 90' lang='lat' dir='ltr'><strong>liliis</strong></span> <span class='ocrx_word' id='word_1_304' title='bbox 501 2544 563 2584; x_wconf 91' lang='lat' dir='ltr'><strong>cum</strong></span> <span class='ocrx_word' id='word_1_305' title='bbox 578 2528 710 2599; x_wconf 80' lang='lat' dir='ltr'><strong>Apostolo</strong></span> <span class='ocrx_word' id='word_1_306' title='bbox 724 2537 754 2584; x_wconf 88' lang='lat' dir='ltr'><strong>ut</strong></span> <span class='ocrx_word' id='word_1_307' title='bbox 767 2529 894 2586; x_wconf 90' lang='lat' dir='ltr'><strong>obediant</strong></span> 
     </span>
     <span class='ocr_line' id='line_1_39' title="bbox 101 2618 894 2692; baseline 0.003 -20"><span class='ocrx_word' id='word_1_308' title='bbox 101 2618 222 2692; x_wconf 91' lang='lat' dir='ltr'><strong>patribus</strong></span> <span class='ocrx_word' id='word_1_309' title='bbox 247 2618 417 2686; x_wconf 91' lang='lat' dir='ltr'><strong>peremnia,</strong></span> <span class='ocrx_word' id='word_1_310' title='bbox 443 2618 520 2691; x_wconf 90' lang='lat' dir='ltr'><strong>quasi</strong></span> <span class='ocrx_word' id='word_1_311' title='bbox 546 2633 636 2675; x_wconf 91' lang='lat' dir='ltr'><strong>aerem</strong></span> <span class='ocrx_word' id='word_1_312' title='bbox 659 2619 839 2675; x_wconf 80' lang='lat' dir='ltr'><strong>verberamus.</strong></span> <span class='ocrx_word' id='word_1_313' title='bbox 866 2620 894 2676; x_wconf 92' lang='lat' dir='ltr'><strong>Si</strong></span> 
     </span>
    </p>
   </div>
   <div class='ocr_carea' id='block_1_9' title="bbox 948 2081 1749 2688">
    <p class='ocr_par' dir='ltr' id='par_1_10' title="bbox 948 2081 1749 2688">
     <span class='ocr_line' id='line_1_40' title="bbox 948 2081 1748 2154; baseline 0.001 -15"><span class='ocrx_word' id='word_1_314' title='bbox 948 2085 1050 2141; x_wconf 89' lang='lat' dir='ltr'><strong>Poterit</strong></span> <span class='ocrx_word' id='word_1_315' title='bbox 1070 2083 1129 2140; x_wconf 91' lang='grc'>0100</span> <span class='ocrx_word' id='word_1_316' title='bbox 1152 2082 1246 2149; x_wconf 91' lang='lat' dir='ltr'><strong>dubio,</strong></span> <span class='ocrx_word' id='word_1_317' title='bbox 1263 2083 1285 2138; x_wconf 94' lang='lat' dir='ltr'><strong>si</strong></span> <span class='ocrx_word' id='word_1_318' title='bbox 1300 2081 1514 2139; x_wconf 89' lang='lat' dir='ltr'><strong>misericordiam</strong></span> <span class='ocrx_word' id='word_1_319' title='bbox 1529 2082 1633 2152; x_wconf 85' lang='lat' dir='ltr'><strong>judicio</strong></span> <span class='ocrx_word' id='word_1_320' title='bbox 1648 2099 1748 2154; x_wconf 91' lang='lat' dir='ltr'><strong>super-</strong></span> 
     </span>
     <span class='ocr_line' id='line_1_41' title="bbox 949 2171 1746 2244; baseline -0.001 -15"><span class='ocrx_word' id='word_1_321' title='bbox 949 2174 1119 2230; x_wconf 86' lang='lat' dir='ltr'><strong>exaltandam</strong></span> <span class='ocrx_word' id='word_1_322' title='bbox 1154 2171 1328 2229; x_wconf 87' lang='lat' dir='ltr'><strong>decernatis:</strong></span> <span class='ocrx_word' id='word_1_323' title='bbox 1359 2179 1492 2244; x_wconf 91' lang='lat' dir='ltr'><strong>quatenus</strong></span> <span class='ocrx_word' id='word_1_324' title='bbox 1526 2171 1652 2229; x_wconf 87' lang='lat' dir='ltr'><strong>videlieet</strong></span> <span class='ocrx_word' id='word_1_325' title='bbox 1685 2173 1746 2229; x_wconf 89' lang='lat' dir='ltr'><strong>talis</strong></span> 
     </span>
     <span class='ocr_line' id='line_1_42' title="bbox 948 2260 1748 2334; baseline -0.001 -17"><span class='ocrx_word' id='word_1_326' title='bbox 948 2263 1038 2334; x_wconf 91' lang='lat' dir='ltr'><strong>aliqua</strong></span> <span class='ocrx_word' id='word_1_327' title='bbox 1060 2261 1237 2317; x_wconf 86' lang='lat' dir='ltr'><strong>consideratio</strong></span> <span class='ocrx_word' id='word_1_328' title='bbox 1260 2260 1287 2316; x_wconf 92' lang='lat' dir='ltr'><strong>in</strong></span> <span class='ocrx_word' id='word_1_329' title='bbox 1311 2276 1376 2334; x_wconf 86' lang='lat' dir='ltr'><strong>rege</strong></span> <span class='ocrx_word' id='word_1_330' title='bbox 1400 2266 1429 2314; x_wconf 93' lang='lat' dir='ltr'><strong>et</strong></span> <span class='ocrx_word' id='word_1_331' title='bbox 1452 2275 1536 2331; x_wconf 91' lang='lat' dir='ltr'><strong>puero</strong></span> <span class='ocrx_word' id='word_1_332' title='bbox 1560 2261 1702 2326; x_wconf 85' lang='lat' dir='ltr'><strong>habeatur,</strong></span> <span class='ocrx_word' id='word_1_333' title='bbox 1717 2267 1748 2318; x_wconf 92' lang='lat' dir='ltr'><strong>ut</strong></span> 
     </span>
     <span class='ocr_line' id='line_1_43' title="bbox 948 2349 1747 2422; baseline -0.003 -15"><span class='ocrx_word' id='word_1_334' title='bbox 948 2352 1035 2408; x_wconf 91' lang='lat' dir='ltr'><strong>hacei</strong></span> <span class='ocrx_word' id='word_1_335' title='bbox 1050 2351 1108 2408; x_wconf 91' lang='lat' dir='ltr'><strong>vice</strong></span> <span class='ocrx_word' id='word_1_336' title='bbox 1137 2350 1182 2406; x_wconf 91' lang='lat' dir='ltr'><strong>tali</strong></span> <span class='ocrx_word' id='word_1_337' title='bbox 1208 2349 1316 2422; x_wconf 91' lang='lat' dir='ltr'><strong>quidem</strong></span> <span class='ocrx_word' id='word_1_338' title='bbox 1338 2357 1434 2405; x_wconf 89' lang='grc'>100000</span> <span class='ocrx_word' id='word_1_339' title='bbox 1458 2357 1591 2419; x_wconf 83' lang='lat' dir='ltr'><strong>parcatur,</strong></span> <span class='ocrx_word' id='word_1_340' title='bbox 1618 2363 1674 2419; x_wconf 84' lang='lat' dir='ltr'><strong>que</strong></span> <span class='ocrx_word' id='word_1_341' title='bbox 1691 2349 1747 2406; x_wconf 91' lang='lat' dir='ltr'><strong>tale</strong></span> 
     </span>
     <span class='ocr_line' id='line_1_44' title="bbox 948 2440 1749 2514; baseline -0.005 -16"><span class='ocrx_word' id='word_1_342' title='bbox 948 2441 1048 2514; x_wconf 90' lang='lat' dir='ltr'><strong>aliquid</strong></span> <span class='ocrx_word' id='word_1_343' title='bbox 1074 2440 1108 2498; x_wconf 92' lang='lat' dir='ltr'><strong>de</strong></span> <span class='ocrx_word' id='word_1_344' title='bbox 1134 2448 1231 2498; x_wconf 82' lang='lat' dir='ltr'><strong>caetero</strong></span> <span class='ocrx_word' id='word_1_345' title='bbox 1258 2454 1312 2495; x_wconf 90' lang='lat' dir='ltr'><strong>nou</strong></span> <span class='ocrx_word' id='word_1_346' title='bbox 1338 2446 1504 2511; x_wconf 82' lang='lat' dir='ltr'><strong>praesumat.</strong></span> <span class='ocrx_word' id='word_1_347' title='bbox 1532 2440 1658 2495; x_wconf 90' lang='lat' dir='ltr'><strong>Parcatur</strong></span> <span class='ocrx_word' id='word_1_348' title='bbox 1682 2453 1749 2494; x_wconf 88' lang='lat' dir='ltr'><strong>sane</strong></span> 
     </span>
     <span class='ocr_line' id='line_1_45' title="bbox 949 2526 1749 2600; baseline -0.004 -13"><span class='ocrx_word' id='word_1_349' title='bbox 949 2530 1071 2596; x_wconf 84' lang='lat' dir='ltr'><strong>dixerim,</strong></span> <span class='ocrx_word' id='word_1_350' title='bbox 1089 2529 1112 2585; x_wconf 92' lang='lat' dir='ltr'><strong>si</strong></span> <span class='ocrx_word' id='word_1_351' title='bbox 1134 2527 1191 2585; x_wconf 90' lang='lat' dir='ltr'><strong>lieri</strong></span> <span class='ocrx_word' id='word_1_352' title='bbox 1210 2527 1295 2600; x_wconf 90' lang='lat' dir='ltr'><strong>possit</strong></span> <span class='ocrx_word' id='word_1_353' title='bbox 1321 2528 1399 2583; x_wconf 87' lang='lat' dir='ltr'><strong>salva</strong></span> <span class='ocrx_word' id='word_1_354' title='bbox 1418 2527 1446 2582; x_wconf 89' lang='grc'><strong>10</strong></span> <span class='ocrx_word' id='word_1_355' title='bbox 1468 2526 1592 2584; x_wconf 88' lang='grc'>0001500</span> <span class='ocrx_word' id='word_1_356' title='bbox 1619 2526 1749 2584; x_wconf 70' lang='lat' dir='ltr'><strong>Ecclesiae</strong></span> 
     </span>
     <span class='ocr_line' id='line_1_46' title="bbox 948 2615 1749 2688; baseline -0.009 -10"><span class='ocrx_word' id='word_1_357' title='bbox 948 2619 1079 2688; x_wconf 88' lang='lat' dir='ltr'><strong>libertate,</strong></span> <span class='ocrx_word' id='word_1_358' title='bbox 1093 2616 1172 2674; x_wconf 88' lang='lat' dir='ltr'><strong>simul</strong></span> <span class='ocrx_word' id='word_1_359' title='bbox 1186 2624 1212 2672; x_wconf 89' lang='lat' dir='ltr'><strong>et</strong></span> <span class='ocrx_word' id='word_1_360' title='bbox 1236 2616 1438 2688; x_wconf 82' lang='lat' dir='ltr'><strong>archiepiscopo</strong></span> <span class='ocrx_word' id='word_1_361' title='bbox 1462 2615 1551 2672; x_wconf 91' lang='lat' dir='ltr'><strong>debita</strong></span> <span class='ocrx_word' id='word_1_362' title='bbox 1576 2616 1749 2674; x_wconf 88' lang='lat' dir='ltr'><strong>veneratione</strong></span> 
     </span>
    </p>
   </div>
   <div class='ocr_carea' id='block_1_10' title="bbox 100 2703 1748 2956">
    <p class='ocr_par' dir='ltr' id='par_1_11' title="bbox 100 2703 1748 2956">
     <span class='ocr_line' id='line_1_47' title="bbox 100 2703 1747 2779; baseline 0 -19"><span class='ocrx_word' id='word_1_363' title='bbox 100 2706 220 2779; x_wconf 90' lang='lat' dir='ltr'><strong>patribus</strong></span> <span class='ocrx_word' id='word_1_364' title='bbox 241 2705 378 2776; x_wconf 90' lang='lat' dir='ltr'><strong>loquimur</strong></span> <span class='ocrx_word' id='word_1_365' title='bbox 400 2723 435 2763; x_wconf 91' lang='lat' dir='ltr'><strong>ne</strong></span> <span class='ocrx_word' id='word_1_366' title='bbox 458 2708 491 2762; x_wconf 93' lang='lat' dir='ltr'><strong>ad</strong></span> <span class='ocrx_word' id='word_1_367' title='bbox 514 2707 727 2779; x_wconf 83' lang='lat' dir='ltr'><strong>indignationem</strong></span> <span class='ocrx_word' id='word_1_368' title='bbox 750 2720 896 2779; x_wconf 89' lang='lat' dir='ltr'><strong>provocent</strong></span> <span class='ocrx_word' id='word_1_369' title='bbox 948 2714 1064 2776; x_wconf 86' lang='lat' dir='ltr'><strong>servata,</strong></span> <span class='ocrx_word' id='word_1_370' title='bbox 1089 2722 1171 2777; x_wconf 89' lang='lat' dir='ltr'><strong>quem</strong></span> <span class='ocrx_word' id='word_1_371' title='bbox 1191 2721 1287 2761; x_wconf 92' lang='lat' dir='ltr'><strong>manus</strong></span> <span class='ocrx_word' id='word_1_372' title='bbox 1311 2703 1458 2778; x_wconf 88' lang='lat' dir='ltr'><strong>apostolica</strong></span> <span class='ocrx_word' id='word_1_373' title='bbox 1487 2705 1662 2761; x_wconf 87' lang='lat' dir='ltr'><strong>consecravit.</strong></span> <span class='ocrx_word' id='word_1_374' title='bbox 1688 2704 1747 2760; x_wconf 87' lang='lat' dir='ltr'><strong>lloo</strong></span> 
     </span>
     <span class='ocr_line' id='line_1_48' title="bbox 102 2793 1747 2868; baseline -0.001 -19"><span class='ocrx_word' id='word_1_375' title='bbox 102 2794 173 2850; x_wconf 86' lang='lat' dir='ltr'><strong>lilios</strong></span> <span class='ocrx_word' id='word_1_376' title='bbox 191 2793 301 2865; x_wconf 86' lang='lat' dir='ltr'><strong>(pres.</strong></span> <span class='ocrx_word' id='word_1_377' title='bbox 323 2812 361 2861; x_wconf 86' lang='lat' dir='ltr'><strong>vr,</strong></span> <span class='ocrx_word' id='word_1_378' title='bbox 384 2801 408 2861; x_wconf 92' lang='grc'><strong>1,</strong></span> <span class='ocrx_word' id='word_1_379' title='bbox 427 2796 505 2865; x_wconf 85' lang='grc'>1),10</span> <span class='ocrx_word' id='word_1_380' title='bbox 528 2812 579 2852; x_wconf 91' lang='grc'><strong>000</strong></span> <span class='ocrx_word' id='word_1_381' title='bbox 603 2797 693 2865; x_wconf 88' lang='grc'>001100</span> <span class='ocrx_word' id='word_1_382' title='bbox 715 2811 807 2853; x_wconf 88' lang='grc'>00000</span> <span class='ocrx_word' id='word_1_383' title='bbox 823 2797 896 2853; x_wconf 90' lang='lat' dir='ltr'><strong>indi·</strong></span> <span class='ocrx_word' id='word_1_384' title='bbox 948 2797 1005 2868; x_wconf 93' lang='lat' dir='ltr'><strong>ipse</strong></span> <span class='ocrx_word' id='word_1_385' title='bbox 1018 2797 1073 2851; x_wconf 84' lang='lat' dir='ltr'><strong>Rex</strong></span> <span class='ocrx_word' id='word_1_386' title='bbox 1090 2795 1226 2850; x_wconf 90' lang='lat' dir='ltr'><strong>humiliter</strong></span> <span class='ocrx_word' id='word_1_387' title='bbox 1242 2795 1315 2866; x_wconf 90' lang='lat' dir='ltr'><strong>petit,</strong></span> <span class='ocrx_word' id='word_1_388' title='bbox 1333 2796 1383 2851; x_wconf 93' lang='lat' dir='ltr'><strong>hoc</strong></span> <span class='ocrx_word' id='word_1_389' title='bbox 1402 2802 1494 2850; x_wconf 89' lang='lat' dir='ltr'><strong>nostra</strong></span> <span class='ocrx_word' id='word_1_390' title='bbox 1517 2794 1644 2850; x_wconf 90' lang='lat' dir='ltr'><strong>universa</strong></span> <span class='ocrx_word' id='word_1_391' title='bbox 1664 2793 1747 2850; x_wconf 88' lang='lat' dir='ltr'><strong>eilra-</strong></span> 
     </span>
     <span class='ocr_line' id='line_1_49' title="bbox 103 2873 1748 2956; baseline -0.001 -19"><span class='ocrx_word' id='word_1_392' title='bbox 103 2883 257 2956; x_wconf 86' lang='lat' dir='ltr'><strong>gnationem</strong></span> <span class='ocrx_word' id='word_1_393' title='bbox 273 2899 460 2952; x_wconf 86' lang='lat' dir='ltr'><strong>provocamus.</strong></span> <span class='ocrx_word' id='word_1_394' title='bbox 474 2886 529 2942; x_wconf 89' lang='lat' dir='ltr'><strong>Nec</strong></span> <span class='ocrx_word' id='word_1_395' title='bbox 542 2886 727 2956; x_wconf 89' lang='lat' dir='ltr'><strong>delinquentes</strong></span> <span class='ocrx_word' id='word_1_396' title='bbox 741 2885 896 2943; x_wconf 82' lang='lat' dir='ltr'><strong>satisfacere</strong></span> <span class='ocrx_word' id='word_1_397' title='bbox 912 2873 934 2952; x_wconf 71' lang='lat' dir='ltr'><strong>c</strong></span> <span class='ocrx_word' id='word_1_398' title='bbox 948 2895 1075 2943; x_wconf 87' lang='grc'>0001000</span> <span class='ocrx_word' id='word_1_399' title='bbox 1097 2884 1212 2940; x_wconf 89' lang='lat' dir='ltr'><strong>nimium</strong></span> <span class='ocrx_word' id='word_1_400' title='bbox 1233 2884 1290 2953; x_wconf 84' lang='lat' dir='ltr'><strong>jam</strong></span> <span class='ocrx_word' id='word_1_401' title='bbox 1320 2882 1418 2939; x_wconf 87' lang='lat' dir='ltr'><strong>afflicta</strong></span> <span class='ocrx_word' id='word_1_402' title='bbox 1446 2879 1561 2939; x_wconf 83' lang='lat' dir='ltr'><strong>Ecclesia</strong></span> <span class='ocrx_word' id='word_1_403' title='bbox 1593 2881 1748 2951; x_wconf 93' lang='lat' dir='ltr'><strong>suppliciter</strong></span> 
     </span>
    </p>
   </div>
   <div class='ocr_carea' id='block_1_11' title="bbox 101 2970 1749 3227">
    <p class='ocr_par' dir='ltr' id='par_1_12' title="bbox 101 2970 1749 3227">
     <span class='ocr_line' id='line_1_50' title="bbox 101 2970 1747 3048; baseline -0.001 -22"><span class='ocrx_word' id='word_1_404' title='bbox 101 2988 153 3026; x_wconf 89' lang='lat' dir='ltr'><strong>nec</strong></span> <span class='ocrx_word' id='word_1_405' title='bbox 181 2979 299 3026; x_wconf 87' lang='lat' dir='ltr'><strong>rectores</strong></span> <span class='ocrx_word' id='word_1_406' title='bbox 323 2989 372 3027; x_wconf 91' lang='grc'><strong>000</strong></span> <span class='ocrx_word' id='word_1_407' title='bbox 395 2985 562 3032; x_wconf 90' lang='lat' dir='ltr'><strong>correctores</strong></span> <span class='ocrx_word' id='word_1_408' title='bbox 587 2977 802 3032; x_wconf 87' lang='lat' dir='ltr'><strong>condescendere</strong></span> <span class='ocrx_word' id='word_1_409' title='bbox 829 2976 897 3031; x_wconf 54' lang='lat' dir='ltr'><strong>ullae</strong></span> <span class='ocrx_word' id='word_1_410' title='bbox 951 2977 1119 3048; x_wconf 88' lang='lat' dir='ltr'><strong>deprecatur.</strong></span> <span class='ocrx_word' id='word_1_411' title='bbox 1136 2971 1263 3046; x_wconf 81' lang='lat' dir='ltr'><strong>Alioquin</strong></span> <span class='ocrx_word' id='word_1_412' title='bbox 1277 2973 1372 3028; x_wconf 90' lang='lat' dir='ltr'><strong>damus</strong></span> <span class='ocrx_word' id='word_1_413' title='bbox 1386 2986 1482 3028; x_wconf 90' lang='lat' dir='ltr'><strong>manus</strong></span> <span class='ocrx_word' id='word_1_414' title='bbox 1496 2970 1588 3037; x_wconf 86' lang='lat' dir='ltr'><strong>morti,</strong></span> <span class='ocrx_word' id='word_1_415' title='bbox 1603 2970 1747 3026; x_wconf 88' lang='lat' dir='ltr'><strong>tabescen-</strong></span> 
     </span>
     <span class='ocr_line' id='line_1_51' title="bbox 102 3060 1748 3134; baseline -0.001 -17"><span class='ocrx_word' id='word_1_416' title='bbox 102 3069 181 3117; x_wconf 90' lang='lat' dir='ltr'><strong>tenus</strong></span> <span class='ocrx_word' id='word_1_417' title='bbox 209 3062 392 3132; x_wconf 88' lang='lat' dir='ltr'><strong>acquiescunt.</strong></span> <span class='ocrx_word' id='word_1_418' title='bbox 419 3064 517 3122; x_wconf 89' lang='lat' dir='ltr'><strong>Omnes</strong></span> <span class='ocrx_word' id='word_1_419' title='bbox 545 3082 624 3122; x_wconf 92' lang='lat' dir='ltr'><strong>suum</strong></span> <span class='ocrx_word' id='word_1_420' title='bbox 657 3066 827 3121; x_wconf 90' lang='lat' dir='ltr'><strong>stomachum</strong></span> <span class='ocrx_word' id='word_1_421' title='bbox 855 3081 897 3121; x_wconf 92' lang='lat' dir='ltr'><strong>se-</strong></span> <span class='ocrx_word' id='word_1_422' title='bbox 951 3073 992 3121; x_wconf 92' lang='lat' dir='ltr'><strong>tes</strong></span> <span class='ocrx_word' id='word_1_423' title='bbox 1020 3072 1047 3121; x_wconf 92' lang='lat' dir='ltr'><strong>et</strong></span> <span class='ocrx_word' id='word_1_424' title='bbox 1068 3069 1221 3119; x_wconf 87' lang='lat' dir='ltr'><strong>arescentes</strong></span> <span class='ocrx_word' id='word_1_425' title='bbox 1235 3061 1394 3134; x_wconf 71' lang='lat' dir='ltr'><strong>praetimore</strong></span> <span class='ocrx_word' id='word_1_426' title='bbox 1408 3076 1442 3116; x_wconf 87' lang='lat' dir='ltr'><strong>ex</strong></span> <span class='ocrx_word' id='word_1_427' title='bbox 1460 3060 1663 3131; x_wconf 88' lang='lat' dir='ltr'><strong>exspectatione</strong></span> <span class='ocrx_word' id='word_1_428' title='bbox 1687 3077 1748 3131; x_wconf 83' lang='lat' dir='ltr'><strong>quae</strong></span> 
     </span>
     <span class='ocr_line' id='line_1_52' title="bbox 101 3148 1749 3227; baseline -0.001 -22"><span class='ocrx_word' id='word_1_429' title='bbox 101 3159 229 3222; x_wconf 91' lang='lat' dir='ltr'><strong>quuntur,</strong></span> <span class='ocrx_word' id='word_1_430' title='bbox 245 3157 272 3205; x_wconf 94' lang='lat' dir='ltr'><strong>et</strong></span> <span class='ocrx_word' id='word_1_431' title='bbox 295 3152 359 3207; x_wconf 92' lang='lat' dir='ltr'><strong>totis</strong></span> <span class='ocrx_word' id='word_1_432' title='bbox 373 3152 476 3210; x_wconf 90' lang='lat' dir='ltr'><strong>viribus</strong></span> <span class='ocrx_word' id='word_1_433' title='bbox 497 3153 589 3213; x_wconf 86' lang='lat' dir='ltr'><strong>funem</strong></span> <span class='ocrx_word' id='word_1_434' title='bbox 614 3155 642 3211; x_wconf 93' lang='lat' dir='ltr'><strong>in</strong></span> <span class='ocrx_word' id='word_1_435' title='bbox 666 3155 771 3211; x_wconf 87' lang='lat' dir='ltr'><strong>diversa</strong></span> <span class='ocrx_word' id='word_1_436' title='bbox 786 3155 896 3211; x_wconf 86' lang='lat' dir='ltr'><strong>trahen—</strong></span> <span class='ocrx_word' id='word_1_437' title='bbox 951 3159 1164 3227; x_wconf 88' lang='lat' dir='ltr'><strong>supervenernnt</strong></span> <span class='ocrx_word' id='word_1_438' title='bbox 1186 3150 1311 3207; x_wconf 89' lang='lat' dir='ltr'><strong>universo</strong></span> <span class='ocrx_word' id='word_1_439' title='bbox 1335 3149 1405 3206; x_wconf 86' lang='lat' dir='ltr'><strong>orbi.</strong></span> <span class='ocrx_word' id='word_1_440' title='bbox 1434 3148 1573 3221; x_wconf 87' lang='lat' dir='ltr'><strong>Siquidem</strong></span> <span class='ocrx_word' id='word_1_441' title='bbox 1595 3149 1749 3220; x_wconf 89' lang='lat' dir='ltr'><strong>deprecatio</strong></span> 
     </span>
    </p>
   </div>
   <div class='ocr_carea' id='block_1_12' title="bbox 103 3240 897 3316">
    <p class='ocr_par' dir='ltr' id='par_1_13' title="bbox 103 3240 897 3316">
     <span class='ocr_line' id='line_1_53' title="bbox 103 3240 897 3316; baseline 0.005 -21"><span class='ocrx_word' id='word_1_442' title='bbox 103 3249 153 3307; x_wconf 92' lang='lat' dir='ltr'><strong>tes,</strong></span> <span class='ocrx_word' id='word_1_443' title='bbox 170 3248 309 3312; x_wconf 89' lang='lat' dir='ltr'><strong>rumpunt.</strong></span> <span class='ocrx_word' id='word_1_444' title='bbox 326 3240 398 3297; x_wconf 90' lang='lat' dir='ltr'><strong>lleul</strong></span> <span class='ocrx_word' id='word_1_445' title='bbox 414 3244 529 3300; x_wconf 90' lang='lat' dir='ltr'><strong>necdum</strong></span> <span class='ocrx_word' id='word_1_446' title='bbox 554 3243 654 3298; x_wconf 89' lang='lat' dir='ltr'><strong>recenti</strong></span> <span class='ocrx_word' id='word_1_447' title='bbox 668 3243 796 3299; x_wconf 84' lang='lat' dir='ltr'><strong>Ecclesiae</strong></span> <span class='ocrx_word' id='word_1_448' title='bbox 811 3244 897 3316; x_wconf 83' lang='lat' dir='ltr'><strong>plagae</strong></span> 
     </span>
    </p>
   </div>
   <div class='ocr_carea' id='block_1_13' title="bbox 14 3330 895 3404">
    <p class='ocr_par' dir='ltr' id='par_1_14' title="bbox 14 3330 895 3404">
     <span class='ocr_line' id='line_1_54' title="bbox 14 3330 895 3404; baseline 0.001 -19"><span class='ocrx_word' id='word_1_449' title='bbox 14 3360 19 3364; x_wconf 97' lang='lat'><em>-</em></span> <span class='ocrx_word' id='word_1_450' title='bbox 103 3331 177 3402; x_wconf 97' lang='grc'>(572)</span> <span class='ocrx_word' id='word_1_451' title='bbox 201 3330 309 3386; x_wconf 77' lang='lat' dir='ltr'><strong>cicatrix</strong></span> <span class='ocrx_word' id='word_1_452' title='bbox 325 3331 458 3402; x_wconf 82' lang='lat' dir='ltr'><strong>occalluit,</strong></span> <span class='ocrx_word' id='word_1_453' title='bbox 475 3342 501 3386; x_wconf 89' lang='lat' dir='ltr'><strong>et</strong></span> <span class='ocrx_word' id='word_1_454' title='bbox 518 3349 623 3388; x_wconf 89' lang='lat' dir='ltr'><strong>rursum</strong></span> <span class='ocrx_word' id='word_1_455' title='bbox 646 3333 772 3388; x_wconf 89' lang='lat' dir='ltr'><strong>scindere</strong></span> <span class='ocrx_word' id='word_1_456' title='bbox 792 3339 895 3404; x_wconf 87' lang='lat' dir='ltr'><strong>parant,</strong></span> 
     </span>
    </p>
   </div>
   <div class='ocr_carea' id='block_1_14' title="bbox 104 3419 896 3494">
    <p class='ocr_par' dir='ltr' id='par_1_15' title="bbox 104 3419 896 3494">
     <span class='ocr_line' id='line_1_55' title="bbox 104 3419 896 3494; baseline 0.003 -18"><span class='ocrx_word' id='word_1_457' title='bbox 104 3435 198 3476; x_wconf 91' lang='lat' dir='ltr'><strong>rursus</strong></span> <span class='ocrx_word' id='word_1_458' title='bbox 222 3435 323 3491; x_wconf 92' lang='lat' dir='ltr'><strong>corpus</strong></span> <span class='ocrx_word' id='word_1_459' title='bbox 344 3419 443 3475; x_wconf 88' lang='lat' dir='ltr'><strong>Christi</strong></span> <span class='ocrx_word' id='word_1_460' title='bbox 458 3420 570 3494; x_wconf 83' lang='lat' dir='ltr'><strong>ailigere</strong></span> <span class='ocrx_word' id='word_1_461' title='bbox 593 3421 676 3491; x_wconf 91' lang='lat' dir='ltr'><strong>cruci,</strong></span> <span class='ocrx_word' id='word_1_462' title='bbox 693 3437 785 3477; x_wconf 91' lang='lat' dir='ltr'><strong>rursus</strong></span> <span class='ocrx_word' id='word_1_463' title='bbox 805 3420 896 3478; x_wconf 86' lang='lat' dir='ltr'><strong>fodere</strong></span> 
     </span>
    </p>
   </div>
   <div class='ocr_carea' id='block_1_15' title="bbox 104 3525 906 5593">
    <p class='ocr_par' dir='ltr' id='par_1_16' title="bbox 104 3525 899 3956">
     <span class='ocr_line' id='line_1_56' title="bbox 104 3525 898 3601; baseline 0.004 -20"><span class='ocrx_word' id='word_1_464' title='bbox 104 3527 169 3601; x_wconf 90' lang='lat' dir='ltr'><strong>(quo</strong></span> <span class='ocrx_word' id='word_1_465' title='bbox 185 3526 292 3581; x_wconf 90' lang='lat' dir='ltr'><strong>nomine</strong></span> <span class='ocrx_word' id='word_1_466' title='bbox 315 3525 426 3581; x_wconf 89' lang='lat' dir='ltr'><strong>interest</strong></span> <span class='ocrx_word' id='word_1_467' title='bbox 450 3527 564 3594; x_wconf 85' lang='lat' dir='ltr'><strong>pactioni</strong></span> <span class='ocrx_word' id='word_1_468' title='bbox 578 3527 648 3582; x_wconf 87' lang='lat' dir='ltr'><strong>iuter</strong></span> <span class='ocrx_word' id='word_1_469' title='bbox 671 3529 898 3584; x_wconf 74' lang='grc'>[0100100010-</span> 
     </span>
     <span class='ocr_line' id='line_1_57' title="bbox 104 3597 897 3669; baseline 0.005 -15"><span class='ocrx_word' id='word_1_470' title='bbox 104 3599 208 3655; x_wconf 91' lang='lat' dir='ltr'><strong>niorem</strong></span> <span class='ocrx_word' id='word_1_471' title='bbox 232 3605 259 3652; x_wconf 91' lang='lat' dir='ltr'><strong>et</strong></span> <span class='ocrx_word' id='word_1_472' title='bbox 277 3597 432 3669; x_wconf 73' lang='lat' dir='ltr'><strong>argrimum</strong></span> <span class='ocrx_word' id='word_1_473' title='bbox 447 3598 665 3654; x_wconf 83' lang='lat' dir='ltr'><strong>archidiaconum</strong></span> <span class='ocrx_word' id='word_1_474' title='bbox 680 3598 897 3658; x_wconf 72' lang='lat' dir='ltr'><strong>aurelianensem</strong></span> 
     </span>
     <span class='ocr_line' id='line_1_58' title="bbox 104 3668 896 3752; baseline -0.001 -26"><span class='ocrx_word' id='word_1_475' title='bbox 104 3671 187 3735; x_wconf 84' lang='lat' dir='ltr'><strong>initae,</strong></span> <span class='ocrx_word' id='word_1_476' title='bbox 203 3669 274 3750; x_wconf 90' lang='lat' dir='ltr'><strong>apud</strong></span> <span class='ocrx_word' id='word_1_477' title='bbox 290 3668 434 3724; x_wconf 86' lang='lat' dir='ltr'><strong>Chesniunr</strong></span> <span class='ocrx_word' id='word_1_478' title='bbox 453 3677 526 3724; x_wconf 93' lang='lat' dir='ltr'><strong>tomo</strong></span> <span class='ocrx_word' id='word_1_479' title='bbox 552 3668 596 3735; x_wconf 89' lang='lat' dir='ltr'><strong>tv,</strong></span> <span class='ocrx_word' id='word_1_480' title='bbox 617 3687 679 3752; x_wconf 85' lang='lat' dir='ltr'><strong>pag.</strong></span> <span class='ocrx_word' id='word_1_481' title='bbox 695 3670 769 3743; x_wconf 81' lang='grc'>751),</span> <span class='ocrx_word' id='word_1_482' title='bbox 788 3672 896 3727; x_wconf 90' lang='lat' dir='ltr'><strong>demum</strong></span> 
     </span>
     <span class='ocr_line' id='line_1_59' title="bbox 105 3740 899 3814; baseline 0.001 -15"><span class='ocrx_word' id='word_1_483' title='bbox 105 3740 247 3799; x_wconf 82' lang='lat' dir='ltr'><strong>cardinalis</strong></span> <span class='ocrx_word' id='word_1_484' title='bbox 271 3743 304 3795; x_wconf 90' lang='lat' dir='ltr'><strong>ab</strong></span> <span class='ocrx_word' id='word_1_485' title='bbox 328 3741 484 3796; x_wconf 89' lang='grc'>1000000110</span> <span class='ocrx_word' id='word_1_486' title='bbox 507 3751 681 3806; x_wconf 88' lang='lat' dir='ltr'><strong>creatus,v1r</strong></span> <span class='ocrx_word' id='word_1_487' title='bbox 704 3757 806 3814; x_wconf 73' lang='lat' dir='ltr'><strong>magnae</strong></span> <span class='ocrx_word' id='word_1_488' title='bbox 830 3741 899 3800; x_wconf 88' lang='lat' dir='ltr'><strong>inle-</strong></span> 
     </span>
     <span class='ocr_line' id='line_1_60' title="bbox 106 3811 895 3884; baseline 0.005 -18"><span class='ocrx_word' id='word_1_489' title='bbox 106 3812 220 3884; x_wconf 73' lang='lat' dir='ltr'><strong>gritatiS,</strong></span> <span class='ocrx_word' id='word_1_490' title='bbox 235 3827 267 3866; x_wconf 83' lang='lat' dir='ltr'><strong>ex</strong></span> <span class='ocrx_word' id='word_1_491' title='bbox 281 3811 415 3867; x_wconf 88' lang='lat' dir='ltr'><strong>Chronico</strong></span> <span class='ocrx_word' id='word_1_492' title='bbox 425 3811 602 3875; x_wconf 87' lang='lat' dir='ltr'><strong>Cluniuceusi,</strong></span> <span class='ocrx_word' id='word_1_493' title='bbox 615 3813 666 3868; x_wconf 90' lang='lat' dir='ltr'><strong>sub</strong></span> <span class='ocrx_word' id='word_1_494' title='bbox 680 3814 775 3868; x_wconf 79' lang='lat' dir='ltr'><strong>Pontio</strong></span> <span class='ocrx_word' id='word_1_495' title='bbox 789 3815 895 3870; x_wconf 87' lang='lat' dir='ltr'><strong>abbate.</strong></span> 
     </span>
     <span class='ocr_line' id='line_1_61' title="bbox 105 3882 895 3956; baseline 0.004 -18"><span class='ocrx_word' id='word_1_496' title='bbox 105 3883 147 3938; x_wconf 87' lang='lat' dir='ltr'><strong>Ad</strong></span> <span class='ocrx_word' id='word_1_497' title='bbox 157 3884 207 3936; x_wconf 90' lang='lat' dir='ltr'><strong>hos</strong></span> <span class='ocrx_word' id='word_1_498' title='bbox 221 3882 370 3938; x_wconf 89' lang='lat' dir='ltr'><strong>cardinales</strong></span> <span class='ocrx_word' id='word_1_499' title='bbox 379 3883 442 3937; x_wconf 91' lang='lat' dir='ltr'><strong>item</strong></span> <span class='ocrx_word' id='word_1_500' title='bbox 453 3883 566 3953; x_wconf 86' lang='lat' dir='ltr'><strong>epistola</strong></span> <span class='ocrx_word' id='word_1_501' title='bbox 575 3887 627 3939; x_wconf 87' lang='grc'><strong>230</strong></span> <span class='ocrx_word' id='word_1_502' title='bbox 637 3895 664 3940; x_wconf 86' lang='grc'><strong>01</strong></span> <span class='ocrx_word' id='word_1_503' title='bbox 673 3884 733 3939; x_wconf 84' lang='lat' dir='ltr'><strong>duae</strong></span> <span class='ocrx_word' id='word_1_504' title='bbox 743 3893 895 3956; x_wconf 84' lang='lat' dir='ltr'><strong>sequentes.</strong></span> 
     </span>
    </p>

    <p class='ocr_par' dir='ltr' id='par_1_17' title="bbox 105 3953 903 4507">
     <span class='ocr_line' id='line_1_62' title="bbox 142 3953 896 4024; baseline 0.004 -15"><span class='ocrx_word' id='word_1_505' title='bbox 142 3955 215 4022; x_wconf 81' lang='grc'>(570)</span> <span class='ocrx_word' id='word_1_506' title='bbox 234 3953 277 4009; x_wconf 91' lang='lat' dir='ltr'><strong>Sic</strong></span> <span class='ocrx_word' id='word_1_507' title='bbox 301 3955 371 4010; x_wconf 92' lang='lat' dir='ltr'><strong>dicta</strong></span> <span class='ocrx_word' id='word_1_508' title='bbox 394 3971 409 4009; x_wconf 91' lang='lat' dir='ltr'><strong>a</strong></span> <span class='ocrx_word' id='word_1_509' title='bbox 431 3955 561 4011; x_wconf 89' lang='lat' dir='ltr'><strong>Gniberto</strong></span> <span class='ocrx_word' id='word_1_510' title='bbox 584 3957 738 4011; x_wconf 82' lang='lat' dir='ltr'><strong>Ravennate</strong></span> <span class='ocrx_word' id='word_1_511' title='bbox 760 3954 896 4024; x_wconf 87' lang='grc'>0010000,</span> 
     </span>
     <span class='ocr_line' id='line_1_63' title="bbox 105 3973 897 4099; baseline 0.001 -18"><span class='ocrx_word' id='word_1_512' title='bbox 105 4041 184 4097; x_wconf 91' lang='lat' dir='ltr'><strong>quem</strong></span> <span class='ocrx_word' id='word_1_513' title='bbox 200 4024 331 4081; x_wconf 89' lang='lat' dir='ltr'><strong>Heuricns</strong></span> <span class='ocrx_word' id='word_1_514' title='bbox 341 4028 376 4082; x_wconf 86' lang='lat' dir='ltr'><strong>lv</strong></span> <span class='ocrx_word' id='word_1_515' title='bbox 387 4026 532 4095; x_wconf 84' lang='lat' dir='ltr'><strong>imperator</strong></span> <span class='ocrx_word' id='word_1_516' title='bbox 542 4027 694 4099; x_wconf 87' lang='lat' dir='ltr'><strong>antipapam</strong></span> <span class='ocrx_word' id='word_1_517' title='bbox 705 4025 839 4099; x_wconf 86' lang='lat' dir='ltr'><strong>Gregorio</strong></span> <span class='ocrx_word' id='word_1_518' title='bbox 849 3973 897 4082; x_wconf 46' lang='lat' dir='ltr'><strong>ful</strong></span> 
     </span>
     <span class='ocr_line' id='line_1_64' title="bbox 106 4095 895 4167; baseline 0.001 -15"><span class='ocrx_word' id='word_1_519' title='bbox 106 4105 133 4153; x_wconf 90' lang='lat' dir='ltr'><strong>et</strong></span> <span class='ocrx_word' id='word_1_520' title='bbox 147 4097 234 4152; x_wconf 90' lang='lat' dir='ltr'><strong>tribus</strong></span> <span class='ocrx_word' id='word_1_521' title='bbox 255 4096 430 4166; x_wconf 88' lang='lat' dir='ltr'><strong>sequentibus</strong></span> <span class='ocrx_word' id='word_1_522' title='bbox 448 4097 575 4167; x_wconf 86' lang='lat' dir='ltr'><strong>legitimis</strong></span> <span class='ocrx_word' id='word_1_523' title='bbox 594 4095 766 4154; x_wconf 84' lang='lat' dir='ltr'><strong>Pontificibus</strong></span> <span class='ocrx_word' id='word_1_524' title='bbox 787 4098 895 4166; x_wconf 87' lang='lat' dir='ltr'><strong>objecit.</strong></span> 
     </span>
     <span class='ocr_line' id='line_1_65' title="bbox 105 4166 899 4240; baseline 0.003 -17"><span class='ocrx_word' id='word_1_525' title='bbox 105 4168 251 4223; x_wconf 82' lang='lat' dir='ltr'><strong>Mauricius</strong></span> <span class='ocrx_word' id='word_1_526' title='bbox 265 4166 399 4222; x_wconf 87' lang='lat' dir='ltr'><strong>Eurdinus</strong></span> <span class='ocrx_word' id='word_1_527' title='bbox 414 4170 477 4223; x_wconf 89' lang='lat' dir='ltr'><strong>item</strong></span> <span class='ocrx_word' id='word_1_528' title='bbox 491 4169 663 4223; x_wconf 88' lang='lat' dir='ltr'><strong>Bracarensis</strong></span> <span class='ocrx_word' id='word_1_529' title='bbox 677 4167 899 4240; x_wconf 87' lang='lat' dir='ltr'><strong>archiepiscopus</strong></span> 
     </span>
     <span class='ocr_line' id='line_1_66' title="bbox 107 4236 900 4307; baseline 0.004 -15"><span class='ocrx_word' id='word_1_530' title='bbox 107 4239 140 4292; x_wconf 90' lang='lat' dir='ltr'><strong>ab</strong></span> <span class='ocrx_word' id='word_1_531' title='bbox 163 4237 279 4292; x_wconf 87' lang='lat' dir='ltr'><strong>Heuricc</strong></span> <span class='ocrx_word' id='word_1_532' title='bbox 303 4236 323 4288; x_wconf 88' lang='lat' dir='ltr'>V</span> <span class='ocrx_word' id='word_1_533' title='bbox 346 4238 464 4292; x_wconf 86' lang='lat' dir='ltr'><strong>intrusus</strong></span> <span class='ocrx_word' id='word_1_534' title='bbox 483 4240 509 4292; x_wconf 91' lang='lat' dir='ltr'><strong>in</strong></span> <span class='ocrx_word' id='word_1_535' title='bbox 533 4240 624 4295; x_wconf 89' lang='lat' dir='ltr'><strong>sedem</strong></span> <span class='ocrx_word' id='word_1_536' title='bbox 647 4240 803 4307; x_wconf 86' lang='lat' dir='ltr'><strong>Romanam,</strong></span> <span class='ocrx_word' id='word_1_537' title='bbox 818 4256 834 4295; x_wconf 94' lang='lat' dir='ltr'><strong>a</strong></span> <span class='ocrx_word' id='word_1_538' title='bbox 851 4241 900 4296; x_wconf 92' lang='lat' dir='ltr'><strong>Ca-</strong></span> 
     </span>
     <span class='ocr_line' id='line_1_67' title="bbox 107 4307 903 4369; baseline 0.006 -7"><span class='ocrx_word' id='word_1_539' title='bbox 107 4308 172 4363; x_wconf 78' lang='grc'>11010</span> <span class='ocrx_word' id='word_1_540' title='bbox 187 4307 219 4369; x_wconf 91' lang='grc'><strong>11,</strong></span> <span class='ocrx_word' id='word_1_541' title='bbox 234 4307 343 4361; x_wconf 90' lang='lat' dir='ltr'><strong>tandem</strong></span> <span class='ocrx_word' id='word_1_542' title='bbox 358 4310 386 4361; x_wconf 92' lang='lat' dir='ltr'><strong>in</strong></span> <span class='ocrx_word' id='word_1_543' title='bbox 409 4308 530 4364; x_wconf 84' lang='lat' dir='ltr'><strong>cavense</strong></span> <span class='ocrx_word' id='word_1_544' title='bbox 552 4313 742 4366; x_wconf 87' lang='lat' dir='ltr'><strong>monasterium</strong></span> <span class='ocrx_word' id='word_1_545' title='bbox 757 4322 876 4367; x_wconf 88' lang='lat' dir='ltr'><strong>retrusus</strong></span> <span class='ocrx_word' id='word_1_546' title='bbox 896 4332 903 4368; x_wconf 77' lang='lat' dir='ltr'>z</span> 
     </span>
     <span class='ocr_line' id='line_1_68' title="bbox 108 4376 901 4453; baseline 0.004 -18"><span class='ocrx_word' id='word_1_547' title='bbox 108 4381 187 4447; x_wconf 80' lang='lat' dir='ltr'><strong>cujtrs</strong></span> <span class='ocrx_word' id='word_1_548' title='bbox 202 4376 289 4432; x_wconf 89' lang='lat' dir='ltr'><strong>Vitam</strong></span> <span class='ocrx_word' id='word_1_549' title='bbox 314 4380 452 4449; x_wconf 87' lang='lat' dir='ltr'><strong>eleganter</strong></span> <span class='ocrx_word' id='word_1_550' title='bbox 476 4380 583 4451; x_wconf 91' lang='lat' dir='ltr'><strong>scripsit</strong></span> <span class='ocrx_word' id='word_1_551' title='bbox 603 4381 754 4453; x_wconf 90' lang='lat' dir='ltr'><strong>Stephanus</strong></span> <span class='ocrx_word' id='word_1_552' title='bbox 776 4384 901 4440; x_wconf 84' lang='lat' dir='ltr'><strong>Baluains</strong></span> 
     </span>
     <span class='ocr_line' id='line_1_69' title="bbox 108 4448 612 4507; baseline 0 -2"><span class='ocrx_word' id='word_1_553' title='bbox 108 4449 135 4505; x_wconf 92' lang='grc'><strong>10</strong></span> <span class='ocrx_word' id='word_1_554' title='bbox 155 4448 384 4506; x_wconf 89' lang='lat' dir='ltr'><strong>llliscellaneorum</strong></span> <span class='ocrx_word' id='word_1_555' title='bbox 399 4459 471 4507; x_wconf 89' lang='lat' dir='ltr'><strong>tomo</strong></span> <span class='ocrx_word' id='word_1_556' title='bbox 486 4451 530 4506; x_wconf 94' lang='lat' dir='ltr'><strong>lll.</strong></span> <span class='ocrx_word' id='word_1_557' title='bbox 610 4475 612 4479; x_wconf 95' lang='lat'>·</span> 
     </span>
    </p>

    <p class='ocr_par' dir='ltr' id='par_1_18' title="bbox 143 4520 562 4592">
     <span class='ocr_line' id='line_1_70' title="bbox 143 4520 562 4592; baseline 0.005 -18"><span class='ocrx_word' id='word_1_558' title='bbox 143 4520 204 4592; x_wconf 87' lang='grc'>(571</span> <span class='ocrx_word' id='word_1_559' title='bbox 238 4522 359 4577; x_wconf 89' lang='lat' dir='ltr'><strong>Schisma</strong></span> <span class='ocrx_word' id='word_1_560' title='bbox 373 4524 443 4578; x_wconf 88' lang='lat' dir='ltr'><strong>Petri</strong></span> <span class='ocrx_word' id='word_1_561' title='bbox 458 4523 562 4579; x_wconf 87' lang='lat' dir='ltr'><strong>Leonis.</strong></span> 
     </span>
    </p>

    <p class='ocr_par' dir='ltr' id='par_1_19' title="bbox 146 4592 669 4664">
     <span class='ocr_line' id='line_1_71' title="bbox 146 4592 669 4664; baseline 0 -15"><span class='ocrx_word' id='word_1_562' title='bbox 146 4592 209 4664; x_wconf 81' lang='grc'>(572</span> <span class='ocrx_word' id='word_1_563' title='bbox 238 4592 380 4650; x_wconf 89' lang='lat' dir='ltr'><strong>Schismati</strong></span> <span class='ocrx_word' id='word_1_564' title='bbox 397 4592 522 4649; x_wconf 90' lang='lat' dir='ltr'><strong>nimirum</strong></span> <span class='ocrx_word' id='word_1_565' title='bbox 538 4593 669 4649; x_wconf 86' lang='lat' dir='ltr'><strong>hnacleti.</strong></span> 
     </span>
    </p>

    <p class='ocr_par' dir='ltr' id='par_1_20' title="bbox 110 4664 901 4809">
     <span class='ocr_line' id='line_1_72' title="bbox 145 4664 901 4738; baseline 0 -18"><span class='ocrx_word' id='word_1_566' title='bbox 145 4667 208 4738; x_wconf 87' lang='grc'>(573</span> <span class='ocrx_word' id='word_1_567' title='bbox 240 4664 269 4718; x_wconf 91' lang='grc'><strong>10</strong></span> <span class='ocrx_word' id='word_1_568' title='bbox 293 4679 347 4719; x_wconf 92' lang='lat' dir='ltr'><strong>uno</strong></span> <span class='ocrx_word' id='word_1_569' title='bbox 374 4664 540 4730; x_wconf 78' lang='lat' dir='ltr'><strong>colbertino,</strong></span> <span class='ocrx_word' id='word_1_570' title='bbox 562 4669 747 4738; x_wconf 82' lang='grc'>0000010000,</span> <span class='ocrx_word' id='word_1_571' title='bbox 772 4667 841 4722; x_wconf 89' lang='grc'>5000</span> <span class='ocrx_word' id='word_1_572' title='bbox 868 4666 901 4720; x_wconf 90' lang='lat' dir='ltr'><strong>ad</strong></span> 
     </span>
     <span class='ocr_line' id='line_1_73' title="bbox 110 4735 590 4809; baseline -0.002 -16"><span class='ocrx_word' id='word_1_573' title='bbox 110 4752 235 4802; x_wconf 78' lang='lat' dir='ltr'><strong>sensum3</strong></span> <span class='ocrx_word' id='word_1_574' title='bbox 253 4735 358 4802; x_wconf 90' lang='lat' dir='ltr'><strong>melius,</strong></span> <span class='ocrx_word' id='word_1_575' title='bbox 374 4741 590 4809; x_wconf 72' lang='lat' dir='ltr'><strong>expugnatores.</strong></span> 
     </span>
    </p>

    <p class='ocr_par' dir='ltr' id='par_1_21' title="bbox 111 4805 906 5593">
     <span class='ocr_line' id='line_1_74' title="bbox 148 4805 902 4892; baseline 0.001 -30"><span class='ocrx_word' id='word_1_576' title='bbox 148 4807 222 4876; x_wconf 86' lang='grc'>(571)</span> <span class='ocrx_word' id='word_1_577' title='bbox 237 4807 302 4861; x_wconf 89' lang='lat' dir='ltr'><strong>Rem</strong></span> <span class='ocrx_word' id='word_1_578' title='bbox 318 4805 353 4860; x_wconf 89' lang='lat' dir='ltr'><strong>ita</strong></span> <span class='ocrx_word' id='word_1_579' title='bbox 368 4818 459 4864; x_wconf 88' lang='lat' dir='ltr'><strong>narrat</strong></span> <span class='ocrx_word' id='word_1_580' title='bbox 472 4808 627 4865; x_wconf 89' lang='lat' dir='ltr'><strong>Willelmus</strong></span> <span class='ocrx_word' id='word_1_581' title='bbox 640 4807 762 4892; x_wconf 85' lang='lat' dir='ltr'><strong>Naugius</strong></span> <span class='ocrx_word' id='word_1_582' title='bbox 775 4809 803 4863; x_wconf 92' lang='lat' dir='ltr'><strong>iu</strong></span> <span class='ocrx_word' id='word_1_583' title='bbox 817 4807 902 4863; x_wconf 87' lang='lat' dir='ltr'><strong>Chro-</strong></span> 
     </span>
     <span class='ocr_line' id='line_1_75' title="bbox 111 4877 902 4951; baseline 0.003 -17"><span class='ocrx_word' id='word_1_584' title='bbox 111 4878 195 4934; x_wconf 87' lang='lat' dir='ltr'><strong>nico:</strong></span> <span class='ocrx_word' id='word_1_585' title='bbox 218 4877 326 4933; x_wconf 77' lang='lat' dir='ltr'><strong>«Anno</strong></span> <span class='ocrx_word' id='word_1_586' title='bbox 352 4880 421 4933; x_wconf 83' lang='grc'>1112</span> <span class='ocrx_word' id='word_1_587' title='bbox 445 4890 503 4936; x_wconf 92' lang='lat' dir='ltr'><strong>orta</strong></span> <span class='ocrx_word' id='word_1_588' title='bbox 519 4880 687 4936; x_wconf 86' lang='lat' dir='ltr'><strong>dissensione</strong></span> <span class='ocrx_word' id='word_1_589' title='bbox 711 4886 780 4935; x_wconf 90' lang='lat' dir='ltr'><strong>mter</strong></span> <span class='ocrx_word' id='word_1_590' title='bbox 803 4896 902 4951; x_wconf 90' lang='lat' dir='ltr'><strong>papam</strong></span> 
     </span>
     <span class='ocr_line' id='line_1_76' title="bbox 112 4949 903 5023; baseline 0.006 -21"><span class='ocrx_word' id='word_1_591' title='bbox 112 4949 296 5005; x_wconf 87' lang='lat' dir='ltr'><strong>innocentium</strong></span> <span class='ocrx_word' id='word_1_592' title='bbox 318 4958 346 5004; x_wconf 90' lang='lat' dir='ltr'><strong>et</strong></span> <span class='ocrx_word' id='word_1_593' title='bbox 364 4966 454 5023; x_wconf 83' lang='lat' dir='ltr'><strong>regem</strong></span> <span class='ocrx_word' id='word_1_594' title='bbox 477 4951 637 5007; x_wconf 81' lang='lat' dir='ltr'><strong>Francorum</strong></span> <span class='ocrx_word' id='word_1_595' title='bbox 662 4951 838 5015; x_wconf 88' lang='lat' dir='ltr'><strong>Ludovioum,</strong></span> <span class='ocrx_word' id='word_1_596' title='bbox 854 4950 903 5007; x_wconf 91' lang='lat' dir='ltr'><strong>Ec-</strong></span> 
     </span>
     <span class='ocr_line' id='line_1_77' title="bbox 112 5019 903 5078; baseline 0 -2"><span class='ocrx_word' id='word_1_597' title='bbox 112 5020 190 5076; x_wconf 87' lang='lat' dir='ltr'><strong>clesia</strong></span> <span class='ocrx_word' id='word_1_598' title='bbox 214 5019 351 5076; x_wconf 88' lang='lat' dir='ltr'><strong>Gallicana</strong></span> <span class='ocrx_word' id='word_1_599' title='bbox 366 5027 499 5078; x_wconf 85' lang='lat' dir='ltr'><strong>turbatur.</strong></span> <span class='ocrx_word' id='word_1_600' title='bbox 515 5024 583 5077; x_wconf 90' lang='lat' dir='ltr'><strong>Nam</strong></span> <span class='ocrx_word' id='word_1_601' title='bbox 603 5021 730 5078; x_wconf 76' lang='lat' dir='ltr'><strong>defuncto</strong></span> <span class='ocrx_word' id='word_1_602' title='bbox 746 5022 903 5078; x_wconf 80' lang='lat' dir='ltr'><strong>bituricensi</strong></span> 
     </span>
     <span class='ocr_line' id='line_1_78' title="bbox 112 5090 903 5167; baseline 0.006 -23"><span class='ocrx_word' id='word_1_603' title='bbox 112 5090 317 5164; x_wconf 88' lang='lat' dir='ltr'><strong>archiepiscopo</strong></span> <span class='ocrx_word' id='word_1_604' title='bbox 330 5092 468 5160; x_wconf 76' lang='lat' dir='ltr'><strong>alberico,</strong></span> <span class='ocrx_word' id='word_1_605' title='bbox 486 5094 587 5149; x_wconf 90' lang='lat' dir='ltr'><strong>missus</strong></span> <span class='ocrx_word' id='word_1_606' title='bbox 610 5102 650 5149; x_wconf 91' lang='lat' dir='ltr'><strong>est</strong></span> <span class='ocrx_word' id='word_1_607' title='bbox 674 5094 809 5159; x_wconf 87' lang='lat' dir='ltr'><strong>Petrus,a</strong></span> <span class='ocrx_word' id='word_1_608' title='bbox 834 5110 903 5167; x_wconf 87' lang='lat' dir='ltr'><strong>papa</strong></span> 
     </span>
     <span class='ocr_line' id='line_1_79' title="bbox 113 5162 904 5235; baseline 0.008 -21"><span class='ocrx_word' id='word_1_609' title='bbox 113 5162 235 5228; x_wconf 77' lang='lat' dir='ltr'><strong>eiusdem</strong></span> <span class='ocrx_word' id='word_1_610' title='bbox 262 5164 383 5219; x_wconf 81' lang='lat' dir='ltr'><strong>ecclesiae</strong></span> <span class='ocrx_word' id='word_1_611' title='bbox 408 5173 497 5235; x_wconf 88' lang='lat' dir='ltr'><strong>paster</strong></span> <span class='ocrx_word' id='word_1_612' title='bbox 519 5174 698 5221; x_wconf 89' lang='lat' dir='ltr'><strong>consecratus.</strong></span> <span class='ocrx_word' id='word_1_613' title='bbox 723 5165 775 5220; x_wconf 87' lang='lat' dir='ltr'><strong>Sed</strong></span> <span class='ocrx_word' id='word_1_614' title='bbox 799 5181 815 5221; x_wconf 94' lang='lat' dir='ltr'><strong>a</strong></span> <span class='ocrx_word' id='word_1_615' title='bbox 840 5181 904 5235; x_wconf 81' lang='lat' dir='ltr'><strong>rege</strong></span> 
     </span>
     <span class='ocr_line' id='line_1_80' title="bbox 113 5231 904 5313; baseline 0.004 -25"><span class='ocrx_word' id='word_1_616' title='bbox 113 5231 248 5313; x_wconf 64' lang='lat' dir='ltr'><strong>ludovico</strong></span> <span class='ocrx_word' id='word_1_617' title='bbox 264 5235 427 5302; x_wconf 86' lang='lat' dir='ltr'><strong>repudiatus,</strong></span> <span class='ocrx_word' id='word_1_618' title='bbox 444 5237 532 5292; x_wconf 90' lang='grc'>00010</span> <span class='ocrx_word' id='word_1_619' title='bbox 547 5238 614 5292; x_wconf 88' lang='grc'>0050</span> <span class='ocrx_word' id='word_1_620' title='bbox 629 5235 766 5303; x_wconf 88' lang='lat' dir='ltr'><strong>recipitur,</strong></span> <span class='ocrx_word' id='word_1_621' title='bbox 782 5252 815 5292; x_wconf 92' lang='lat' dir='ltr'><strong>eo</strong></span> <span class='ocrx_word' id='word_1_622' title='bbox 830 5235 904 5310; x_wconf 92' lang='lat' dir='ltr'><strong>quod</strong></span> 
     </span>
     <span class='ocr_line' id='line_1_81' title="bbox 113 5306 904 5379; baseline 0.006 -22"><span class='ocrx_word' id='word_1_623' title='bbox 113 5317 171 5357; x_wconf 85' lang='lat' dir='ltr'><strong>erne</strong></span> <span class='ocrx_word' id='word_1_624' title='bbox 196 5306 255 5375; x_wconf 82' lang='lat' dir='ltr'><strong>ejus</strong></span> <span class='ocrx_word' id='word_1_625' title='bbox 277 5321 389 5362; x_wconf 90' lang='lat' dir='ltr'><strong>assensu</strong></span> <span class='ocrx_word' id='word_1_626' title='bbox 410 5306 494 5364; x_wconf 77' lang='lat' dir='ltr'><strong>laverat</strong></span> <span class='ocrx_word' id='word_1_627' title='bbox 519 5309 667 5364; x_wconf 90' lang='lat' dir='ltr'><strong>ordinatus.</strong></span> <span class='ocrx_word' id='word_1_628' title='bbox 691 5309 749 5379; x_wconf 91' lang='lat' dir='ltr'><strong>lpse</strong></span> <span class='ocrx_word' id='word_1_629' title='bbox 773 5324 836 5365; x_wconf 91' lang='lat' dir='ltr'><strong>vero</strong></span> <span class='ocrx_word' id='word_1_630' title='bbox 859 5323 904 5362; x_wconf 91' lang='lat' dir='ltr'><strong>rex</strong></span> 
     </span>
     <span class='ocr_line' id='line_1_82' title="bbox 115 5373 904 5437; baseline 0.008 -11"><span class='ocrx_word' id='word_1_631' title='bbox 115 5373 263 5433; x_wconf 80' lang='lat' dir='ltr'><strong>ludovicus</strong></span> <span class='ocrx_word' id='word_1_632' title='bbox 285 5390 454 5436; x_wconf 87' lang='lat' dir='ltr'><strong>concesserat</strong></span> <span class='ocrx_word' id='word_1_633' title='bbox 472 5379 600 5437; x_wconf 83' lang='lat' dir='ltr'><strong>Ecclesiae</strong></span> <span class='ocrx_word' id='word_1_634' title='bbox 623 5380 780 5437; x_wconf 78' lang='lat' dir='ltr'><strong>bituricensi</strong></span> <span class='ocrx_word' id='word_1_635' title='bbox 793 5380 904 5436; x_wconf 90' lang='lat' dir='ltr'><strong>liberta-</strong></span> 
     </span>
     <span class='ocr_line' id='line_1_83' title="bbox 116 5446 904 5522; baseline 0.008 -24"><span class='ocrx_word' id='word_1_636' title='bbox 116 5451 168 5499; x_wconf 90' lang='lat' dir='ltr'><strong>tem</strong></span> <span class='ocrx_word' id='word_1_637' title='bbox 184 5446 302 5519; x_wconf 81' lang='lat' dir='ltr'><strong>eligendi</strong></span> <span class='ocrx_word' id='word_1_638' title='bbox 316 5447 472 5521; x_wconf 88' lang='lat' dir='ltr'><strong>episcopum</strong></span> <span class='ocrx_word' id='word_1_639' title='bbox 485 5467 565 5522; x_wconf 93' lang='lat' dir='ltr'><strong>quem</strong></span> <span class='ocrx_word' id='word_1_640' title='bbox 579 5451 691 5517; x_wconf 90' lang='lat' dir='ltr'><strong>vellent,</strong></span> <span class='ocrx_word' id='word_1_641' title='bbox 707 5462 821 5522; x_wconf 86' lang='lat' dir='ltr'><strong>excepto</strong></span> <span class='ocrx_word' id='word_1_642' title='bbox 834 5449 904 5507; x_wconf 90' lang='lat' dir='ltr'><strong>dicto</strong></span> 
     </span>
     <span class='ocr_line' id='line_1_84' title="bbox 116 5517 906 5593; baseline 0.004 -21"><span class='ocrx_word' id='word_1_643' title='bbox 116 5517 212 5587; x_wconf 87' lang='lat' dir='ltr'><strong>Petro;</strong></span> <span class='ocrx_word' id='word_1_644' title='bbox 237 5519 395 5593; x_wconf 87' lang='lat' dir='ltr'><strong>publiceque</strong></span> <span class='ocrx_word' id='word_1_645' title='bbox 414 5523 554 5590; x_wconf 84' lang='lat' dir='ltr'><strong>juraverat</strong></span> <span class='ocrx_word' id='word_1_646' title='bbox 574 5521 647 5593; x_wconf 89' lang='lat' dir='ltr'><strong>quod</strong></span> <span class='ocrx_word' id='word_1_647' title='bbox 670 5537 699 5579; x_wconf 89' lang='lat' dir='ltr'><strong>se</strong></span> <span class='ocrx_word' id='word_1_648' title='bbox 723 5522 906 5580; x_wconf 85' lang='grc'>0100010000</span> 
     </span>
    </p>
   </div>
   <div class='ocr_carea' id='block_1_16' title="bbox 950 3237 1753 3490">
    <p class='ocr_par' dir='ltr' id='par_1_22' title="bbox 950 3237 1753 3490">
     <span class='ocr_line' id='line_1_85' title="bbox 950 3237 1750 3313; baseline -0.006 -15"><span class='ocrx_word' id='word_1_649' title='bbox 950 3259 1012 3299; x_wconf 90' lang='lat' dir='ltr'><strong>mea</strong></span> <span class='ocrx_word' id='word_1_650' title='bbox 1039 3257 1121 3313; x_wconf 91' lang='lat' dir='ltr'><strong>super</strong></span> <span class='ocrx_word' id='word_1_651' title='bbox 1143 3242 1195 3297; x_wconf 92' lang='lat' dir='ltr'><strong>hoc</strong></span> <span class='ocrx_word' id='word_1_652' title='bbox 1215 3239 1248 3293; x_wconf 90' lang='lat' dir='ltr'><strong>ab</strong></span> <span class='ocrx_word' id='word_1_653' title='bbox 1265 3253 1336 3293; x_wconf 89' lang='lat' dir='ltr'><strong>auno</strong></span> <span class='ocrx_word' id='word_1_654' title='bbox 1357 3237 1463 3309; x_wconf 85' lang='lat' dir='ltr'><strong>priore;</strong></span> <span class='ocrx_word' id='word_1_655' title='bbox 1480 3244 1517 3307; x_wconf 93' lang='lat' dir='ltr'><strong>et,</strong></span> <span class='ocrx_word' id='word_1_656' title='bbox 1539 3238 1657 3306; x_wconf 90' lang='lat' dir='ltr'><strong>peccatis</strong></span> <span class='ocrx_word' id='word_1_657' title='bbox 1681 3237 1750 3294; x_wconf 92' lang='lat' dir='ltr'><strong>meis</strong></span> 
     </span>
     <span class='ocr_line' id='line_1_86' title="bbox 951 3325 1750 3404; baseline -0.01 -18"><span class='ocrx_word' id='word_1_658' title='bbox 951 3330 1131 3404; x_wconf 89' lang='lat' dir='ltr'><strong>exigentibus,</strong></span> <span class='ocrx_word' id='word_1_659' title='bbox 1155 3325 1369 3395; x_wconf 88' lang='lat' dir='ltr'><strong>deprecationem</strong></span> <span class='ocrx_word' id='word_1_660' title='bbox 1398 3337 1485 3378; x_wconf 88' lang='lat' dir='ltr'><strong>meam</strong></span> <span class='ocrx_word' id='word_1_661' title='bbox 1512 3337 1567 3377; x_wconf 91' lang='grc'><strong>000</strong></span> <span class='ocrx_word' id='word_1_662' title='bbox 1599 3325 1750 3390; x_wconf 84' lang='lat' dir='ltr'><strong>exauditio,</strong></span> 
     </span>
     <span class='ocr_line' id='line_1_87' title="bbox 951 3410 1753 3490; baseline -0.009 -15"><span class='ocrx_word' id='word_1_663' title='bbox 951 3420 1001 3475; x_wconf 89' lang='lat' dir='ltr'><strong>sed</strong></span> <span class='ocrx_word' id='word_1_664' title='bbox 1015 3416 1178 3490; x_wconf 89' lang='lat' dir='ltr'><strong>indignatio;</strong></span> <span class='ocrx_word' id='word_1_665' title='bbox 1196 3412 1409 3488; x_wconf 88' lang='lat' dir='ltr'><strong>indignationem</strong></span> <span class='ocrx_word' id='word_1_666' title='bbox 1423 3419 1514 3468; x_wconf 91' lang='lat' dir='ltr'><strong>autem</strong></span> <span class='ocrx_word' id='word_1_667' title='bbox 1529 3410 1662 3476; x_wconf 83' lang='lat' dir='ltr'><strong>desolatio</strong></span> <span class='ocrx_word' id='word_1_668' title='bbox 1678 3427 1753 3480; x_wconf 86' lang='lat' dir='ltr'><strong>pene</strong></span> 
     </span>
    </p>
   </div>
   <div class='ocr_carea' id='block_1_17' title="bbox 950 3525 1751 4156">
    <p class='ocr_par' dir='ltr' id='par_1_23' title="bbox 950 3525 1751 4156">
     <span class='ocr_line' id='line_1_88' title="bbox 951 3525 1751 3598; baseline -0.009 -9"><span class='ocrx_word' id='word_1_669' title='bbox 951 3540 1007 3590; x_wconf 90' lang='lat' dir='ltr'><strong>erat</strong></span> <span class='ocrx_word' id='word_1_670' title='bbox 1021 3530 1125 3587; x_wconf 85' lang='lat' dir='ltr'><strong>iuturus</strong></span> <span class='ocrx_word' id='word_1_671' title='bbox 1143 3528 1370 3598; x_wconf 88' lang='lat' dir='ltr'><strong>archiepiscopus.</strong></span> <span class='ocrx_word' id='word_1_672' title='bbox 1384 3526 1436 3595; x_wconf 87' lang='lat' dir='ltr'><strong>Qui</strong></span> <span class='ocrx_word' id='word_1_673' title='bbox 1455 3534 1544 3582; x_wconf 90' lang='lat' dir='ltr'><strong>tamen</strong></span> <span class='ocrx_word' id='word_1_674' title='bbox 1568 3525 1667 3580; x_wconf 90' lang='lat' dir='ltr'><strong>electus</strong></span> <span class='ocrx_word' id='word_1_675' title='bbox 1690 3525 1751 3582; x_wconf 83' lang='lat' dir='ltr'><strong>Eo·</strong></span> 
     </span>
     <span class='ocr_line' id='line_1_89' title="bbox 951 3596 1749 3674; baseline -0.009 -15"><span class='ocrx_word' id='word_1_676' title='bbox 951 3619 1022 3659; x_wconf 89' lang='lat' dir='ltr'><strong>mam</strong></span> <span class='ocrx_word' id='word_1_677' title='bbox 1037 3599 1173 3674; x_wconf 85' lang='lat' dir='ltr'><strong>proiectus</strong></span> <span class='ocrx_word' id='word_1_678' title='bbox 1185 3608 1227 3655; x_wconf 89' lang='lat' dir='ltr'><strong>est</strong></span> <span class='ocrx_word' id='word_1_679' title='bbox 1245 3611 1270 3655; x_wconf 92' lang='lat' dir='ltr'><strong>et</strong></span> <span class='ocrx_word' id='word_1_680' title='bbox 1291 3607 1464 3656; x_wconf 90' lang='lat' dir='ltr'><strong>consecratus</strong></span> <span class='ocrx_word' id='word_1_681' title='bbox 1483 3598 1560 3652; x_wconf 83' lang='lat' dir='ltr'><strong>suita</strong></span> <span class='ocrx_word' id='word_1_682' title='bbox 1580 3611 1651 3667; x_wconf 92' lang='lat' dir='ltr'><strong>papa</strong></span> <span class='ocrx_word' id='word_1_683' title='bbox 1666 3596 1749 3652; x_wconf 91' lang='lat' dir='ltr'><strong>Iuno·</strong></span> 
     </span>
     <span class='ocr_line' id='line_1_90' title="bbox 951 3668 1748 3744; baseline -0.01 -14"><span class='ocrx_word' id='word_1_684' title='bbox 951 3675 1051 3740; x_wconf 90' lang='lat' dir='ltr'><strong>centio,</strong></span> <span class='ocrx_word' id='word_1_685' title='bbox 1067 3673 1185 3737; x_wconf 90' lang='lat' dir='ltr'><strong>dicente,</strong></span> <span class='ocrx_word' id='word_1_686' title='bbox 1201 3673 1302 3744; x_wconf 83' lang='lat' dir='ltr'><strong>Regem</strong></span> <span class='ocrx_word' id='word_1_687' title='bbox 1327 3686 1442 3740; x_wconf 91' lang='lat' dir='ltr'><strong>puerum</strong></span> <span class='ocrx_word' id='word_1_688' title='bbox 1455 3668 1642 3724; x_wconf 89' lang='lat' dir='ltr'><strong>instruendum</strong></span> <span class='ocrx_word' id='word_1_689' title='bbox 1658 3675 1685 3721; x_wconf 90' lang='lat' dir='ltr'><strong>et</strong></span> <span class='ocrx_word' id='word_1_690' title='bbox 1698 3682 1748 3722; x_wconf 92' lang='lat' dir='ltr'><strong>co-</strong></span> 
     </span>
     <span class='ocr_line' id='line_1_91' title="bbox 950 3738 1749 3818; baseline -0.009 -17"><span class='ocrx_word' id='word_1_691' title='bbox 950 3746 1107 3814; x_wconf 87' lang='lat' dir='ltr'><strong>hibendum,</strong></span> <span class='ocrx_word' id='word_1_692' title='bbox 1129 3759 1163 3798; x_wconf 93' lang='lat' dir='ltr'><strong>ne</strong></span> <span class='ocrx_word' id='word_1_693' title='bbox 1181 3743 1278 3798; x_wconf 91' lang='lat' dir='ltr'><strong>talibus</strong></span> <span class='ocrx_word' id='word_1_694' title='bbox 1302 3750 1449 3805; x_wconf 88' lang='lat' dir='ltr'><strong>assuescat,</strong></span> <span class='ocrx_word' id='word_1_695' title='bbox 1472 3746 1499 3793; x_wconf 85' lang='lat' dir='ltr'><strong>et</strong></span> <span class='ocrx_word' id='word_1_696' title='bbox 1522 3739 1630 3809; x_wconf 76' lang='lat' dir='ltr'><strong>arlJerit,</strong></span> <span class='ocrx_word' id='word_1_697' title='bbox 1647 3738 1749 3818; x_wconf 71' lang='lat' dir='ltr'><strong>lteram</strong></span> 
     </span>
     <span class='ocr_line' id='line_1_92' title="bbox 951 3809 1749 3884; baseline -0.005 -13"><span class='ocrx_word' id='word_1_698' title='bbox 951 3832 1006 3871; x_wconf 93' lang='lat' dir='ltr'><strong>non</strong></span> <span class='ocrx_word' id='word_1_699' title='bbox 1024 3830 1084 3870; x_wconf 89' lang='lat' dir='ltr'><strong>esse</strong></span> <span class='ocrx_word' id='word_1_700' title='bbox 1107 3813 1267 3884; x_wconf 88' lang='lat' dir='ltr'><strong>libertatern,</strong></span> <span class='ocrx_word' id='word_1_701' title='bbox 1284 3813 1332 3868; x_wconf 90' lang='lat' dir='ltr'><strong>ubi</strong></span> <span class='ocrx_word' id='word_1_702' title='bbox 1354 3813 1416 3882; x_wconf 91' lang='lat' dir='ltr'><strong>quis</strong></span> <span class='ocrx_word' id='word_1_703' title='bbox 1439 3809 1600 3878; x_wconf 86' lang='lat' dir='ltr'><strong>excipitura</strong></span> <span class='ocrx_word' id='word_1_704' title='bbox 1618 3811 1749 3881; x_wconf 83' lang='lat' dir='ltr'><strong>principe,</strong></span> 
     </span>
     <span class='ocr_line' id='line_1_93' title="bbox 951 3879 1751 3950; baseline -0.01 -6"><span class='ocrx_word' id='word_1_705' title='bbox 951 3888 1004 3944; x_wconf 90' lang='lat' dir='ltr'><strong>uisi</strong></span> <span class='ocrx_word' id='word_1_706' title='bbox 1017 3885 1086 3944; x_wconf 86' lang='lat' dir='ltr'><strong>sorte</strong></span> <span class='ocrx_word' id='word_1_707' title='bbox 1102 3885 1224 3942; x_wconf 91' lang='lat' dir='ltr'><strong>docuerit</strong></span> <span class='ocrx_word' id='word_1_708' title='bbox 1246 3900 1335 3940; x_wconf 90' lang='lat' dir='ltr'><strong>eoram</strong></span> <span class='ocrx_word' id='word_1_709' title='bbox 1354 3882 1534 3938; x_wconf 88' lang='lat' dir='ltr'><strong>eeclesiastico</strong></span> <span class='ocrx_word' id='word_1_710' title='bbox 1553 3881 1657 3950; x_wconf 83' lang='lat' dir='ltr'><strong>judice,</strong></span> <span class='ocrx_word' id='word_1_711' title='bbox 1673 3879 1751 3936; x_wconf 89' lang='lat' dir='ltr'><strong>illurn</strong></span> 
     </span>
     <span class='ocr_line' id='line_1_94' title="bbox 952 3951 1750 4030; baseline -0.01 -16"><span class='ocrx_word' id='word_1_712' title='bbox 952 3974 1006 4015; x_wconf 89' lang='lat' dir='ltr'><strong>non</strong></span> <span class='ocrx_word' id='word_1_713' title='bbox 1032 3973 1092 4014; x_wconf 89' lang='lat' dir='ltr'><strong>esse</strong></span> <span class='ocrx_word' id='word_1_714' title='bbox 1116 3957 1283 4030; x_wconf 89' lang='lat' dir='ltr'><strong>eligendum.</strong></span> <span class='ocrx_word' id='word_1_715' title='bbox 1308 3955 1386 4010; x_wconf 89' lang='lat' dir='ltr'><strong>Tunc</strong></span> <span class='ocrx_word' id='word_1_716' title='bbox 1408 3954 1480 4009; x_wconf 91' lang='lat' dir='ltr'><strong>enim</strong></span> <span class='ocrx_word' id='word_1_717' title='bbox 1500 3954 1605 4008; x_wconf 83' lang='lat' dir='ltr'><strong>auditur</strong></span> <span class='ocrx_word' id='word_1_718' title='bbox 1624 3960 1653 4007; x_wconf 94' lang='lat' dir='ltr'><strong>ut</strong></span> <span class='ocrx_word' id='word_1_719' title='bbox 1668 3951 1750 4006; x_wconf 89' lang='lat' dir='ltr'><strong>alius.</strong></span> 
     </span>
     <span class='ocr_line' id='line_1_95' title="bbox 952 4021 1751 4099; baseline -0.013 -13"><span class='ocrx_word' id='word_1_720' title='bbox 952 4032 1010 4086; x_wconf 81' lang='lat' dir='ltr'><strong>ilex</strong></span> <span class='ocrx_word' id='word_1_721' title='bbox 1024 4044 1099 4094; x_wconf 85' lang='lat' dir='ltr'><strong>sero,</strong></span> <span class='ocrx_word' id='word_1_722' title='bbox 1110 4027 1179 4085; x_wconf 89' lang='lat' dir='ltr'><strong>sicut</strong></span> <span class='ocrx_word' id='word_1_723' title='bbox 1194 4024 1317 4099; x_wconf 91' lang='lat' dir='ltr'><strong>superius</strong></span> <span class='ocrx_word' id='word_1_724' title='bbox 1336 4025 1435 4081; x_wconf 81' lang='grc'>1110100</span> <span class='ocrx_word' id='word_1_725' title='bbox 1450 4033 1500 4089; x_wconf 89' lang='grc'>001,</span> <span class='ocrx_word' id='word_1_726' title='bbox 1517 4021 1751 4093; x_wconf 87' lang='lat' dir='ltr'><strong>archiepiscopum</strong></span> 
     </span>
     <span class='ocr_line' id='line_1_96' title="bbox 952 4092 1749 4156; baseline -0.009 0"><span class='ocrx_word' id='word_1_727' title='bbox 952 4100 1066 4156; x_wconf 85' lang='lat' dir='ltr'><strong>exclusit</strong></span> <span class='ocrx_word' id='word_1_728' title='bbox 1080 4100 1247 4155; x_wconf 88' lang='lat' dir='ltr'><strong>redeuntem.</strong></span> <span class='ocrx_word' id='word_1_729' title='bbox 1271 4096 1338 4152; x_wconf 87' lang='lat' dir='ltr'><strong>Eurn</strong></span> <span class='ocrx_word' id='word_1_730' title='bbox 1364 4095 1438 4150; x_wconf 90' lang='lat' dir='ltr'><strong>enim</strong></span> <span class='ocrx_word' id='word_1_731' title='bbox 1461 4110 1551 4150; x_wconf 89' lang='grc'>00000</span> <span class='ocrx_word' id='word_1_732' title='bbox 1573 4092 1749 4149; x_wconf 83' lang='lat' dir='ltr'><strong>Theobaldus</strong></span> 
     </span>
    </p>
   </div>
   <div class='ocr_carea' id='block_1_18' title="bbox 914 4139 1749 4240">
    <p class='ocr_par' dir='ltr' id='par_1_24' title="bbox 914 4139 1749 4240">
     <span class='ocr_line' id='line_1_97' title="bbox 914 4139 1749 4240; baseline -0.011 -13"><span class='ocrx_word' id='word_1_733' title='bbox 914 4139 938 4218; x_wconf 70' lang='lat' dir='ltr'>n</span> <span class='ocrx_word' id='word_1_734' title='bbox 953 4173 1107 4240; x_wconf 76' lang='lat' dir='ltr'><strong>Campania</strong></span> <span class='ocrx_word' id='word_1_735' title='bbox 1120 4169 1222 4232; x_wconf 82' lang='lat' dir='ltr'><strong>recepit</strong></span> <span class='ocrx_word' id='word_1_736' title='bbox 1234 4168 1260 4221; x_wconf 91' lang='lat' dir='ltr'><strong>in</strong></span> <span class='ocrx_word' id='word_1_737' title='bbox 1277 4173 1348 4222; x_wconf 90' lang='lat' dir='ltr'><strong>terra</strong></span> <span class='ocrx_word' id='word_1_738' title='bbox 1366 4182 1424 4235; x_wconf 91' lang='lat' dir='ltr'><strong>sua,</strong></span> <span class='ocrx_word' id='word_1_739' title='bbox 1441 4175 1468 4222; x_wconf 92' lang='lat' dir='ltr'><strong>et</strong></span> <span class='ocrx_word' id='word_1_740' title='bbox 1482 4169 1506 4222; x_wconf 89' lang='grc'><strong>01</strong></span> <span class='ocrx_word' id='word_1_741' title='bbox 1522 4179 1615 4221; x_wconf 88' lang='grc'>00000</span> <span class='ocrx_word' id='word_1_742' title='bbox 1628 4163 1749 4219; x_wconf 82' lang='lat' dir='ltr'><strong>ecelesiae</strong></span> 
     </span>
    </p>
   </div>
   <div class='ocr_carea' id='block_1_19' title="bbox 953 4233 1756 5525">
    <p class='ocr_par' dir='ltr' id='par_1_25' title="bbox 953 4233 1756 5525">
     <span class='ocr_line' id='line_1_98' title="bbox 954 4233 1748 4316; baseline -0.01 -19"><span class='ocrx_word' id='word_1_743' title='bbox 954 4241 1125 4298; x_wconf 89' lang='lat' dir='ltr'><strong>obediebant.</strong></span> <span class='ocrx_word' id='word_1_744' title='bbox 1141 4239 1296 4312; x_wconf 87' lang='lat' dir='ltr'><strong>indignatus</strong></span> <span class='ocrx_word' id='word_1_745' title='bbox 1311 4237 1345 4291; x_wconf 91' lang='lat' dir='ltr'><strong>ub</strong></span> <span class='ocrx_word' id='word_1_746' title='bbox 1369 4238 1421 4292; x_wconf 92' lang='lat' dir='ltr'><strong>hoc</strong></span> <span class='ocrx_word' id='word_1_747' title='bbox 1445 4252 1501 4303; x_wconf 87' lang='lat' dir='ltr'><strong>rex,</strong></span> <span class='ocrx_word' id='word_1_748' title='bbox 1517 4233 1675 4293; x_wconf 89' lang='lat' dir='ltr'><strong>convocavit</strong></span> <span class='ocrx_word' id='word_1_749' title='bbox 1688 4250 1748 4316; x_wconf 75' lang='lat' dir='ltr'><strong>otu·</strong></span> 
     </span>
     <span class='ocr_line' id='line_1_99' title="bbox 954 4313 1750 4380; baseline -0.013 -12"><span class='ocrx_word' id='word_1_750' title='bbox 954 4313 1072 4368; x_wconf 81' lang='lat' dir='ltr'><strong>nestero</strong></span> <span class='ocrx_word' id='word_1_751' title='bbox 1088 4325 1211 4380; x_wconf 90' lang='lat' dir='ltr'><strong>proceres</strong></span> <span class='ocrx_word' id='word_1_752' title='bbox 1229 4325 1304 4373; x_wconf 88' lang='lat' dir='ltr'><strong>suos,</strong></span> <span class='ocrx_word' id='word_1_753' title='bbox 1324 4316 1353 4363; x_wconf 92' lang='lat' dir='ltr'><strong>ut</strong></span> <span class='ocrx_word' id='word_1_754' title='bbox 1376 4324 1428 4362; x_wconf 81' lang='lat' dir='ltr'><strong>una</strong></span> <span class='ocrx_word' id='word_1_755' title='bbox 1441 4322 1502 4363; x_wconf 90' lang='lat' dir='ltr'><strong>cum</strong></span> <span class='ocrx_word' id='word_1_756' title='bbox 1518 4323 1550 4362; x_wconf 93' lang='lat' dir='ltr'><strong>eo</strong></span> <span class='ocrx_word' id='word_1_757' title='bbox 1564 4321 1692 4379; x_wconf 86' lang='lat' dir='ltr'><strong>guerram</strong></span> <span class='ocrx_word' id='word_1_758' title='bbox 1706 4320 1750 4359; x_wconf 89' lang='lat' dir='ltr'><strong>nr·</strong></span> 
     </span>
     <span class='ocr_line' id='line_1_100' title="bbox 953 4378 1750 4445; baseline -0.011 -5"><span class='ocrx_word' id='word_1_759' title='bbox 953 4383 1056 4440; x_wconf 87' lang='lat' dir='ltr'><strong>ferrent</strong></span> <span class='ocrx_word' id='word_1_760' title='bbox 1077 4381 1166 4436; x_wconf 89' lang='lat' dir='ltr'><strong>comiti</strong></span> <span class='ocrx_word' id='word_1_761' title='bbox 1191 4379 1381 4435; x_wconf 71' lang='grc'>7500501010.»</span> <span class='ocrx_word' id='word_1_762' title='bbox 1399 4378 1442 4433; x_wconf 88' lang='lat' dir='ltr'><strong>Sic</strong></span> <span class='ocrx_word' id='word_1_763' title='bbox 1463 4379 1626 4445; x_wconf 90' lang='lat' dir='ltr'><strong>Willelmus,</strong></span> <span class='ocrx_word' id='word_1_764' title='bbox 1643 4393 1675 4433; x_wconf 90' lang='lat' dir='ltr'><strong>ex</strong></span> <span class='ocrx_word' id='word_1_765' title='bbox 1694 4390 1750 4444; x_wconf 84' lang='lat' dir='ltr'><strong>quo</strong></span> 
     </span>
     <span class='ocr_line' id='line_1_101' title="bbox 954 4447 1750 4521; baseline -0.013 -10"><span class='ocrx_word' id='word_1_766' title='bbox 954 4454 1095 4512; x_wconf 78' lang='lat' dir='ltr'><strong>Matthaeus</strong></span> <span class='ocrx_word' id='word_1_767' title='bbox 1104 4451 1272 4518; x_wconf 82' lang='lat' dir='ltr'><strong>Parisiensis,</strong></span> <span class='ocrx_word' id='word_1_768' title='bbox 1285 4451 1331 4521; x_wconf 92' lang='lat' dir='ltr'><strong>qui</strong></span> <span class='ocrx_word' id='word_1_769' title='bbox 1343 4450 1394 4505; x_wconf 91' lang='lat' dir='ltr'><strong>hoc</strong></span> <span class='ocrx_word' id='word_1_770' title='bbox 1407 4447 1492 4505; x_wconf 85' lang='lat' dir='ltr'><strong>relert</strong></span> <span class='ocrx_word' id='word_1_771' title='bbox 1506 4450 1539 4502; x_wconf 93' lang='lat' dir='ltr'><strong>ad</strong></span> <span class='ocrx_word' id='word_1_772' title='bbox 1551 4463 1650 4505; x_wconf 88' lang='lat' dir='ltr'><strong>annum</strong></span> <span class='ocrx_word' id='word_1_773' title='bbox 1666 4447 1750 4513; x_wconf 81' lang='lat' dir='ltr'><strong>tlte,</strong></span> 
     </span>
     <span class='ocr_line' id='line_1_102' title="bbox 954 4520 1752 4598; baseline -0.011 -16"><span class='ocrx_word' id='word_1_774' title='bbox 954 4523 1130 4598; x_wconf 88' lang='lat' dir='ltr'><strong>corrigendus</strong></span> <span class='ocrx_word' id='word_1_775' title='bbox 1143 4523 1259 4578; x_wconf 88' lang='lat' dir='ltr'><strong>videtur.</strong></span> <span class='ocrx_word' id='word_1_776' title='bbox 1278 4523 1342 4577; x_wconf 85' lang='lat' dir='ltr'><strong>llaec</strong></span> <span class='ocrx_word' id='word_1_777' title='bbox 1356 4530 1446 4576; x_wconf 89' lang='lat' dir='ltr'><strong>aulem</strong></span> <span class='ocrx_word' id='word_1_778' title='bbox 1464 4520 1597 4576; x_wconf 90' lang='lat' dir='ltr'><strong>dissensio</strong></span> <span class='ocrx_word' id='word_1_779' title='bbox 1616 4533 1648 4575; x_wconf 92' lang='lat' dir='ltr'><strong>eo</strong></span> <span class='ocrx_word' id='word_1_780' title='bbox 1663 4532 1752 4588; x_wconf 88' lang='lat' dir='ltr'><strong>usque</strong></span> 
     </span>
     <span class='ocr_line' id='line_1_103' title="bbox 954 4591 1752 4669; baseline -0.006 -20"><span class='ocrx_word' id='word_1_781' title='bbox 954 4609 1097 4669; x_wconf 82' lang='lat' dir='ltr'><strong>progressa</strong></span> <span class='ocrx_word' id='word_1_782' title='bbox 1118 4603 1167 4659; x_wconf 88' lang='grc'>001,</span> <span class='ocrx_word' id='word_1_783' title='bbox 1192 4597 1223 4648; x_wconf 90' lang='lat' dir='ltr'><strong>nt</strong></span> <span class='ocrx_word' id='word_1_784' title='bbox 1246 4610 1299 4648; x_wconf 89' lang='lat' dir='ltr'><strong>uon</strong></span> <span class='ocrx_word' id='word_1_785' title='bbox 1323 4593 1407 4648; x_wconf 91' lang='lat' dir='ltr'><strong>solum</strong></span> <span class='ocrx_word' id='word_1_786' title='bbox 1431 4607 1481 4646; x_wconf 83' lang='lat' dir='ltr'><strong>rex</strong></span> <span class='ocrx_word' id='word_1_787' title='bbox 1501 4591 1651 4647; x_wconf 89' lang='lat' dir='ltr'><strong>Lndovieus</strong></span> <span class='ocrx_word' id='word_1_788' title='bbox 1665 4597 1752 4669; x_wconf 79' lang='lat' dir='ltr'><strong>terras</strong></span> 
     </span>
     <span class='ocr_line' id='line_1_104' title="bbox 955 4661 1753 4742; baseline -0.011 -19"><span class='ocrx_word' id='word_1_789' title='bbox 955 4665 1061 4723; x_wconf 89' lang='lat' dir='ltr'><strong>comitis</strong></span> <span class='ocrx_word' id='word_1_790' title='bbox 1085 4664 1232 4722; x_wconf 89' lang='lat' dir='ltr'><strong>Theobaldi</strong></span> <span class='ocrx_word' id='word_1_791' title='bbox 1263 4663 1392 4720; x_wconf 91' lang='lat' dir='ltr'><strong>hostiliter</strong></span> <span class='ocrx_word' id='word_1_792' title='bbox 1414 4662 1567 4730; x_wconf 89' lang='lat' dir='ltr'><strong>vastaverit,</strong></span> <span class='ocrx_word' id='word_1_793' title='bbox 1594 4661 1642 4742; x_wconf 82' lang='lat' dir='ltr'><strong>sed</strong></span> <span class='ocrx_word' id='word_1_794' title='bbox 1668 4668 1753 4715; x_wconf 84' lang='lat' dir='ltr'><strong>etiarn</strong></span> 
     </span>
     <span class='ocr_line' id='line_1_105' title="bbox 956 4733 1753 4813; baseline -0.011 -18"><span class='ocrx_word' id='word_1_795' title='bbox 956 4739 1103 4795; x_wconf 79' lang='lat' dir='ltr'><strong>vitriacum</strong></span> <span class='ocrx_word' id='word_1_796' title='bbox 1130 4743 1246 4792; x_wconf 90' lang='lat' dir='ltr'><strong>castrum</strong></span> <span class='ocrx_word' id='word_1_797' title='bbox 1275 4751 1334 4792; x_wconf 91' lang='lat' dir='ltr'><strong>cum</strong></span> <span class='ocrx_word' id='word_1_798' title='bbox 1368 4749 1466 4808; x_wconf 80' lang='lat' dir='ltr'><strong>magna</strong></span> <span class='ocrx_word' id='word_1_799' title='bbox 1498 4733 1645 4806; x_wconf 82' lang='lat' dir='ltr'><strong>promiscui</strong></span> <span class='ocrx_word' id='word_1_800' title='bbox 1668 4746 1753 4813; x_wconf 79' lang='lat' dir='ltr'><strong>sexus</strong></span> 
     </span>
     <span class='ocr_line' id='line_1_106' title="bbox 957 4802 1751 4874; baseline -0.008 -10"><span class='ocrx_word' id='word_1_801' title='bbox 957 4809 1127 4865; x_wconf 89' lang='lat' dir='ltr'><strong>multitudiue</strong></span> <span class='ocrx_word' id='word_1_802' title='bbox 1149 4807 1377 4874; x_wconf 89' lang='lat' dir='ltr'><strong>concremaverit,</strong></span> <span class='ocrx_word' id='word_1_803' title='bbox 1406 4805 1489 4862; x_wconf 89' lang='lat' dir='ltr'><strong>immo</strong></span> <span class='ocrx_word' id='word_1_804' title='bbox 1516 4816 1543 4860; x_wconf 95' lang='lat' dir='ltr'><strong>et</strong></span> <span class='ocrx_word' id='word_1_805' title='bbox 1572 4804 1599 4858; x_wconf 93' lang='lat' dir='ltr'><strong>in</strong></span> <span class='ocrx_word' id='word_1_806' title='bbox 1628 4802 1751 4859; x_wconf 84' lang='lat' dir='ltr'><strong>ecclesus</strong></span> 
     </span>
     <span class='ocr_line' id='line_1_107' title="bbox 955 4874 1751 4951; baseline -0.011 -15"><span class='ocrx_word' id='word_1_807' title='bbox 955 4881 1065 4937; x_wconf 88' lang='lat' dir='ltr'><strong>ditionis</strong></span> <span class='ocrx_word' id='word_1_808' title='bbox 1079 4880 1164 4951; x_wconf 92' lang='lat' dir='ltr'><strong>ipsius</strong></span> <span class='ocrx_word' id='word_1_809' title='bbox 1178 4879 1234 4936; x_wconf 86' lang='lat' dir='ltr'><strong>fieri</strong></span> <span class='ocrx_word' id='word_1_810' title='bbox 1259 4877 1425 4951; x_wconf 89' lang='lat' dir='ltr'><strong>prohibuerit</strong></span> <span class='ocrx_word' id='word_1_811' title='bbox 1439 4877 1589 4933; x_wconf 90' lang='lat' dir='ltr'><strong>electiones</strong></span> <span class='ocrx_word' id='word_1_812' title='bbox 1604 4874 1751 4947; x_wconf 90' lang='lat' dir='ltr'><strong>episcopo·</strong></span> 
     </span>
     <span class='ocr_line' id='line_1_108' title="bbox 957 4946 1753 5018; baseline -0.009 -12"><span class='ocrx_word' id='word_1_813' title='bbox 957 4969 1026 5018; x_wconf 90' lang='lat' dir='ltr'><strong>rum,</strong></span> <span class='ocrx_word' id='word_1_814' title='bbox 1041 4953 1082 5007; x_wconf 89' lang='lat' dir='ltr'><strong>vel</strong></span> <span class='ocrx_word' id='word_1_815' title='bbox 1107 4952 1297 5011; x_wconf 80' lang='lat' dir='ltr'><strong>ordinationes.</strong></span> <span class='ocrx_word' id='word_1_816' title='bbox 1322 4965 1367 5005; x_wconf 90' lang='lat' dir='ltr'><strong>eas</strong></span> <span class='ocrx_word' id='word_1_817' title='bbox 1387 4947 1507 5005; x_wconf 77' lang='lat' dir='ltr'><strong>lieberto</strong></span> <span class='ocrx_word' id='word_1_818' title='bbox 1530 4946 1605 5003; x_wconf 82' lang='lat' dir='ltr'><strong>tratri</strong></span> <span class='ocrx_word' id='word_1_819' title='bbox 1620 4960 1671 5001; x_wconf 90' lang='lat' dir='ltr'><strong>suo</strong></span> <span class='ocrx_word' id='word_1_820' title='bbox 1691 4952 1753 4999; x_wconf 89' lang='lat' dir='ltr'><strong>tra·</strong></span> 
     </span>
     <span class='ocr_line' id='line_1_109' title="bbox 957 5016 1753 5095; baseline -0.011 -17"><span class='ocrx_word' id='word_1_821' title='bbox 957 5024 1024 5078; x_wconf 89' lang='lat' dir='ltr'><strong>dens</strong></span> <span class='ocrx_word' id='word_1_822' title='bbox 1038 5023 1218 5095; x_wconf 86' lang='lat' dir='ltr'><strong>occupandas,</strong></span> <span class='ocrx_word' id='word_1_823' title='bbox 1235 5030 1264 5076; x_wconf 89' lang='lat' dir='ltr'><strong>ut</strong></span> <span class='ocrx_word' id='word_1_824' title='bbox 1282 5022 1316 5076; x_wconf 93' lang='lat' dir='ltr'><strong>de</strong></span> <span class='ocrx_word' id='word_1_825' title='bbox 1329 5019 1465 5083; x_wconf 88' lang='lat' dir='ltr'><strong>Remeusi,</strong></span> <span class='ocrx_word' id='word_1_826' title='bbox 1483 5017 1637 5083; x_wconf 90' lang='lat' dir='ltr'><strong>Parisiensi,</strong></span> <span class='ocrx_word' id='word_1_827' title='bbox 1658 5023 1685 5072; x_wconf 92' lang='lat' dir='ltr'><strong>et</strong></span> <span class='ocrx_word' id='word_1_828' title='bbox 1699 5016 1753 5072; x_wconf 88' lang='lat' dir='ltr'><strong>Ca·</strong></span> 
     </span>
     <span class='ocr_line' id='line_1_110' title="bbox 958 5091 1751 5164; baseline -0.01 -15"><span class='ocrx_word' id='word_1_829' title='bbox 958 5097 1105 5151; x_wconf 77' lang='grc' dir='ltr'>010000ος1</span> <span class='ocrx_word' id='word_1_830' title='bbox 1130 5095 1158 5150; x_wconf 92' lang='lat' dir='ltr'><strong>S.</strong></span> <span class='ocrx_word' id='word_1_831' title='bbox 1181 5093 1333 5150; x_wconf 88' lang='lat' dir='ltr'><strong>Bernardus</strong></span> <span class='ocrx_word' id='word_1_832' title='bbox 1364 5091 1482 5164; x_wconf 86' lang='lat' dir='ltr'><strong>graviter</strong></span> <span class='ocrx_word' id='word_1_833' title='bbox 1511 5096 1677 5161; x_wconf 89' lang='lat' dir='ltr'><strong>conquestus</strong></span> <span class='ocrx_word' id='word_1_834' title='bbox 1698 5093 1751 5153; x_wconf 89' lang='grc'>001,</span> 
     </span>
     <span class='ocr_line' id='line_1_111' title="bbox 958 5161 1751 5238; baseline -0.011 -17"><span class='ocrx_word' id='word_1_835' title='bbox 958 5167 1055 5221; x_wconf 88' lang='grc'>10010</span> <span class='ocrx_word' id='word_1_836' title='bbox 1075 5166 1188 5238; x_wconf 78' lang='lat' dir='ltr'><strong>epistola</strong></span> <span class='ocrx_word' id='word_1_837' title='bbox 1211 5169 1271 5230; x_wconf 90' lang='grc'>222,</span> <span class='ocrx_word' id='word_1_838' title='bbox 1294 5162 1326 5218; x_wconf 92' lang='lat' dir='ltr'><strong>ad</strong></span> <span class='ocrx_word' id='word_1_839' title='bbox 1351 5163 1486 5218; x_wconf 87' lang='lat' dir='ltr'><strong>Joslenum</strong></span> <span class='ocrx_word' id='word_1_840' title='bbox 1509 5161 1751 5226; x_wconf 67' lang='lat' dir='ltr'><strong>suessionensem</strong></span> 
     </span>
     <span class='ocr_line' id='line_1_112' title="bbox 957 5231 1755 5306; baseline -0.011 -14"><span class='ocrx_word' id='word_1_841' title='bbox 957 5245 1014 5292; x_wconf 91' lang='lat' dir='ltr'><strong>tum</strong></span> <span class='ocrx_word' id='word_1_842' title='bbox 1038 5238 1153 5292; x_wconf 90' lang='lat' dir='ltr'><strong>maxime</strong></span> <span class='ocrx_word' id='word_1_843' title='bbox 1169 5237 1195 5291; x_wconf 92' lang='grc'><strong>10</strong></span> <span class='ocrx_word' id='word_1_844' title='bbox 1219 5233 1534 5306; x_wconf 78' lang='grc'>0010105222011810</span> <span class='ocrx_word' id='word_1_845' title='bbox 1556 5235 1654 5288; x_wconf 88' lang='lat' dir='ltr'><strong>hanum</strong></span> <span class='ocrx_word' id='word_1_846' title='bbox 1679 5231 1755 5284; x_wconf 77' lang='lat' dir='ltr'><strong>vre-</strong></span> 
     </span>
     <span class='ocr_line' id='line_1_113' title="bbox 957 5251 1756 5382; baseline -0.013 -18"><span class='ocrx_word' id='word_1_847' title='bbox 957 5309 1100 5364; x_wconf 89' lang='lat' dir='ltr'><strong>nestinum.</strong></span> <span class='ocrx_word' id='word_1_848' title='bbox 1118 5309 1237 5364; x_wconf 85' lang='lat' dir='ltr'><strong>Tandem</strong></span> <span class='ocrx_word' id='word_1_849' title='bbox 1251 5322 1316 5365; x_wconf 87' lang='lat' dir='ltr'><strong>vero</strong></span> <span class='ocrx_word' id='word_1_850' title='bbox 1340 5306 1524 5363; x_wconf 90' lang='lat' dir='ltr'><strong>calamitosum</strong></span> <span class='ocrx_word' id='word_1_851' title='bbox 1537 5251 1590 5359; x_wconf 53' lang='lat' dir='ltr'><strong>an</strong></span> <span class='ocrx_word' id='word_1_852' title='bbox 1609 5300 1756 5382; x_wconf 76' lang='lat' dir='ltr'><strong>divortium</strong></span> 
     </span>
     <span class='ocr_line' id='line_1_114' title="bbox 958 5374 1754 5452; baseline -0.01 -16"><span class='ocrx_word' id='word_1_853' title='bbox 958 5382 1079 5452; x_wconf 82' lang='lat' dir='ltr'><strong>Eugeuio</strong></span> <span class='ocrx_word' id='word_1_854' title='bbox 1101 5382 1139 5437; x_wconf 96' lang='lat' dir='ltr'><strong>lll</strong></span> <span class='ocrx_word' id='word_1_855' title='bbox 1162 5381 1259 5437; x_wconf 91' lang='lat' dir='ltr'><strong>Sedem</strong></span> <span class='ocrx_word' id='word_1_856' title='bbox 1285 5379 1430 5437; x_wconf 82' lang='grc'>11000000</span> <span class='ocrx_word' id='word_1_857' title='bbox 1453 5379 1560 5434; x_wconf 86' lang='lat' dir='ltr'><strong>ineunte</strong></span> <span class='ocrx_word' id='word_1_858' title='bbox 1582 5374 1610 5429; x_wconf 89' lang='lat' dir='ltr'><strong>S.</strong></span> <span class='ocrx_word' id='word_1_859' title='bbox 1626 5374 1754 5430; x_wconf 84' lang='lat' dir='ltr'><strong>Doctorts</strong></span> 
     </span>
     <span class='ocr_line' id='line_1_115' title="bbox 959 5453 1281 5525; baseline -0.006 -14"><span class='ocrx_word' id='word_1_860' title='bbox 959 5468 1042 5525; x_wconf 90' lang='lat' dir='ltr'><strong>opera</strong></span> <span class='ocrx_word' id='word_1_861' title='bbox 1055 5453 1215 5510; x_wconf 87' lang='lat' dir='ltr'><strong>exstinctum</strong></span> <span class='ocrx_word' id='word_1_862' title='bbox 1230 5461 1281 5510; x_wconf 92' lang='lat' dir='ltr'><strong>est.</strong></span> 
     </span>
    </p>
   </div>
   <div class='ocr_carea' id='block_1_20' title="bbox 0 0 1883 5940">
    <p class='ocr_par' dir='ltr' id='par_1_26' title="bbox 0 0 1883 5940">
     <span class='ocr_line' id='line_1_116' title="bbox 0 0 1883 5940; baseline 0 0"><span class='ocrx_word' id='word_1_863' title='bbox 0 0 1883 5940; x_wconf 95' lang='lat' dir='ltr'><strong> </strong></span> 
     </span>
    </p>
   </div>
  </div>
 </body>
</html>
