3728 5940
40 192 90 251 321
780 182 953 243 crisante.
1039 198 1043 205 ¹
1638 198 1689 255 aaa

42 313 162 374 cessabit
177 310 324 383 quassatio.
347 306 386 372 Si,
408 305 527 379 inquam,
551 307 628 380 vigor
650 307 844 365 ecclesiasticus
858 337 882 416 Α
897 308 1054 378 delectatus,
1066 306 1164 380 dignos
1179 307 1267 364 tacere
1282 308 1385 366 imatus
1399 319 1464 384 opto
1475 314 1590 389 iugiter,
1605 327 1632 374 et
1642 335 1690 378 oro

42 401 195 478 pepercerit
210 399 280 468 istis,
295 396 392 452 loanni
411 395 481 465 dico,
497 404 523 451 et
542 395 696 453 'theobaldo
719 397 842 463 Notario,
898 395 1060 468 frequenter.
1076 396 1109 451 Et
1122 413 1193 453 utine
1207 399 1323 453 maxime
1337 397 1410 469 ipsos
1425 410 1515 458 nostra
1538 403 1589 462 ista
1602 407 1690 464 Galli-

42 510 159 567 quofum
183 490 236 546 etsi
252 503 306 543 noti
328 502 424 554 manti,
438 500 550 542 assensu
575 494 658 554 certe,
674 484 743 543 lette
763 494 789 542 et
803 486 844 539 iu·
897 499 963 540 cana
978 485 1097 542 Ecclesia
1120 501 1223 540 mecum
1247 492 1492 557 exspectaueram
1521 509 1576 550 non
1591 497 1691 557 inteni-

42 587 145 640 stinctu
159 579 272 652 sanguis
296 574 423 630 innoxius
446 573 550 628 eliusus
564 583 605 629 est
626 590 708 643 super
723 583 842 641 terram;
898 573 1025 647 posticas.
1046 576 1159 630 interest
1180 583 1277 630 vestre
1297 577 1396 646 pariter
1417 588 1443 634 et
1466 597 1534 638 nieae
1559 584 1646 655 famae,
1664 599 1694 644 ut

43 674 103 744 quq,
117 686 175 726 „011
190 667 281 722 videat
293 665 359 736 quid
375 664 527 734 sequatur?
542 663 663 730 Quantos
674 661 701 717 in
711 664 782 719 ciero
795 664 845 717 ho·
899 675 952 714 nea
967 660 1116 717 confundar
1129 661 1157 717 in
1171 662 1257 720 vobis.
1275 664 1319 720 Sic
1342 680 1407 735 ergo
1431 668 1529 724 clareat
1554 675 1691 743 omnibus,

44 778 104 818 rum
127 755 280 831 impunitas
301 758 395 810 contra
416 754 501 819 juset
525 750 566 805 las
583 749 662 807 iaciat
681 751 843 822 promoveri,

44 858 120 906 metu
143 848 237 918 utique
261 857 383 910 suorum,
407 855 462 895 aori
485 854 542 894 suae
556 838 653 894 merito
672 838 845 896 sanctitatis?

44 939 129 995 lvonis
149 933 252 990 morbis
273 931 351 986 notis
375 928 541 984 obviandum
566 939 608 983 est
631 927 845 983 medicamentis.

46 1025 209 1093 mitissime,
237 1029 266 1076 nt
293 1018 384 1074 multis
411 1016 537 1080 ridetur,
564 1015 770 1087 justissimeque
798 1031 846 1071 eos

46 1111 197 1185 apostoliea
211 1108 279 1164 laice
293 1106 327 1161 ab
341 1103 416 1161 omni
430 1101 585 1159 succideres
604 1101 789 1157 ecclesiastica
802 1101 846 1155 di-

46 1201 161 1277 gnitate,
182 1201 220 1252 its
234 1204 263 1251 ut
285 1204 312 1251 et
325 1190 425 1248 habitis
451 1200 572 1258 careant,
587 1198 614 1245 et
637 1189 671 1245 da
696 1197 794 1246 caetero
814 1190 846 1245 ad

47 1290 119 1348 alias
134 1304 191 1344 nou
205 1290 358 1356 assurgant.

252 1369 333 1429 w!
358 1367 527 1425 nrisioii
546 1367 651 1424 sixti.

84 1484 124 1524 in
138 1476 318 1521 uetustatis
333 1459 408 1531 (434)
423 1472 636 1514 ciucsiiiiiuii
650 1473 686 1513 us
701 1470 811 1513 sonus.

86 1557 272 1628 Frequentem
295 1558 322 1606 et
350 1548 518 1604 amicabilem
542 1547 773 1612 recordationem,
797 1562 850 1618 qua

900 750 987 805 zelum
1002 750 1072 821 apud
1088 767 1136 806 vos
1150 751 1268 807 ueritatis
1282 753 1447 826 justitiaeque
1472 757 1575 816 terrere
1598 773 1693 820 contra

899 839 1085 896 interfectores
1108 840 1276 905 elericorum,
1291 849 1317 898 et
1341 843 1514 915 instigatores
1538 866 1642 918 eorum,
1664 863 1694 910 ut

900 942 952 980 non
966 943 1011 985 me
1025 927 1115 1001 pigeat
1129 928 1273 1000 gloriatum
1290 930 1371 986 tuisse
1381 932 1415 987 de
1425 935 1512 991 vohis.

1104 1034 1268 1092 eeisioii
1289 1038 1397 1094 CLXIV
1417 1041 1491 1112 (437)

900 1138 982 1179 terto
1002 1137 1098 1179 causis
1127 1138 1316 1181 traconensis
1342 1142 1482 1185 secissin
1504 1147 1542 1187 in
1571 1149 1697 1195 boninus

1092 1227 1286 1270 iunocsuriuii
1305 1230 1397 1272 ririii
1417 1218 1502 1286 (438).

905 1310 1092 1382 Conqueritur
1103 1312 1272 1378 Bernartius,
1289 1315 1362 1386 quod
1370 1316 1481 1374 subdote
1492 1323 1521 1374 ct
1535 1327 1635 1380 contra
1649 1324 1698 1380 dc·

939 1385 999 1464 tarn
1012 1382 1225 1464 fidcm‘tentntu
1245 1384 1285 1438 st't
1312 1387 1410 1442 electio
1425 1391 1548 1462 episcopi
1567 1395 1699 1452 Ecclesia

939 1455 1132 1522 lengonensis.

867 1581 889 1660 B
940 1551 965 1602 4.
984 1549 1051 1603 Dum
1065 1548 1152 1604 adhuc
1167 1549 1259 1604 Romae
1273 1566 1405 1621 essemus,
1421 1556 1533 1630 contigit
1547 1557 1593 1614 illo
1607 1562 1699 1619 venire

49 1635 555 1710 dominumepiscopumParisiensem
569 1635 762 1690 commendare
775 1631 849 1690 sole-
906 1636 1045 1693 domiuum
1064 1636 1299 1709 archiepiscopum
1320 1639 1539 1712 Lugdunensem.
1567 1647 1701 1707 venerunt

50 1734 94 1797 tis,
112 1745 167 1803 ego
177 1727 352 1801 postmodum
366 1725 418 1796 ipsi
429 1723 586 1795 frequenter
601 1729 714 1778 testatus
726 1737 797 1776 sum.
810 1722 852 1776 En
907 1731 934 1781 et
948 1741 1009 1781 cum
1023 1741 1057 1780 eo
1071 1724 1204 1781 liebertus
1215 1726 1332 1784 decanus
1344 1728 1469 1787 Ecclesiae
1478 1733 1662 1808 Lingoneasis
1673 1748 1701 1794 et

52 1820 165 1878 avonis
179 1816 293 1892 exigitur
311 1828 365 1870 nou
380 1814 465 1870 verho
486 1821 533 1867 aut
550 1812 654 1885 lingua,
669 1811 716 1867 sed
730 1824 811 1882 opere
826 1815 854 1864 et
907 1813 1009 1872 Olrieus
1022 1813 1177 1883 eanonicus,
1193 1826 1344 1886 quaerentes
1369 1818 1451 1875 licere
1466 1820 1517 1876 sibi
1542 1833 1568 1879 et
1584 1827 1702 1897 capitulo

51 1907 171 1965 veritate
186 1907 313 1976 probare,
332 1917 383 1958 neo
405 1916 449 1956 me
472 1900 557 1955 luisse
575 1899 709 1967 lallaeem,
735 1914 786 1953 nee
804 1913 853 1952 ros
908 1902 1070 1978 Lingoneusi
1093 1902 1192 1978 eligere
1215 1904 1266 1961 sibi
1296 1905 1464 1978 episcopum.
1489 1908 1642 1970 Mandatum
1667 1916 1703 1970 si-

54 1996 225 2052 meudacem.
241 1991 287 2046 Sia
309 1999 397 2047 uestra
411 1988 534 2056 interest,
557 2001 610 2040 non
635 1986 724 2041 solum
745 1991 857 2056 propter
908 1993 1018 2064 quidem
1046 2009 1062 2047 a
1092 1991 1202 2048 domino
1230 2009 1298 2065 papa
1326 2005 1504 2069 acceperant,
1533 2016 1704 2076 nequaquam

54 2086 227 2158 episcopum,
242 2080 289 2135 sed
308 2086 334 2134 et
348 2087 461 2148 propter
475 2075 545 2130 alios
559 2075 663 2129 amieos
678 2082 793 2141 vestros,
809 2073 855 2143 qui

57 2190 106 2247 pro
121 2172 200 2231 vobis
212 2176 286 2227 certe
300 2166 428 2240 graviter,
452 2165 475 2219 si
497 2180 551 2236 quo
567 2164 650 2219 modo
665 2171 764 2235 praeter
779 2176 855 2231 spent

59 2261 207 2334 procedere
221 2272 329 2316 causam
344 2253 527 2326 contingeret,
544 2252 727 2308 turbarentur.

256 2343 426 2402 Ertsioii
444 2343 553 2398 ccxiii
572 2340 660 2411 (435).

59 2457 96 2498 in
117 2451 252 2496 toinusii
274 2447 442 2491 euanescit
458 2444 637 2486 stanteiisii
657 2442 858 2485 russerisiiuii

335 2521 411 2594 (436)
426 2536 462 2577 us
482 2535 584 2577 sensit.

95 2617 278 2673 Dilectionem
293 2622 321 2669 et
345 2611 610 2686 dignationemque
633 2621 676 2661 me
703 2604 859 2676 amplectis

64 2705 145 2763 tobis
160 2702 259 2758 nullius
271 2699 411 2773 dignitatis
426 2696 571 2754 homuncio
586 2696 671 2764 sensi,
688 2694 715 2748 iri
730 2701 860 2749 asternunt

62 2810 116 2852 nou
136 2790 290 2850 obliviscar.
318 2785 506 2843 Poeeitentiatn
530 2794 556 2839 et
578 2781 784 2839 conversionem
811 2796 860 2838 re-

909 2096 1073 2152 praesumere
1088 2081 1150 2150 boc,
1167 2080 1218 2135 nisi
1235 2081 1269 2136 ad
1288 2082 1429 2152 consilium
1446 2086 1638 2162 religiosorum
1657 2095 1703 2147 vi·

911 2184 1013 2225 rorum.
1042 2167 1121 2235 Quod
1151 2168 1215 2223 dum
1234 2185 1281 2239 per
1309 2186 1352 2225 me
1379 2183 1509 2245 cuperant
1532 2183 1558 2230 et
1582 2187 1706 2248 peterent

911 2258 1055 2314 obtinere:
1072 2257 1158 2326 ibsit,
1184 2257 1302 2328 inquam,
1325 2259 1377 2315 nisi
1398 2264 1480 2317 sciam
1503 2273 1531 2320 et
1550 2275 1640 2322 certus
1655 2269 1705 2323 sini

911 2344 980 2415 quod
993 2343 1278 2416 honamidoneamqne
1289 2349 1582 2415 personamintendatis
1592 2353 1704 2425 eligeret

912 2432 1122 2501 Responderunt
1144 2432 1310 2503 propositum
1335 2450 1411 2490 suum
1431 2445 1510 2506 atque
1532 2440 1706 2498 intentionem

913 2522 1051 2577 danastro
1074 2519 1191 2590 pendere
1214 2521 1335 2590 arbitrio,
1354 2539 1404 2581 nec
1429 2514 1501 2580 aliud
1525 2529 1705 2599 selecturus,

914 2609 965 2665 nisi
980 2608 1054 2681 quod
1064 2624 1115 2681 ego
1130 2610 1309 2666 consulerem.
1329 2613 1361 2667 Et
1377 2616 1591 2684 spoponderunt.
1608 2618 1706 2677 verum

915 2714 959 2753 me
975 2713 1029 2753 nou
1045 2697 1108 2751 satis
1123 2696 1205 2753 iidem
1219 2702 1448 2766 aceornmodante,
1466 2706 1579 2761 accessit
1593 2708 1625 2763 ad
1641 2725 1706 2779 per-

916 2787 1083 2842 arridendum
1107 2787 1332 2859 archiepiscopus,
1357 2790 1488 2861 pollicens
1509 2793 1621 2852 tirmiter
1635 2797 1710 2871 idip-

62 2891 158 2946 stram,
173 2879 209 2934 de
226 2893 279 2950 qua
291 2878 348 2946 jam
375 2875 479 2948 angelis
498 2873 647 2929 collaetatus
661 2886 730 2937 sum,
747 2878 775 2925 et
793 2884 860 2926 oon·
876 2864 899 2943 Β
914 2878 1026 2933 sumiti
1041 2875 1151 2943 addidit,
1162 2878 1236 2948 quod
1249 2877 1272 2931 si
1284 2894 1364 2934 secus
1376 2881 1466 2939 clerici
1480 2899 1561 2957 agere
1576 2886 1710 2942 molireri-

100 2993 177 3066 pist)
201 2991 305 3062 Scripta
327 3004 397 3045 anno
421 2986 519 3044 Christi
544 2988 623 3040 4483,
647 2984 677 3039 4ο
700 2983 858 3040 colbertino

63 3069 158 3123 codice
173 3071 264 3119 notato
295 3065 372 3124 44438,
393 3068 419 3113 et
442 3062 467 3113 iu
496 3057 614 3113 editione
641 3056 785 3126 antiquiori
800 3056 859 3110 baec

63 3136 181 3208 epistola
194 3133 320 3190 tribuitur
334 3131 436 3188 ioanni
459 3129 622 3195 Cremensi;
638 3142 767 3198 sequens,
789 3129 859 3182 llot'-

64 3209 180 3266 merua.
197 3205 233 3260 it
251 3220 313 3277 quae
327 3205 353 3258 in
370 3200 510 3273 posteriori
535 3200 662 3272 leguntur
676 3202 710 3252 de
731 3198 800 3266 ejus,
816 3195 860 3253 cui

65 3281 168 3335 directa
182 3286 233 3342 est,
250 3273 437 3331 conversione.
459 3270 548 3339 potius
570 3268 668 3325 ioanni
684 3271 860 3325 conveniunt.

113 3348 180 3412 435)
194 3346 300 3417 Scripta
313 3359 384 3400 anno
397 3341 496 3396 Christi
513 3344 594 3396 4433.

100 3353 181 3494 lise)
195 3418 277 3472 Tituli
291 3418 319 3472 S.
335 3414 508 3486 chrisogoni,
523 3411 569 3481 qui
583 3411 698 3467 loannes
714 3411 861 3466 ilenrioum

66 3493 276 3554 virdunensem,
295 3488 328 3542 ad
343 3502 423 3557 quem
438 3483 553 3554 epistola
566 3486 610 3546 62,
624 3483 657 3537 ab
672 3481 860 3539 excommuni-

67 3564 174 3621 catione
188 3559 309 3623 absolvit,
333 3565 400 3613 testa
422 3553 564 3611 Laurentio
584 3553 737 3619 leodiensi,
753 3553 780 3607 in
796 3551 862 3623 Spi-

68 3636 120 3691 cile
141 3632 160 3686 ii
175 3639 249 3687 temo
260 3629 322 3696 Xll,
337 3644 401 3699 pag.
422 3628 484 3681 307.

117 3651 183 3772 val)
198 3702 304 3771 Scripta
319 3716 390 3754 anno
405 3695 503 3752 Christi
516 3699 595 3752 4438.

119 3778 183 3843 438)
205 3773 250 3828 Sic
271 3772 365 3827 titulus
383 3770 465 3838 hujus
479 3768 600 3837 epistole
613 3765 639 3820 iu
661 3763 863 3836 manuscriptis.

70 3848 151 3905 Actio
164 3846 225 3900 haee
237 3843 369 3914 contingit
383 3855 437 3895 non
459 3845 522 3909 post
538 3844 651 3892 mortem
674 3835 798 3891 Guilenci
814 3850 863 3889 seu

70 3916 193 3976 Wilenci
208 3913 329 3985 episcopi
347 3909 534 3982 lingonensis,
551 3907 585 3962 ad
600 3922 681 3980 quem
695 3906 816 3978 epistolae
830 3907 864 3960 59

72 3999 98 4047 et
111 3990 160 4055 oo,
175 3985 224 4041 sed
237 3991 298 4055 post
320 3992 435 4039 mortem
457 3979 586 4036 Wiilelmi
610 3981 644 4032 de
669 3977 790 4032 Sabrano
804 3977 865 4046 ejus

72 4055 251 4116 sumessoris.
266 4053 389 4111 Guilenci
403 4052 493 4108 obitus
506 4047 618 4120 contigit
632 4061 702 4103 anuo
718 4051 796 4116 4435,
813 4048 869 4103 lla-

73 4131 166 4187 leudis
184 4128 318 4198 Augusti3
335 4123 480 4188 Guillelmi,
495 4136 566 4176 anno
581 4123 661 4174 4438.
676 4119 743 4174 lline
759 4119 818 4174 lites
832 4121 866 4172 de

72 4202 166 4259 tuturo
189 4211 355 4254 successore.
385 4197 480 4250 Petrus
508 4191 725 4261 archiepiscopus
750 4189 866 4260 Lugdu·

74 4270 182 4334 nensis,
196 4270 276 4352 liugo
290 4267 454 4339 burgundie
470 4264 602 4335 princeps,
619 4272 710 4332 postea
728 4261 793 4329 dui,
810 4260 867 4315 elea

74 4347 195 4401 ctionem
215 4340 321 4395 cuidam
344 4337 475 4392 monacho
499 4333 667 4389 Clutiiaeensi
689 4331 865 4386 deferebant:

76 4410 269 4486 repugnabant
284 4411 417 4464 ttobanus
430 4410 546 4461 decanus
557 4403 744 4476 lingonensis,
757 4403 869 4456 Pontius

77 4485 285 4542 archidiaconus
308 4478 463 4542 Odutricus,
487 4475 584 4548 aliique
608 4473 741 4530 canonici.
762 4475 870 4528 Arbiter

78 4557 133 4613 litis
146 4558 271 4610 detectus
290 4552 439 4607 heruardus
455 4565 463 4603 ι
478 4563 509 4603 ac
524 4548 632 4601 medem
645 4546 756 4601 excluso
771 4559 869 4600 inona-

78 4623 331 4688 choCluniaoeusi,
356 4623 457 4676 electus
480 4617 644 4673 Godciridus
667 4615 743 4671 Prior
766 4615 869 4670 Clarae·

80 4697 224 4762 vallensis,
237 4686 363 4749 bernardi
387 4689 612 4760 consanguineus.
629 4689 667 4742 De
683 4689 731 4742 liae
744 4686 872 4740 Ecclesiae

80 4767 261 4842 Lingonensis
275 4766 302 4819 in
327 4762 360 4819 eli
383 4763 453 4818 endo
472 4763 599 4829 episeopo
623 4759 803 4813 controversia
818 4764 873 4810 tres

82 4843 145 4911 tego
154 4839 226 4894 Petri
236 4781 672 4902 abbatisCvuniaoensisepistolas
687 4845 694 4882 :
712 4845 802 4895 unam,
814 4840 873 4898 qum

81 4921 126 4967 est
139 4909 202 4964 libri
220 4904 424 4979 primiepistola
437 4905 481 4971 29,
496 4904 529 4958 ad
544 4903 707 4956 bernardum
722 4898 831 4967 scripta,
846 4898 874 4951 iu

83 4998 138 5052 qua
163 4982 325 5035 monachum
352 4974 497 5047 quemdam
523 4976 563 5027 ei'
585 4971 641 5026 suis
669 4970 696 5024 in
719 4970 875 5040 episcopum

83 5053 286 5123 Lingonensem
300 5049 416 5104 electum
431 5047 463 5100 ab
477 5048 563 5099 inusta
577 5041 688 5097 intimis
702 5055 818 5112 purgare
834 5039 875 5092 ni·

83 5123 167 5193 titur3
184 5121 306 5187 alteram,
331 5124 447 5190 quaeest
468 5114 528 5170 libri
557 5115 669 5169 secundi
693 5112 808 5184 epistola
831 5112 875 5178 ie,

85 5194 119 5250 ad
134 5195 322 5249 innocentium
337 5203 444 5270 papam,
465 5189 491 5240 in
506 5201 561 5257 qua
578 5183 811 5241 confirmationem
826 5185 877 5234 ab·

85 5267 158 5322 hatis
179 5263 366 5320 vizeliacensis
389 5257 528 5315 electionis
551 5256 577 5310 iii
605 5256 727 5325 ejusdem
752 5251 879 5309 sceleste

85 5339 248 5408 episcopum
275 5334 350 5389 iactoe
378 5330 505 5403 denegari
533 5328 668 5398 postulat3
698 5334 880 5395 postremam,

87 5414 209 5481 quaeest
224 5405 347 5475 ejusdem
368 5401 429 5456 libri
454 5398 568 5470 epistola
587 5399 631 5459 86,
647 5396 679 5449 ad
699 5395 823 5451 eumdem
837 5393 884 5447 ln·

87 5477 340 5547 nocentiumque
365 5472 492 5528 Ecclesiae
514 5465 678 5541 Lingonensi
704 5467 776 5522 circa
800 5461 885 5520 lutari

89 5547 216 5626 episcopi
230 5546 392 5607 electionem
404 5546 449 5618 jus
461 5542 602 5615 integrum
617 5540 694 5615 jutta
706 5552 823 5599 meones
842 5534 886 5592 di·

916 2979 985 3036 mitti
1008 2979 1146 3049 eltlagitat.
1162 2981 1277 3037 Primam
1299 2999 1330 3038 ac
1352 2984 1458 3040 tertiam
1479 2988 1605 3058 epistolas
1629 2992 1714 3061 perti·

916 3067 981 3105 nere
995 3053 1028 3106 ad
1043 3066 1114 3114 eam,
1139 3052 1173 3107 de
1189 3068 1242 3121 qua
1269 3053 1312 3107 liic
1340 3055 1395 3129 agit
1422 3058 1587 3128 Beruardus,
1603 3061 1713 3117 electio·

916 3138 989 3188 nem,
1008 3137 1041 3176 et
1065 3128 1206 3193 utriusque
1228 3121 1371 3180 collatione
1397 3126 1568 3185 manil'estum
1592 3139 1643 3186 est.
1670 3134 1714 3188 An

916 3198 1005 3276 autem
1021 3195 1139 3275 meandi
1153 3193 1245 3248 itidem
1265 3197 1300 3248 ad
1319 3198 1441 3252 eamdem
1466 3200 1618 3268 pertineat,
1639 3203 1715 3259 dilii-

917 3267 994 3319 cilius
1017 3264 1141 3321 dixerim.
1163 3265 1324 3322 Persuasum
1340 3267 1405 3323 milii
1428 3277 1468 3324 est
1491 3271 1524 3326 de
1544 3271 1650 3330 diversa
1674 3279 1715 3330 iii·

916 3335 1089 3409 telligendam
1112 3351 1172 3389 esse
1196 3352 1319 3406 persona.
1352 3340 1382 3393 In
1411 3339 1497 3411 prima
1525 3343 1597 3398 enim
1622 3345 1716 3403 Petrus

918 3406 1084 3461 venembilis
1117 3409 1231 3462 electum
1259 3409 1378 3464 nominat
1402 3412 1559 3482 simpliciter
1583 3432 1595 3466 i
1620 3431 1717 3472 mona·
1802 3424 1805 3429 '

917 3478 996 3532 olium
1016 3476 1219 3533 cluniacensem
1240 3495 1271 3534 aa
1292 3480 1376 3535 tilium
1396 3499 1494 3550 suum;
1518 3504 1531 3536 r
1557 3486 1586 3540 in
1600 3488 1718 3543 secunda

922 3570 933 3599 ι
949 3547 1074 3629 abbatem
1085 3549 1302 3630 vizeliacensem.
1317 3571 1329 3603 r
1343 3553 1371 3607 lu
1385 3552 1430 3608 illa
1441 3554 1518 3620 dicit,
1531 3556 1718 3631 Lingonensas

919 3634 1072 3684 canonicos,
1097 3626 1148 3674 sibi
1171 3636 1202 3675 ei
1230 3635 1297 3693 agro
1317 3624 1475 3680 Pictaviensi
1504 3631 1646 3684 revertenti
1671 3644 1718 3685 oc-

919 3697 1068 3770 currentes,
1087 3689 1216 3746 monachi
1232 3695 1272 3745 sni
1298 3690 1457 3749 electionem
1480 3696 1650 3768 significasse
1667 3719 1673 3757 :
1689 3701 1717 3755 iti

920 3761 970 3840 baa
984 3767 1081 3839 inquit,
1104 3779 1116 3809 ι
1134 3776 1269 3841 rumorem
1284 3762 1318 3816 ad
1332 3778 1362 3817 se
1378 3769 1545 3834 pervenisse,
1564 3788 1575 3818 ι
1593 3771 1718 3827 abbatem

920 3830 1131 3910 vizeliacensem
1157 3831 1319 3901 importunis
1343 3839 1521 3905 quorumdam
1545 3843 1617 3910 apud
1632 3842 1717 3898 Inno-

921 3900 1178 3982 caunumprecihus
1194 3919 1220 3955 in
1239 3903 1395 3973 episcopum
1416 3906 1612 3980 lingonensem
1627 3914 1716 3981 depo-
1744 3940 1746 3945 >

923 3988 972 4027 sci.
991 3972 1019 4025 lii
1048 3970 1092 4025 illa
1118 3971 1236 4043 denique
1265 3974 1389 4029 monachi
1417 3979 1458 4030 sui
1486 3978 1715 4036 confirmationem

923 4057 1080 4123 promovere
1106 4041 1223 4123 satagit:
1256 4042 1284 4097 in
1312 4044 1361 4099 hac
1389 4046 1493 4100 abbatis
1522 4047 1716 4105 vizeliacensis

921 4113 1149 4169 confirmationem
1164 4113 1297 4185 impedire
1315 4114 1417 4171 nititur.
1434 4117 1568 4186 Quocirca
1579 4135 1633 4175 non
1648 4136 1716 4177 con-

923 4183 1094 4239 temnendam
1109 4191 1174 4253 puto
1193 4201 1287 4239 eorum
1297 4187 1468 4253 seutentiam,
1485 4192 1531 4260 qui
1541 4192 1619 4260 juita
1633 4193 1713 4249 Cata·

921 4256 1013 4328 logum
1026 4254 1248 4338 §spinalensem
1269 4265 1296 4312 et
1310 4257 1478 4325 Theaneum,
1505 4261 1634 4319 Witeuco
1649 4266 1715 4320 Lin-

921 4343 1032 4451 generisi
1041 4341 1170 4398 episeopo
1184 4328 1352 4408 subjungunt
1362 4331 1529 4388 Willolmum
1540 4334 1713 4404 deSabrano,

944 4405 991 4452 =rte
1006 4398 1150 4452 exabbate
1167 4398 1339 4479 vizeliacensi
1356 4403 1495 4457 adsedem
1511 4404 1715 4478 lingonensem

923 4478 1107 4549 assumptum
1130 4468 1243 4540 huicque
1258 4470 1445 4538 Gadelridum,
1466 4481 1495 4529 ut
1518 4491 1579 4531 mox
1593 4477 1715 4548 dicetur3

923 4556 970 4620 qui
984 4538 1100 4618 taudem,
1128 4544 1228 4607 rejecto
1256 4549 1386 4598 monacho
1409 4544 1588 4610 Cluniecensi,
1613 4549 1647 4602 de
1661 4563 1717 4618 quo

926 4620 968 4663 tue
986 4616 1084 4678 agitur,
1109 4611 1208 4665 electus
1232 4619 1273 4665 est
1296 4629 1327 4667 ac
1351 4613 1525 4670 continuatus
1549 4633 1619 4673 anno
1635 4621 1716 4686 4438,

925 4696 987 4734 cum
999 4696 1095 4761 nempe
1113 4681 1265 4736 bernardus
1286 4685 1418 4740 exstincto
1442 4688 1585 4743 schismate
1606 4687 1633 4740 iu
1649 4689 1717 4742 Gal-

926 4752 989 4808 liam
1013 4753 1144 4806 rediisset.
1167 4752 1300 4807 Ceetcrum
1328 4755 1376 4810 hac
1402 4755 1431 4809 iu
1456 4757 1565 4812 historia
1589 4757 1720 4814 observas

927 4836 1029 4893 quasso,
1055 4823 1138 4877 lector
1177 4825 1250 4895 quod
1278 4831 1339 4880 aute
1368 4826 1505 4882 adnotavit
1527 4828 1659 4883 Batonius
1686 4828 1721 4883 ad

928 4895 1130 4973 cananitide,
1148 4866 1257 4948 Petrum
1281 4894 1485 4953 cluniacensem
1508 4898 1547 4952 sie
1562 4897 1610 4953 filii
1633 4908 1723 4969 partes

931 4980 977 5033 pro
993 4964 1063 5045 virili
1082 4963 1180 5033 egisse,
1198 4972 1226 5018 ut
1244 4981 1330 5045 neque
1347 4968 1433 5022 victus
1449 4969 1565 5038 potuerit
1579 4986 1594 5023 a
1609 4970 1637 5026 S.
1653 4971 1722 5026 Ber-

930 5034 1023 5115 nardo,
1040 5049 1154 5103 eiusque
1170 5038 1311 5090 monachis
1330 5038 1420 5091 animo
1437 5038 1538 5108 divelli,
1555 5042 1627 5110 quod
1642 5047 1725 5098 testa·

932 5119 987 5162 tum
1002 5121 1060 5174 ipse
1086 5105 1192 5176 reliquit
1218 5109 1244 5160 in
1264 5108 1379 5176 quartam
1403 5109 1516 5176 epistola
1544 5111 1587 5165 bis
1610 5113 1724 5170 verbis:

935 5197 946 5228 ι
963 5176 1076 5242 Quando
1088 5180 1160 5230 enim
1175 5176 1310 5256 exstingui
1327 5178 1365 5230 rol
1390 5178 1466 5233 obrui
1482 5183 1583 5252 poterit
1605 5187 1728 5239 sincerus

932 5262 1058 5328 argaeos
1072 5253 1098 5300 et
1113 5247 1214 5325 ignitus
1227 5263 1278 5300 mei
1302 5249 1418 5317 pectoris
1439 5249 1553 5309 aliectas
1565 5254 1729 5326 quibuslibet

935 5319 1036 5374 sinistri
1051 5331 1168 5371 rumoris
1182 5317 1284 5387 rivulis,
1300 5334 1363 5375 cum
1382 5335 1432 5375 nec
1451 5337 1530 5394 aquae
1550 5329 1641 5382 multae
1655 5324 1732 5382 deci·

941 5404 1042 5443 marusa
1066 5391 1219 5469 potuerint,
1237 5404 1299 5445 euin
1327 5392 1520 5466 exstinguere,
1547 5412 1599 5456 uec
1615 5398 1733 5470 impetus

943 5460 1152 5532 lingonensium
1165 5458 1307 5518 fluminum
1320 5462 1462 5521 obrueret
1483 5487 1495 5519 »
