3728 5940
68 270 123 334 era
658 268 817 334 aronoou
835 270 880 332 aa
896 268 1119 333 amaminor.
1191 251 1194 255 ’
1663 241 1717 334 ιιι

66 395 182 472 singulis
194 393 483 464 dividebaturtentum,
501 403 581 466 prout
594 396 767 471 suiqueopus
779 395 868 453 erati
885 408 909 488 Α
925 395 1020 452 mundi
1033 396 1287 454 obtenebrata'esti
1302 395 1440 470 quomodo
1456 394 1494 451 sal
1508 402 1590 452 terrae
1604 393 1718 454 infatua·

65 487 127 543 Non
139 484 196 542 illic
217 484 337 540 arbitror
349 482 564 540 valdoouratum
574 483 659 542 inissa
672 484 811 557 depretia,
830 484 866 542 de
924 490 982 540 tum
993 486 1056 541 esti
1069 486 1191 557 Quorum
1219 485 1297 542 nobis
1319 484 1384 551 vita,
1408 483 1450 541 via
1464 483 1527 538 vitu
1541 481 1634 541 debuit
1645 500 1716 558 essa,

67 574 169 642 colore,
186 573 220 630 de
233 571 307 630 cultu
320 571 555 641 vestimentorum,
570 573 684 630 ubitam
698 573 866 630 indefessum
919 573 985 630 dum
1002 575 1158 645 exemplum
1180 574 1208 629 iu
1222 574 1280 629 suis
1292 573 1397 630 actibus
1410 572 1557 628 ostendunt
1571 574 1715 646 superbie,

66 663 156 719 inerat
163 661 283 719 studium
293 660 321 716 in
332 661 764 732 concordiamorum,animorum
774 665 866 720 cohm-
918 662 985 719 oaeoi
999 662 1063 719 lacti
1089 672 1152 718 sunt
1164 661 1249 719 duocs
1263 677 1411 718 caecorum.
1430 659 1509 730 Quod
1524 657 1647 733 enim(ut
1660 676 1717 731 cse-

66 748 867 824 rentia,proiectuquavirtutum.'altitudiniainquitcre-
915 757 976 809 tera
1003 751 1119 822 meeum)
1148 750 1288 823 specimen
1315 750 1474 806 humilitatis
1487 756 1539 816 est,
1569 764 1631 804 cum
1644 756 1717 811 tanta

67 837 199 896 sanaem
212 838 865 909 ercteoraaamet,aaimoaae(lct.rv,32,3iil.
919 855 1018 913 pompe
1040 849 1068 894 et
1081 838 1200 910 equitatu
1225 838 1362 905 incedere,
1387 839 1469 893 tantis
1483 836 1716 895 bominumcrini·

102 928 147 982 ib.
168 924 219 983 Ubi
233 939 306 982 nuno
320 925 386 982 illud
400 925 586 984 unanimitatis
607 926 767 984 exercitium
776 929 791 983 t
800 926 866 984 Furi
918 937 1008 986 torum
1024 927 1117 997 stipari
1131 927 1289 998 obsequiis;
1310 935 1443 998 quatenus
1456 926 1565 982 duobus
1579 925 1715 998 episcopis

67 1029 163 1070 sumus
185 1013 314 1081 exterius,
331 1020 358 1070 et
382 1013 418 1070 de
447 1029 535 1086 regno
555 1015 605 1072 Dei
627 1017 701 1089 quod
721 1016 792 1072 intra
814 1031 867 1073 uos
919 1016 1000 1074 unius
1022 1016 1126 1073 abbatis
1140 1016 1283 1070 multitudo
1312 1013 1449 1071 sulliciatt
1472 1013 1599 1081 blentior,
1622 1015 1644 1069 si
1659 1030 1715 1070 non

66 1110 118 1169 est,
134 1101 236 1159 relictis
253 1102 325 1158 veris
342 1117 375 1159 ac
402 1103 567 1174 perennibus
578 1103 668 1172 bonis,
686 1103 755 1161 ioris
770 1103 867 1174 queri-
919 1105 976 1163 vidi
990 1105 1116 1160 abbatam
1131 1103 1269 1177 sexaginta
1283 1119 1378 1174 equos,
1402 1112 1429 1158 et
1443 1118 1476 1160 eo
1491 1101 1607 1169 amplius
1621 1101 1648 1158 in
1664 1119 1714 1159 suo

67 1207 129 1246 mus
143 1206 240 1247 vanam
252 1189 467 1248 consolationem
482 1191 517 1249 da
531 1192 697 1249 vanitatibus
712 1200 740 1248 et
752 1191 866 1249 insaniis
918 1195 1018 1251 ducere
1032 1192 1161 1249 comitatu
1170 1193 1259 1264 (iti).
1270 1191 1361 1260 Dicas,
1379 1191 1403 1246 si
1413 1191 1565 1248 videaseos
1575 1200 1714 1247 transeun-

66 1278 165 1335 ialais:
182 1293 216 1335 ec
228 1281 286 1350 jam
296 1278 437 1352 religionis
452 1279 571 1354 antiquae
581 1280 731 1338 nouaclum
740 1280 866 1337 virtutem
919 1289 970 1351 tes,
986 1298 1041 1338 non
1068 1289 1160 1353 patres
1174 1296 1234 1337 esse
1260 1279 1497 1347 monasteriorum,
1523 1280 1572 1335 sed
1591 1277 1715 1336 dominos

68 1366 223 1433 amisimus,
239 1366 289 1423 sed
308 1383 358 1423 uec
386 1367 504 1441 speciem
520 1369 680 1427 retinemus.
709 1369 780 1426 Ecce
793 1367 866 1426 enim
919 1369 1110 1440 castellorum
1123 1385 1178 1426 nou
1193 1376 1317 1425 rectores
1333 1368 1496 1436 animarum,
1513 1367 1561 1423 sed
1577 1367 1713 1440 principes

65 1454 126 1528 ipse
135 1454 245 1511 babitus
259 1462 356 1512 noster
369 1455 453 1528 (quod
467 1463 495 1513 et
509 1456 605 1514 dolens
619 1457 706 1529 dicei,
720 1456 866 1532 quibumi·
919 1458 1130 1531 provinciarum.
1141 1458 1211 1514 Tum
1220 1456 1318 1512 deinde
1328 1455 1428 1529 gestari
1436 1456 1568 1526 jubentur
1577 1455 1713 1528 mappulae

66 1542 151 1599 litatis
171 1558 233 1600 esse
260 1542 365 1599 solebat
385 1543 502 1618 insigna,
527 1560 544 1601 a
566 1545 710 1604 monacbis
730 1544 863 1616 temporis
918 1546 1024 1619 scyphi,
1041 1545 1140 1613 bacini,
1152 1546 1321 1613 candelabra,
1336 1544 1495 1601 otmuntioae
1519 1543 1711 1614 eoiiaroinaae,

64 1631 167 1687 nostris
182 1631 209 1686 in
223 1632 331 1702 signum
345 1639 470 1703 gestatur
497 1634 642 1707 superbie.
671 1633 726 1691 vix
753 1635 811 1705 jam
837 1634 865 1690 iu
919 1650 975 1692 uon
997 1633 1163 1702 stramentis,
1192 1633 1239 1689 sed
1267 1633 1432 1689 ornamentis
1464 1632 1635 1689 lectulorum.
1663 1632 1714 1689 lix

65 1719 167 1776 uostris
186 1718 333 1791 provinciis
348 1719 511 1786 invenimus,
526 1739 582 1794 quo
596 1722 691 1778 vestiri
705 1721 863 1796 dignemur.
881 1679 1034 1794 ndenique
1044 1729 1159 1795 quatuor
1173 1721 1282 1778 leuciea
1293 1738 1342 1777 sua
1353 1721 1488 1793 quispiam
1500 1721 1583 1777 domo
1598 1720 1710 1791 recedit,

65 1809 143 1864 Miles
157 1816 183 1863 et
202 1809 354 1865 monachus
367 1825 404 1864 ex
420 1809 516 1866 eodem
532 1826 622 1882 panno
637 1809 792 1883 partiuntur
808 1809 860 1866 sibi
917 1811 970 1867 uisi
984 1826 1047 1868 oum
1061 1818 1117 1868 tota
1126 1808 1289 1883 supellectili
1300 1825 1358 1877 sua,
1384 1817 1509 1883 tanquam
1524 1809 1558 1865 sit
1572 1809 1611 1865 vel
1627 1808 1714 1865 iturus

65 1896 201 1953 cucullam
220 1903 247 1952 et
265 1896 448 1970 chlamydem.
471 1897 566 1967 Quiris
585 1898 619 1954 de
647 1899 757 1966 saeculo,
774 1913 862 1971 quan·
917 1900 951 1955 ad
966 1900 1178 1969 exercitum,vel
1193 1897 1411 1970 transitumsper
1425 1898 1574 1965 desertum,
1596 1898 1643 1953 ubi
1658 1912 1713 1955 uon

64 1986 190 2041 tumlibot
203 1985 362 2052 honoratus,
378 1985 485 2042 etiamsi
499 2003 558 2054 rex,
572 1986 680 2044 etiamsi
701 1986 862 2059 imperator,
917 1988 1022 2045 valeant
1049 1988 1164 2044 inveniri
1192 1986 1355 2044 necessaria.
1383 1987 1480 2044 Annon
1504 1994 1599 2057 posset
1613 1986 1711 2043 eodem

61 2073 111 2129 illa
121 2073 212 2140 luerit,
229 2089 285 2130 nou
298 2079 391 2129 tamen
412 2080 508 2131 nostra
520 2075 644 2131 borrabit
658 2074 824 2142 indumenta,
841 2074 864 2132 ei
917 2078 1026 2134 vasculo
1050 2086 1158 2150 eisque
1183 2075 1309 2131 manibus
1323 2074 1409 2148 vergi,
1421 2080 1449 2132 et
1458 2073 1551 2130 vinum
1567 2074 1643 2130 bibit
1657 2079 1713 2133 Aa·

64 2178 115 2218 suo
132 2161 185 2217 sibi
200 2161 281 2217 modo
302 2169 458 2234 praeparata
478 2163 576 2219 luerint
585 2171 613 2219 et
625 2170 729 2234 aptata.
917 2181 972 2222 uon
990 2169 1083 2239 posset
1096 2165 1196 2221 ardens
1219 2165 1311 2221 lucere
1325 2163 1446 2233 lucerna,
1462 2163 1515 2219 nisi
1529 2164 1558 2218 in
1576 2170 1622 2220 tuo
1636 2164 1710 2236 quod

98 2253 143 2306 26.
159 2248 295 2306 Ceterum
318 2249 348 2305 in
361 2250 465 2318 babitu,
488 2249 589 2323 inquis,
614 2258 726 2307 nonest
752 2249 863 2323 religio,
917 2260 1008 2326 portas
1021 2253 1193 2321 candelabro,
1205 2260 1233 2309 at
1248 2253 1299 2309 boc
1313 2266 1407 2318 aureo,
1423 2251 1467 2309 vel
1483 2253 1637 2323 argenteo?
1651 2253 1711 2308 bu·

62 2338 110 2395 sed
123 2336 153 2394 in
166 2339 258 2395 corde.
275 2336 357 2395 Bene.
370 2339 405 2395 rit
414 2339 562 2410 tuqnaudo
572 2340 707 2397 cucullam
722 2346 862 2411 empturus
917 2358 972 2399 uon
987 2350 1080 2413 posset
1092 2342 1214 2409 dormiri,
1230 2341 1283 2397 nisi
1297 2355 1380 2412 super
1404 2339 1507 2395 varium
1529 2347 1653 2404 stratum,
1667 2347 1713 2397 aut

62 2419 165 2483 lustras
178 2427 271 2494 urbes,
283 2425 345 2483 fora
359 2426 472 2496 circuis,
484 2428 627 2499 percurris
649 2427 796 2494 nundinas,
812 2427 863 2483 do·
915 2431 966 2487 sub
980 2430 1126 2507 peregrino
1140 2429 1336 2502 coopertoriot
1354 2430 1452 2484 Annon
1466 2444 1538 2484 uuus
1551 2427 1647 2500 aliquis
1662 2427 1713 2499 mi}

62 2531 124 2572 mos
143 2514 274 2572 scrutaris
285 2514 497 2590 negotiatorum,
514 2524 643 2575 cunctam
656 2517 757 2575 evertis
766 2517 861 2589 eingu-
915 2519 1001 2575 uister
1016 2526 1109 2589 posset
1133 2525 1160 2574 et
1181 2520 1336 2588 jumentum
1366 2517 1461 2589 ligare,
1491 2523 1518 2571 et
1532 2516 1566 2571 ad
1587 2530 1710 2572 mensam

61 2605 153 2660 iorum
165 2602 374 2677 supellectilem,
385 2603 512 2676 ingentes
520 2604 645 2677 explicas
660 2605 786 2662 cumulos
796 2619 863 2676 pan·
915 2606 1027 2675 servire,
1044 2614 1071 2663 et
1094 2607 1221 2665 lectulum
1252 2607 1428 2680 praepararet
1440 2606 1520 2661 Nunc
1546 2620 1612 2675 ergo
1627 2611 1710 2661 tante

62 2704 172 2760 norum,
184 2699 314 2748 attrectas
323 2691 426 2765 digitis,
438 2693 569 2749 admoves
580 2691 677 2760 oculis,
693 2692 759 2749 solis
774 2707 861 2765 appo·
915 2695 1078 2754 multitudini
1095 2695 1251 2770 garsionum
1265 2712 1300 2753 ac
1318 2697 1517 2767 jumentorum,
1534 2708 1592 2759 cur,
1616 2693 1659 2747 vol
1675 2692 1710 2747 ad

64 2780 110 2839 nis
124 2778 364 2852 radioqquidquid
377 2795 518 2852 grossum,
529 2779 659 2852 quidquid
673 2779 805 2854 pallidum
813 2795 861 2837 oc·
915 2785 1042 2845 solatium
1070 2786 1142 2855 mali,
1159 2786 1301 2843 nobiscum
1329 2800 1385 2842 uon
1407 2783 1517 2841 ierimus
1541 2780 1707 2849 necessaria,

62 2868 192 2935 currerit,
204 2869 322 2937 respuis3
334 2869 358 2923 si
371 2868 435 2942 quid
445 2875 537 2925 autem
548 2868 590 2924 sui
603 2867 723 2939 puritate
731 2883 765 2926 ac
773 2869 862 2927 nitore
876 2846 898 2926 c
913 2883 1048 2949 quatenus
1066 2876 1188 2950 hospites
1202 2892 1258 2932 noa
1268 2873 1437 2948 gravemus?

61 2956 207 3030 placuerit,
224 2954 292 3010 illud
306 2972 370 3013 mox
388 2955 557 3029 quantolibet
577 2956 663 3028 pretio
687 2956 789 3030 satagis
812 2956 860 3014 tibi
1216 2964 1327 3021 CAPUT
1341 2962 1407 3018 xli.

59 3044 202 3101 retinere:
219 3051 336 3117 rogote,
358 3060 391 3101 ex
411 3043 494 3101 corde
509 3043 577 3102 lacis
601 3045 668 3112 bec,
683 3060 718 3101 an
732 3043 862 3114 simpliei-
915 3053 1225 3112 immerabaramin
1235 3052 1346 3125 templis
1353 3049 1519 3108 etoratoriis
1528 3047 1709 3106 exstruendis

59 3140 104 3188 ter
117 3133 132 3188 t
143 3132 209 3188 Cum
225 3131 341 3205 denique
355 3139 453 3190 contra
468 3131 609 3206 Regulam,
624 3149 680 3190 nou
694 3133 767 3206 quod
780 3132 860 3190 vilius
1090 3123 1235 3190 omniu,
1245 3120 1402 3195 pinsendis,
1422 3122 1527 3192 aretii·

59 3220 604 3293 occurrerit,eedstudiosissimequoeris,
616 3222 690 3292 quod
698 3220 859 3294 quiararius
948 3216 992 3269 28·
1011 3211 1135 3268 Sedbaet
1149 3226 1234 3283 piria
1249 3217 1312 3265 suni
1329 3228 1335 3264 ²
1353 3208 1457 3264 venitm
1476 3208 1510 3264 td
1525 3207 1637 3275 mtiffl'ir
1658 3206 1705 3261 ⁵0⁶

59 3309 206 3373 invenitur,
223 3308 369 3380 pretiosius
379 3309 499 3377 emitur,
514 3309 643 3381 ignorans
658 3309 806 3381 iacislraeq
822 3325 859 3366 an
912 3302 974 3359 ideo
988 3301 1048 3357 visa
1074 3300 1191 3366 minora,
1221 3298 1285 3373 quia
1305 3296 1444 3353 usitatiora
1457 3294 1561 3352 Omitto
1575 3293 1709 3350 oratorio·

58 3396 306 3454 exindnstriailir
318 3399 548 3456 cordisthesauro
559 3397 618 3454 sine
626 3398 709 3455 dubio
721 3399 855 3470 procedit,
911 3407 971 3446 rum
993 3390 1140 3446 immensas
1164 3388 1328 3454 altitudines,
1343 3384 1535 3440 humilitiam
1560 3381 1709 3455 ¹⁰⁰ssiiiffi·

59 3484 189 3557 quidquid
203 3482 289 3542 588
311 3486 377 3541 ioris
397 3493 511 3558 apparea
529 3486 666 3543 vitiorum.
682 3486 789 3544 Vanum
807 3502 857 3544 eor
909 3496 966 3546 nes,
985 3494 1171 3551 supervacuas
1182 3477 1346 3543 latitudines,
1365 3482 1542 3546 sumptuosas
1560 3470 1705 3545 depolitio-

56 3572 190 3630 vanitatis
212 3579 307 3628 notam
320 3572 421 3646 ingerit
439 3574 551 3645 corpori
563 3594 571 3644 ;
586 3581 614 3629 et
631 3574 750 3631 exterior
765 3590 859 3644 super·
911 3583 971 3635 nes,
985 3568 1107 3624 carious
1127 3566 1294 3636 depictiones
1310 3583 1318 3619 ε
1334 3579 1395 3635 quae
1408 3563 1473 3617 dum
1487 3561 1621 3617 orantium
1636 3559 1663 3614 io
1679 3576 1709 3615 se

57 3660 151 3717 iluitas
165 3660 304 3717 interioris
317 3660 445 3719 vanitatis
460 3660 589 3717 indicium
604 3667 655 3715 est.
672 3659 762 3716 biollia
774 3660 856 3716 indu·
910 3661 1067 3726 retorquent
1075 3661 1225 3724 aspectum,
1241 3650 1432 3724 impediuutet
1446 3648 1584 3714 allectum,
1597 3655 1624 3702 et
1640 3647 1705 3704 mibi
1816 3710 1818 3715 .

59 3755 153 3806 menta
167 3746 250 3805 animi
262 3747 401 3804 mollitiem
411 3747 542 3806 indicant.
558 3748 619 3804 Nou
628 3755 705 3804 tanto
715 3754 858 3804 curaretur
911 3742 1110 3815 quodammodo
1125 3745 1322 3814 representari
1344 3737 1487 3808 antiquam
1504 3736 1586 3792 ritum
1599 3734 1709 3818 ludeo·

58 3835 187 3908 corporis
201 3835 300 3903 cubus,
315 3836 368 3892 nisi
383 3835 461 3908 prius
475 3834 601 3910 neglecta
613 3833 710 3893 inisset
724 3850 801 3891 mens
816 3833 859 3890 iu·
910 3847 983 3887 rum.
993 3828 1047 3887 Sed
1062 3836 1132 3895 esto,
1149 3828 1212 3884 fient
1226 3828 1287 3883 baec
1305 3826 1338 3881 ad
1356 3826 1488 3881 bonorem
1504 3824 1566 3881 Dei.
1580 3823 1708 3880 illudau'·

60 3925 139 3983 culta
149 3924 307 3984 virtutibus.
911 3927 966 3976 tem
979 3917 1120 3989 interrogo
1129 3918 1281 3974 monachus
1291 3913 1452 3980 monaobos,
1464 3913 1538 3984 qnod
1552 3913 1581 3967 iu
1593 3911 1704 3983 gentili·

362 4010 477 4070 CAPUT
503 4012 555 4070 xl.
673 4064 678 4073 ,
910 4006 1079 4080 basgeuiiiio
1092 4007 1243 4079 arguebat:

60 4132 101 4189 De
111 4144 200 4186 caasa
208 4145 261 4186 cur
270 4129 429 4202 superiores
438 4127 616 4190 subdituram
625 4127 699 4184 vitio
707 4142 765 4186 ooo
773 4128 859 4186 corri-
914 4089 1708 4170 muiai‘ffl⁰)’i’⁰”ufi⁶⁶⁸·i'²'amwiuidsmmm'

98 4203 176 4274 punt.
187 4201 298 4284 buxum
308 4207 337 4283 et
350 4198 532 4274 splendidam
540 4200 727 4272 preater-om
735 4214 898 4304 appara-n
1104 4255 1111 4269 ‚
1211 4165 1362 4267 ..Μ’
1379 4170 1431 4222 ⁸⁸¹·
1446 4177 1476 4230 ¹¹⁹
1492 4176 1562 4282 ”ms
1579 4161 1637 4230 ω’)
1673 4246 1679 4257 ,

97 4274 344 4345 temperrtrmpat.
914 4259 1075 4331 Egoantem
1084 4255 1147 4314 dico
1162 4273 1170 4310 a
1186 4256 1283 4322 Dicite,
1299 4250 1530 4326 mpaupares
1546 4289 1554 4306 .
1570 4261 1710 4306 nonenim

97 4362 142 4415 si.
159 4358 244 4414 biiror
251 4365 351 4426 autem,
364 4373 426 4415 cum
441 4358 546 4431 Regula
557 4358 639 4425 dicat,
652 4359 685 4415 ad
695 4358 856 4432 magistrum
912 4346 1146 4415 tliessdotet'ssumr
1172 4344 1223 4402 ⁵0⁴¹
1246 4341 1482 4412 ⁸0⁰⁸U¹1¹id105i02
1500 4341 1621 4413 inquam,
1642 4350 1710 4409 ΡΝ·

62 4447 202 4518 respicere
216 4444 348 4518 quidquid
368 4445 538 4520 aoiseipulis
552 4446 719 4517 delinquitur
735 4447 810 4520 (aeq.
827 4447 857 4504 s.
911 4451 1002 4508 perer,
1012 4435 1132 4492 eramen
1147 4433 1319 4508 propereque
1334 4438 1424 4489 reneio
1437 4428 1502 4504 quid
1516 4428 1581 4486 iacit
1593 4429 1710 4485 auramr

63 4536 215 4602 Benedicti,
232 4549 293 4607 cap.
306 4534 349 4607 2);
360 4541 387 4590 et
400 4535 534 4592 Dominus
549 4551 598 4606 per
619 4537 780 4608 prophetam
794 4551 859 4591 san-
911 4524 945 4580 iit
951 4524 1060 4598 quidam
1074 4523 1125 4581 alia
1135 4540 1216 4582 cause
1230 4530 1271 4578 est
1287 4523 1489 4597 episcoporum,
1502 4517 1551 4574 alia
1566 4518 1710 4573 monacho

64 4622 173 4690 quinem
186 4622 213 4680 iu
228 4633 344 4698 peccato
371 4623 544 4681 morientium
558 4625 592 4681 de
604 4639 687 4681 mauu
706 4631 857 4697 pastorum,
912 4631 985 4671 rum.
994 4614 1237 4686 Scimusnamqne,
1248 4612 1321 4684 quod
1330 4604 1711 4682 illisapientibusetiasipien-

63 4711 257 4784 requirendum
271 4728 333 4768 esse
342 4711 461 4768 minetur
469 4713 580 4782 (asaei
595 4714 707 4783 ur,18),
722 4713 859 4784 quomodo
912 4703 983 4760 tibus
992 4704 1130 4762 debitores
1144 4720 1208 4761 cum
1219 4702 1281 4769 siut,
1294 4699 1409 4758 carnalis
1423 4697 1520 4772 populi
1538 4694 1710 4753 devotionem

63 4800 179 4856 abbates
192 4802 279 4859 nostri
290 4801 430 4873 patiantur
444 4800 504 4858 tieri
521 4803 606 4871 talia3
620 4800 674 4857 nisi
685 4800 754 4857 iorta
769 4801 803 4870 (si
814 4815 863 4857 au·
912 4792 975 4865 quia
984 4793 1371 4866 spiritualibus'uonpossuot,
1387 4784 1576 4858 corporalibus
1592 4782 1713 4842 excitant

63 4887 142 4944 deam
163 4887 263 4959 dicere)
292 4907 373 4947 nemo
387 4889 502 4947 tidenter
516 4889 702 4961 reprehendit,
717 4888 746 4945 iu
759 4889 860 4962 quo'se
913 4881 1088 4938 nmamentis.
1099 4882 1157 4938 Nos
1167 4879 1348 4953 veroquiJam
1359 4875 1499 4948 depopulo
1508 4873 1655 4940 exivimus3
1665 4870 1712 4945 qui

63 4991 127 5033 esse
141 4975 409 5044 irreprebensibilem
431 4995 488 5036 non
514 4977 636 5036 conlidit.
656 4977 792 5049 Siquidem
807 4978 860 5033 iru-
913 4972 1008 5029 muudi
1021 4985 1135 5043 queque
1145 4968 1262 5042 pretiosa
1275 4982 1306 5025 eo
1321 4965 1443 5038 speciose
1458 4980 1508 5035 pro
1521 4961 1629 5019 cbristo
1648 4962 1713 5018 rali-

63 5063 201 5121 manitaiis
214 5070 256 5119 est
269 5065 400 5133 oninium,
416 5066 513 5138 inquo
532 5066 584 5122 sibi
598 5065 714 5138 quisque
726 5065 860 5138 indulget,
913 5062 1037 5134 quimue3
1060 5061 1107 5132 qui
1130 5057 1221 5114 omnin
1240 5055 1353 5129 pulchre
1368 5052 1494 5122 lucentia,
1524 5065 1625 5109 canore
1638 5051 1713 5107 mui-

62 5155 124 5211 aliis
145 5169 200 5209 non
222 5152 399 5209 vehementur
414 5152 505 5211 irasci.
529 5154 633 5221 Dicam,
653 5153 762 5223 dicam3
784 5170 860 5226 prae·
913 5153 1010 5219 oeutia,
1026 5164 1108 5206 suave
1122 5147 1230 5212 oleutia,
1239 5145 1319 5204 dulce
1327 5143 1468 5217 sapientia,
1484 5148 1557 5199 tactu
1571 5139 1712 5213 placentia,

61 5249 241 5316 sumptuosus
255 5241 341 5307 dicar,
364 5241 411 5297 sed
426 5257 520 5300 verum
541 5236 641 5298 dicam.
656 5241 799 5311 Quomodo
813 5242 858 5300 iux
912 5237 1343 5311 eunomianiqueobleotomenta
1359 5246 1493 5306 corporea
1514 5229 1634 5287 arbitrati
1666 5244 1714 5287 sn·

97 5373 174 5446 (isat
189 5375 218 5430 ld
236 5374 271 5430 de
298 5373 411 5443 sigerio
439 5373 537 5430 abbate
560 5370 725 5445 Dionysiana
753 5374 856 5432 dictum
910 5376 976 5449 plus
996 5392 1082 5447 quom
1097 5378 1153 5431 tres
1176 5375 1363 5447 equitaturus,
1380 5371 1432 5442 vei,
1454 5368 1480 5427 si
1499 5369 1582 5426 Prior
1603 5365 1715 5425 Ordinis

65 5453 161 5517 putant
173 5453 202 5501 ut
218 5447 252 5502 ad
263 5445 404 5513 epistolam
418 5446 465 5501 ia.
480 5447 575 5500 Petrus
589 5444 757 5502 Venerabilis
772 5453 857 5503 etatu-
909 5449 1009 5521 nvait,
1024 5450 1153 5520 quatuor.

65 5522 120 5572 tum
131 5517 212 5573 edidit
220 5517 308 5590 capite
318 5518 362 5585 io,
371 5521 402 5576 at
412 5517 511 5575 nvllvs
525 5517 656 5574 Priorum
666 5516 752 5576 daret
760 5534 855 5577 aeoom
