3728 5940
109 178 161 239 283
569 178 599 239 S.
619 175 947 241 timiamateriis
965 176 1281 240 GthAE-VALLBNSIS
1701 175 1757 239 284

109 320 172 363 enm
186 306 232 381 qui
246 304 333 364 aulert
347 304 470 378 spiritum
490 304 651 377 principum,
672 304 817 362 terribilem
832 304 904 378 apud
920 320 944 400 g
961 311 1018 362 tnm
1044 304 1240 364 consummatio
1262 312 1320 377 est3
1350 305 1440 361 nutrix
1462 304 1496 360 sd
1522 302 1669 373 ,meritam
1697 317 1759 364 mer

109 411 190 467 reges
203 402 294 455 terrae.
959 395 1056 453 diatriit
1079 395 1114 450 ad
1147 392 1298 466 praemium.
1320 392 1404 449 Soror
1435 399 1477 448 est
1495 389 1657 462 patientiae,
1692 409 1761 452 eon·

303 480 470 538 EPlSTOLA
489 481 605 537 cxxtx
624 482 710 553 (³52).
959 484 1063 542 stantiae
1094 482 1166 555 filia,
1192 484 1278 539 amica
1304 481 1399 553 pacis,
1437 480 1618 537 amicitiarum
1650 483 1761 555 nodus,

392 584 429 626 so
451 585 621 627 cannenses.
959 573 1143 631 unanimitatis
1165 573 1309 638 vinculum,
1339 573 1574 645 propugnaculum
1597 572 1758 630 smctiatts.

106 663 209 717 Pacem
224 676 310 731 qoem
324 660 477 733 aliqnando
490 677 585 717 coram
601 661 811 727 condiioverat,
827 674 908 736 ceos;
958 664 1033 721 Tolle
1065 662 1305 735 perseverantiam,
1334 676 1385 716 nec
1411 660 1575 731 obsequium
1602 660 1760 718 mercedem

179 753 278 806 tenter
292 749 471 806 reticentiam
489 753 517 806 et
537 751 673 806 tuendam
689 751 832 807 hortatur.
960 755 1051 822 habet,
1062 769 1112 810 nee
1125 751 1283 808 beneficium
1295 750 1478 827 gratiam,nec
1494 750 1600 805 laudem
1615 749 1759 808 fortitudo.

142 840 336 895 linnanstnns
360 840 596 905 suis,consulibus
618 856 679 896 cum
700 837 861 895 consiliariis
878 845 905 894 et
958 843 1079 914 lienique
1107 858 1161 897 non
1184 841 1232 914 qui
1256 839 1378 910 coeperit,
1402 839 1449 895 sed
1473 836 1518 909 qui
1546 839 1761 909 perseveraverit

107 927 210 986 civibus
226 928 368 995 universis,
384 928 552 986 Bassianus
571 930 655 985 abbas
669 929 754 986 dietus
769 929 802 984 de
815 929 905 985 Clare·
959 931 1087 1005 usquein
1107 930 1197 996 linem,
1211 929 1255 985 bic
1267 929 1357 984 saltus
1370 929 1421 984 erit
1441 927 1550 998 lltcttli.
1564 943 1595 998 x,
1613 931 1681 999 22).
1695 929 1761 987 saul

106 1017 192 1084 Valle,
208 1033 313 1088 pacem,
329 1026 357 1073 et
371 1019 494 1084 salutem,
507 1027 535 1074 et
549 1019 630 1074 vitam
646 1027 783 1077 aeternam.
958 1037 1020 1078 oum
1037 1027 1110 1076 esset
1132 1020 1259 1089 parvulus
1286 1018 1313 1073 ia
1337 1016 1424 1073 oculis
1447 1016 1514 1080 suis,
1540 1031 1588 1073 rex
1613 1023 1653 1072 osl
1674 1033 1758 1087 super
1791 1053 1793 1056 -

144 1109 170 1160 l.
185 1104 263 1175 Quod
287 1108 418 1162 adventus
437 1115 530 1163 noster
553 1107 655 1165 advos
677 1123 747 1164 anno
768 1107 903 1180 preterito
958 1108 1038 1164 lsrael
1060 1107 1244 1163 constitutus:
1269 1120 1323 1160 noa
1345 1118 1525 1176 perseverans
1542 1103 1570 1158 in
1593 1103 1757 1171 humilitate,

107 1209 160 1249 non
176 1193 255 1250 tuerit
270 1199 383 1264 otiosus,
399 1196 517 1251 Ecclesia
532 1197 611 1267 paulo
627 1201 688 1268 post
703 1198 729 1252 in
744 1213 791 1252 sua
806 1213 902 1253 neces·
957 1205 984 1251 et
999 1211 1109 1261 regnum
1128 1193 1218 1250 emisit
1236 1203 1262 1250 et
1285 1192 1375 1248 vitam.
1397 1190 1426 1246 si
1440 1189 1544 1247 cantela
1566 1190 1718 1259 Samsonis,
1734 1192 1759 1247 si

108 1280 185 1336 sitate
198 1282 337 1352 probavit,
349 1298 365 1336 a
379 1299 433 1353 qua
456 1283 530 1339 missi
550 1292 577 1340 et
590 1284 734 1342 lueremus.
750 1284 903 1342 Honoriboe
957 1282 1113 1338 Salomonis
1126 1281 1236 1337 devotio
1256 1278 1487 1351 perseverantiam
1502 1277 1687 1344 retinuissent,
1706 1295 1760 1336 nee

107 1384 158 1424 nos
173 1377 200 1425 et
214 1371 380 1442 suscepistis,
397 1380 424 1427 et
447 1372 581 1439 tenuistis,
603 1374 729 1447 exiguum
744 1375 815 1445 qnod
829 1374 903 1443 apud
956 1371 980 1427 is
993 1372 1115 1442 prolecto
1130 1370 1282 1441 privaretur
1295 1368 1438 1439 snpientia,
1454 1382 1505 1423 nee
1518 1366 1562 1423 ille
1573 1367 1687 1426 viribus.
1702 1369 1760 1425 lioc

108 1472 157 1512 vos
171 1457 296 1515 luimus:
322 1461 467 1531 etquidem
489 1461 571 1533 digne
586 1464 676 1530 vobis,
695 1463 740 1518 sed
756 1478 837 1533 supra
852 1476 903 1516 no·
958 1476 1068 1517 summae
1096 1458 1243 1515 honestatis
1265 1457 1382 1531 insigne,
1408 1458 1477 1512 hane
1505 1454 1590 1512 lolius
1616 1456 1759 1527 probitatis

107 1552 169 1602 strae
183 1546 342 1602 humilitatis
356 1549 476 1604 niodum.
503 1549 623 1606 Proiecto
647 1560 678 1608 ut
691 1566 746 1606 non
761 1552 903 1606 immeme-
957 1549 1064 1605 unicam
1077 1547 1212 1621 fidamque
1222 1546 1371 1611 custodem,
1382 1543 1513 1602 custodiri
1526 1561 1541 1599 a
1553 1544 1631 1601 vobis
1644 1543 1760 1601 firmiter

106 1649 160 1704 res,
188 1636 227 1691 sic
249 1651 304 1690 non
334 1637 433 1710 ingrati
457 1652 559 1693 snmus.
584 1640 678 1695 vicem
702 1639 835 1710 rependat
860 1640 905 1712 qui
958 1637 1052 1693 hortor
1066 1647 1092 1694 et
1115 1651 1217 1708 precor.
1234 1634 1372 1692 Custodite
1391 1633 1537 1705 diligenter
1553 1631 1624 1704 quod
1639 1631 1760 1691 libenter

105 1730 203 1793 potest,
217 1731 244 1779 el
267 1724 314 1795 qui
338 1724 366 1779 in
390 1741 473 1782 causa
492 1725 543 1781 init
558 1729 639 1781 [leus.
662 1728 720 1784 Nos
742 1727 815 1783 enim
834 1728 907 1784 unde
958 1725 1083 1781 audistis.
1094 1727 1258 1781 Mementote
1268 1722 1479 1794 scriptumque
1488 1720 1632 1778 metuebat
1641 1722 1759 1780 Herodes

106 1810 184 1864 illum
205 1826 446 1882 recompensemus
474 1812 557 1870 139
585 1815 764 1872 venerationis
792 1815 904 1884 cultum,
958 1818 1104 1880 loannem,
1121 1819 1149 1872 et
1163 1815 1285 1872 libenter
1299 1828 1366 1869 eom
1384 1809 1518 1868 audiebat
1528 1809 1624 1880 (horo.
1640 1825 1682 1876 vt,
1698 1813 1757 1882 20).

107 1896 156 1952 sed
183 1899 354 1971 obsequium,
382 1900 431 1957 sed
455 1901 592 1971 allectum,
619 1905 731 1975 plenum
758 1905 857 1960 amoris
880 1912 907 1959 et
958 1904 1010 1960 Sed
1024 1901 1209 1968 beatusioret,
1226 1901 1250 1956 si
1273 1901 1363 1956 audita
1385 1899 1498 1955 libenter
1515 1912 1595 1969 eque
1609 1905 1754 1956 servasset.

107 1985 220 2056 gratiosi
245 2001 297 2042 non
322 1988 395 2060 quod
422 1997 517 2045 nostro
546 1990 709 2047 delectemur
735 1993 835 2056 lavore,
857 1992 905 2047 sed
959 1991 1081 2062 Denique
1099 2003 1153 2045 non
1167 1989 1213 2060 qni
1227 1988 1350 2051 andiunt,
1366 1986 1413 2042 sed
1429 1984 1622 2055 beotiinqait,
1638 1986 1687 2058 qtti'
1700 2003 1757 2042 ott-

105 2080 204 2128 vestrae
219 2072 353 2131 devotioni
378 2076 553 2132 collaetamur.
568 2076 592 2133 0
609 2076 672 2131 inibi
686 2079 744 2134 dies
756 2079 818 2134 illos
832 2078 906 2134 lesti·
959 2079 1043 2135 diunt
1055 2083 1085 2135 et
1098 2078 1264 2135 distetisset
1278 2078 1392 2133 veham
1406 2076 1459 2132 llet'
1472 2074 1594 2146 (tacui,
1610 2076 1666 2144 28l.

105 2175 164 2226 vos,
185 2164 232 2217 sed
257 2162 370 2234 paucosl
396 2166 424 2219 ln
448 2174 580 2220 aeternum
610 2182 663 2221 non
689 2167 833 2222 obliviscar
857 2166 904 2233 lui,
994 2171 1022 2223 3.
1042 2167 1153 2223 Servate
1181 2166 1295 2238 proinde
1314 2181 1364 2221 vos
1388 2179 1480 2237 pacem
1504 2162 1632 2221 fratribus
1659 2163 1758 2221 vestris

105 2249 185 2320 plebs
195 2251 304 2318 devota,
316 2253 573 2325 honorabilisgens,
584 2253 677 2310 cii-tias
687 2254 801 2313 illustris
817 2256 903 2326 (ent).
958 2255 1071 2328 Pisanis,
1087 2254 1165 2311 iidem
1185 2255 1294 2310 domino
1310 2269 1396 2324 papae,
1418 2253 1576 2308 fidelitatem
1594 2251 1661 2324 regi,
1677 2252 1756 2311 robis

104 2336 226 2410 Vespere
241 2349 267 2394 et
281 2356 359 2396 mane
374 2346 399 2396 et
414 2342 533 2407 meridie,
550 2358 626 2399 more
647 2343 737 2416 utique
753 2344 904 2416 prophete,
958 2345 1098 2401 honorem.
1114 2346 1171 2401 Hoc
1190 2343 1261 2398 anim
1276 2344 1395 2415 expedit,
1416 2344 1467 2398 boc
1482 2342 1570 2406 decet,
1583 2340 1635 2398 hoc
1649 2341 1757 2411 institia

104 2427 247 2481 narrabam
272 2437 298 2484 el
319 2430 512 2485 annuntiabam
536 2430 623 2502 (Ptol.
638 2447 693 2495 ιιι,
720 2435 772 2500 ltl),
798 2443 825 2487 et
847 2441 904 2488 erat
958 2433 1050 2505 exigit.
1080 2430 1238 2487 Audivimus
1268 2431 1375 2488 venisse
1403 2430 1436 2486 ad
1464 2445 1514 2486 vos
1542 2428 1649 2484 uunbos
1677 2430 1756 2487 ducis

102 2520 177 2570 tanta
191 2517 318 2573 audiendi
336 2517 459 2587 aviditas,
479 2533 580 2590 quanta
594 2521 760 2577 erudientium
776 2521 901 2577 charitas.
957 2520 1066 2593 lingerii
1089 2521 1164 2593 (354)
1191 2538 1198 2574 :
1221 2519 1288 2592 quid
1311 2519 1460 2588 attulerint,
1481 2518 1581 2589 quidne
1601 2516 1753 2587 retulerint,

100 2603 278 2661 Portabamns
305 2607 418 2664 verbum
441 2607 537 2678 pacis,
561 2624 679 2679 cumque
708 2609 905 2665 invenissemus
957 2626 1006 2667 nos
1021 2611 1163 2668 neseimus.
1184 2610 1284 2666 Verum
1299 2624 1365 2682 ergo
1377 2611 1455 2679 juxta
1469 2608 1536 2663 illud
1551 2615 1646 2678 poete,
1661 2614 1692 2662 ttt
1704 2624 1755 2665 ve·

99 2689 170 2748 lilios
185 2692 266 2762 pacis,
286 2693 415 2766 requievit
429 2711 509 2765 super
522 2711 571 2751 eos
591 2705 761 2769 pernostra.
779 2696 903 2752 Exieram
956 2714 1016 2754 ram
1031 2698 1126 2764 fatear,
1142 2713 1251 2768 semper
1274 2698 1352 2754 timui
1373 2699 1488 2765 Danaos,
1505 2706 1532 2752 et
1552 2695 1623 2752 dona
1637 2696 1753 2752 terentes

102 2781 181 2852 plane
210 2780 343 2836 seminare
371 2798 473 2849 semen,
495 2799 549 2840 non
577 2801 676 2850 meum,
703 2786 750 2841 sed
778 2783 848 2853 Dei;
875 2792 903 2840 et
918 2773 1122 2858 Minueritne,
1137 2786 1246 2845 AEaeid.
1268 2786 1316 2841 lib.
1334 2801 1365 2855 tt,
1381 2801 1454 2851 vers,
1477 2784 1534 2856 tlt).
1549 2784 1578 2840 Si
1601 2783 1661 2857 quis
1681 2783 1752 2839 iorte

103 2868 204 2925 cadens
228 2869 257 2924 in
283 2879 384 2925 terram
407 2871 508 2928 bonam
531 2890 625 2929 semen
647 2877 760 2941 bouum,
784 2874 903 2930 fructum

102 2955 168 3013 iecit
195 2960 352 3028 centuplum
380 2967 408 3016 et
434 2962 635 3032 tempestivum.
669 2963 734 3018 blica
759 2963 900 3031 celeritas,

101 3045 165 3116 quia
179 3062 277 3118 magna
291 3049 447 3105 necessitas.
469 3051 524 3106 Nec
545 3052 697 3108 tarditatem
712 3067 809 3121 passus
827 3068 898 3118 sum,

2 3129 5 3135 ’
102 3148 151 3190 nec
167 3134 364 3203 difficultatem,
381 3153 434 3194 una
448 3154 517 3210 pene
530 3140 574 3195 die
587 3151 614 3196 et
628 3156 731 3206 serens,
747 3149 773 3195 et
786 3151 900 3206 metens,

100 3227 127 3276 et
141 3236 280 3294 reportans
295 3240 355 3281 cum
373 3226 554 3282 exsultatione
573 3227 724 3298 manipulos
737 3229 823 3299 pacis.
840 3229 902 3285 llaec

101 3310 204 3384 qnippe
227 3313 323 3368 messis
351 3330 432 3385 quam
460 3314 570 3370 messui.
594 3317 750 3384 Exsulibus,
778 3314 899 3387 captivis,

100 3400 259 3470 compeditis
287 3409 314 3456 et
341 3401 524 3470 incarceratis,
554 3404 685 3459 evadendi
708 3414 790 3474 atque
817 3417 899 3466 repa-

101 3487 199 3562 triandi
214 3489 300 3545 laetam
315 3494 513 3561 reportavimus
536 3508 622 3565 spem,
640 3503 741 3548 metum
764 3491 899 3555 hostibus,

101 3577 287 3635 contusionem
311 3579 510 3648 schismaticis,
534 3582 650 3654 gloriam
677 3582 814 3647 Ecclesia,
841 3578 902 3635 orbi

103 3665 233 3721 laetitiam.

138 3757 165 3810 E.
185 3756 219 3810 Et
246 3771 317 3812 nuuc
337 3757 401 3827 quid
431 3767 521 3823 restat,
538 3756 696 3825 charissimi,
718 3754 772 3811 nisi
799 3764 839 3812 ιιι
857 3756 903 3811 ad·

103 3843 268 3899 moneamini
292 3844 326 3900 de
356 3846 572 3918 perseverantia,
598 3862 658 3918 quae
694 3846 752 3902 sola
782 3854 903 3903 meretur

102 3932 167 3990 viris
186 3932 308 4005 gloriam,
338 3949 466 3990 coronam
495 3932 664 3993 virtutibus?
693 3937 806 3991 Prorsus
832 3935 900 3993 alts-

103 4036 156 4094 que
184 4022 385 4092 perseverantia
408 4040 457 4078 nec
480 4025 527 4095 qui
551 4031 654 4097 pugnat
675 4022 828 4087 victoriam,
852 4036 902 4076 nee

102 4112 217 4181 palmam
242 4111 328 4167 victor
356 4115 539 4182 consequitur.
562 4113 646 4183 Vigor
673 4112 781 4180 virium,
815 4112 902 4168 virtu-

151 4281 214 4341 ³52)
228 4282 337 4352 Scripta
351 4297 421 4337 anno
434 4282 533 4338 Christi
550 4285 628 4337 tlte.

151 4353 214 4420 353)
240 4352 301 4406 Νοιι
330 4360 371 4406 est
403 4353 447 4409 liic
476 4353 689 4424 praetereundum
719 4355 791 4421 quod
822 4352 903 4409 refert

956 2875 984 2931 in
1002 2876 1079 2933 vobis
1093 2879 1176 2947 (quoti
1191 2876 1265 2931 Dens
1279 2876 1412 2945 aversati)
1427 2890 1481 2929 rem
1497 2883 1550 2929 mm
1565 2873 1664 2929 faedam
1677 2886 1753 2930 com·

958 2966 1062 3020 mittere
1080 2963 1308 3035 deprehendatur,
1328 2963 1475 3018 extendere
1495 2962 1623 3019 videlicet
1645 2977 1751 3017 manum

956 3050 990 3106 ad
1005 3061 1084 3122 turpe
1103 3051 1215 3121 lucrum3
1243 3051 1314 3105 hunc
1328 3049 1460 3121 ,protinus
1483 3060 1583 3115 notate,
1604 3057 1630 3103 et
1646 3048 1762 3118 iudica--

956 3147 982 3194 te
1009 3141 1112 3195 bostem
1140 3137 1256 3194 nominis
1283 3137 1376 3202 vestri,
1402 3138 1500 3193 civium
1524 3136 1700 3207 proditorem,
1721 3152 1756 3192 ac

955 3226 1123 3282 venditorem
1151 3223 1302 3281 communis
1337 3222 1449 3279 bobonis
1482 3233 1508 3278 et
1536 3224 1695 3281 honestatis.
1724 3223 1756 3279 Si

955 3315 1016 3383 quis
1042 3314 1105 3369 item
1134 3326 1248 3368 susurre
1274 3312 1302 3364 in
1329 3311 1441 3381 populo,
1463 3310 1565 3366 diaboli
1592 3311 1645 3367 sibi
1673 3328 1758 3367 assu·

956 3419 1032 3459 metis
1056 3403 1155 3465 vicem,
1181 3400 1273 3472 jurgia
1300 3398 1442 3463 aemiliane,
1470 3406 1497 3453 et
1525 3413 1617 3467 pacem
1646 3401 1759 3457 turbere

939 3504 940 3507 ’
955 3492 1025 3546 velle
1037 3489 1200 3561 reperiatur,
1212 3486 1441 3559 quemadmodum
1457 3488 1508 3541 illae
1522 3484 1666 3541 discordiae
1681 3503 1759 3544 sem·

955 3597 1005 3653 per
1014 3590 1055 3636 est
1067 3587 1170 3634 amator
1184 3587 1212 3635 et
1226 3585 1334 3643 auctor;
1344 3576 1409 3632 huie
1423 3575 1515 3649 rigide
1528 3589 1649 3630 censure
1665 3591 1755 3631 renie-

956 3667 1000 3723 tlio
1019 3666 1099 3723 citius
1118 3665 1250 3736 obvietur,
1265 3678 1299 3720 eo
1313 3665 1416 3736 quippe
1436 3662 1569 3734 pessimae,
1581 3677 1635 3733 quo
1651 3661 1753 3718 intimae

958 3755 1034 3822 pesti.
1045 3755 1158 3812 lloatilis
1168 3754 1304 3811 exercitus
1317 3759 1404 3808 vastat
1417 3766 1507 3824 agros,
1523 3750 1672 3822 domosque
1686 3765 1751 3819 spo·

957 3843 1016 3913 liat,
1027 3858 1109 3916 prava
1123 3851 1213 3898 autem
1228 3841 1521 3910 consiliaoorrnnipunt
1530 3839 1752 3904 bonosmorcs,et

955 3932 1089 3989 modicum
1103 3932 1263 3987 termentum
1273 3939 1355 3987 totam
1366 3944 1481 3985 massam
1491 3926 1642 3999 corrumpit
1651 3926 1675 3998 (l
1687 3927 1747 3982 dor.

956 4036 982 4085 v,
999 4020 1038 4092 6).
1053 4019 1150 4088 Serite,
1167 4017 1294 4090 plantate,
1310 4016 1494 4090 negotiamini,
1511 4023 1540 4071 nt
1559 4013 1667 4085 antiqua
1681 4012 1752 4070 mala

955 4124 1009 4164 nen
1019 4108 1104 4164 solum
1120 4124 1173 4163 non
1187 4108 1299 4173 iteretis,
1311 4107 1358 4163 sed
1373 4105 1454 4164 etiam
1469 4109 1502 4160 de
1514 4104 1596 4174 justis
1611 4101 1751 4158 laboribus

955 4283 1129 4341 illustrissimi
1144 4282 1336 4406 archiepiscopi
1350 4290 1378 4338 et
1397 4279 1685 4339 reverendissimorum
1698 4278 1752 4350 epi-

956 4371 1101 4425 scoporum
1120 4371 1264 4419 einsensu,
1278 4369 1307 4410 co
1319 4355 1406 4409 ebrani
1425 4368 1531 4411 curare.
1550 4352 1580 4407 tn
1597 4353 1648 4408 bae
1661 4355 1752 4407 ecole-

102 4421 237 4477 blattrietis
264 4422 290 4476 iii
320 4424 469 4479 hortalibus
496 4428 528 4479 ad
560 4440 658 4478 annom
686 4427 763 4491 tlte,
794 4441 852 4493 cip.
872 4429 899 4480 6.
955 4443 993 4480 sta
1007 4429 1105 4495 majori
1119 4427 1159 4481 vel
1174 4426 1199 4480 in
1213 4426 1267 4479 alin
1282 4424 1392 4481 arbitrio
1405 4434 1498 4481 nostro
1512 4421 1645 4479 catellam
1663 4421 1753 4478 eidem

103 4495 178 4549 ttiric
201 4494 327 4548 nimirum
351 4497 479 4550 Beruardi
500 4495 709 4568 promissionem
731 4499 797 4550 adeo
817 4504 900 4551 ratam
916 4471 939 4549 ss
954 4499 1069 4554 dicatam
1083 4507 1249 4551 construere.
1267 4497 1367 4553 Eadem
1387 4496 1431 4551 dte
1450 4496 1504 4551 diti
1527 4493 1656 4550 bernardi

104 4565 263 4632 firmamque
277 4581 383 4633 semper
398 4578 513 4632 stetisse,
531 4582 559 4622 ut
584 4576 643 4635 post
666 4568 830 4640 quingentos
845 4574 901 4623 lere

103 4652 199 4706 annos,
219 4639 317 4693 Christi
342 4638 442 4692 scilieet
466 4655 537 4696 atino
557 4641 636 4704 teat,
653 4657 714 4694 eum
732 4640 902 4694 excellentis-

103 4707 144 4763 sin
157 4725 200 4762 uttt
221 4709 369 4779 principem
392 4711 520 4765 Carolnm
540 4711 742 4768 Emmanuelem
761 4710 902 4766 satiante

102 4779 219 4846 ducem,
240 4796 321 4853 quem
343 4781 494 4836 lanuetises
520 4782 686 4849 patiebantur
715 4785 820 4837 hostem
848 4782 900 4836 sibl

103 4849 324 4919 infensissimum,
341 4851 450 4907 ditionis
473 4868 529 4908 eure
550 4855 651 4921 onpitla
673 4867 778 4908 vastare
798 4863 824 4907 et
847 4853 900 4906 sibi

101 4922 155 4991 jani
172 4922 311 4979 imminere
327 4923 369 4977 tir
392 4925 487 4996 quinto
507 4924 541 4978 ab
558 4926 621 4979 urbe
645 4924 733 4995 lapide
760 4923 900 4992 conspice·

104 4993 301 5071 rent,biu··ano
318 4994 424 5118 pertitus
439 4995 557 5050 destituti
572 4995 681 5066 auxilio,
697 4994 777 5050 tidem
791 4995 819 5049 S.
835 4994 900 5049 Ber·

103 5062 180 5115 nardi
205 5066 315 5132 interpel
328 5067 429 5120 averlnt
449 5074 580 5134 concepto
602 5078 672 5129 toto,
694 5065 765 5138 quod
782 5067 814 5119 ad
832 5063 902 5122 litte-

104 5147 161 5186 ram
183 5137 337 5190 exscribere
363 5152 415 5190 non
444 5139 588 5207 gratabor.
617 5159 628 5186 a
659 5137 722 5191 eoa
750 5138 808 5190 liaec
835 5139 902 5191 inter

103 5201 181 5257 divos
195 5212 291 5260 rioslrte
305 5207 459 5274 reipublicae
474 5212 603 5263 tutelares
618 5206 708 5261 divum
727 5207 900 5275 Bernartlum,

103 5275 149 5345 qui
164 5277 228 5330 dum
247 5275 275 5329 iu
292 5276 414 5332 ltttmnnis
428 5285 539 5350 agebat,
555 5281 638 5336 nostri
655 5296 681 5332 tri
700 5284 833 5334 aeteruum
848 5293 902 5333 non

103 5342 318 5401 obliviscendum
332 5347 389 5402 suis
414 5347 510 5404 litteris
531 5349 687 5422 spopondit,
702 5350 857 5405 adscribere
876 5355 903 5405 et

103 5429 298 5474 connumerare
328 5418 521 5490 promittimus,
537 5430 566 5477 et
593 5436 723 5477 vovemus
744 5421 817 5477 dem
844 5420 903 5491 ejus

104 5485 250 5554 celebrare,
270 5496 326 5545 eta
342 5490 454 5564 populis
468 5491 571 5548 coenis
584 5497 613 5549 et
626 5507 645 5548 ti
657 5493 740 5558 dare,
755 5492 901 5549 accedente

1700 4508 1753 4546 uo-

956 4577 1043 4624 taunts
1057 4568 1085 4622 in
1106 4574 1265 4638 perpetuum
1288 4569 1435 4623 solemnem
1461 4565 1658 4644 processionem
1678 4510 1750 4642 ieri,

955 4652 982 4696 et
1000 4654 1105 4694 sacrum
1129 4639 1248 4692 solemne
1270 4640 1303 4692 aa
1327 4638 1387 4707 ejus
1410 4642 1507 4709 altare,
1523 4636 1601 4691 nobts
1621 4647 1664 4703 pte
1682 4645 1753 4710 assi·

955 4710 1097 4775 aientibus,
1117 4709 1249 4764 celebrari
1263 4707 1360 4763 iacere.
1383 4711 1416 4764 Et
1433 4711 1541 4764 demum
1560 4719 1639 4760 maan
1658 4704 1751 4769 Enete,

956 4780 1047 4838 indicti
1062 4779 1130 4836 sacri
1148 4779 1279 4836 solemnia
1301 4779 1417 4851 singulis
1440 4783 1517 4835 anuis
1535 4777 1752 4846 inperpetuum,

954 4861 982 4908 ct
998 4868 1046 4918 pro
1062 4855 1112 4908 boc
1126 4867 1196 4908 atino
1215 4851 1357 4908 duodecim
1374 4849 1480 4921 put-llis,
1497 4861 1526 4907 nt
1541 4855 1646 4911 vocant,
1663 4845 1752 4913 dotes,

955 4923 1058 4979 scilicet
1085 4925 1165 4979 libras
1192 4935 1318 4987 centum,
1351 4922 1496 4991 unicuique
1527 4917 1689 5000 persolvere.
1722 4917 1754 4972 ln

955 4995 1033 5064 cujus
1049 4999 1085 5050 rei
1101 4994 1295 5063 testiinonium,
1315 5002 1366 5047 etc.
1385 4993 1463 5049 [latas
1480 4991 1508 5047 in
1523 4991 1641 5048 ecclesio
1660 4987 1754 5044 cathe-

956 5067 1034 5132 crab,
1058 5066 1101 5120 die
1122 5065 1272 5127 Doniriica,
1295 5066 1329 5119 tt
1349 5065 1451 5132 Aprilis
1474 5061 1538 5117 antii
1558 5063 1670 5117 teat.»
1692 5059 1755 5113 Haec

954 5139 1073 5193 lanuens
1092 5153 1105 5192 s
1129 5139 1244 5192 instante
1264 5135 1417 5204 reipublice
1431 5150 1488 5191 suae
1504 5135 1591 5189 ruina.
1606 5133 1694 5201 Quam
1707 5144 1754 5184 an·

956 5220 1010 5264 tem
1039 5211 1072 5263 att
1101 5216 1188 5262 intrim
1218 5205 1259 5261 eis
1282 5206 1451 5270 successerit,
1476 5205 1752 5282 praesentaremus.

954 5280 1021 5334 Nam
1048 5278 1200 5333 Bernartius
1228 5277 1255 5331 ia
1279 5278 1337 5347 ipsa
1364 5291 1420 5333 sue
1446 5276 1625 5334 solemnitatis
1650 5273 1753 5401 vigilia,

956 5350 1073 5421 Hispana
1087 5349 1173 5404 classe
1187 5350 1245 5404 adv·
1255 5356 1308 5419 cta,
1333 5348 1444 5406 hostiles
1458 5351 1552 5419 copias
1572 5346 1649 5404 ocitts
1682 5359 1754 5417 uga-

955 5423 1002 5478 vit.
1018 5422 1056 5477 lta
1071 5424 1126 5476 tere
1145 5421 1293 5482 hienricus.

993 5490 1476 5564 (tbllbeqnoineplstolslbm.
1493 5492 1519 5546 a.
