3728 5940
181 222 236 297 915

641 229 668 288 S.
688 229 855 294 nandarbi
871 227 1008 313 bbbdfflls
1025 223 1349 316 (ΜΗᾸΗψΕΝΒΙὸ

1676 190 1833 315 ‘aa

183 368 245 409 mus
255 361 284 409 ut
293 363 421 422 stercore,
433 352 604 411 uthristum
614 355 830 413 lucrifaciamus:
847 360 973 427 quorum‘
1029 356 1080 410 bus
1093 353 1157 425 quid
1172 352 1237 409 iacit
1252 351 1298 407 illa
1311 349 1428 411 ridicula
1441 348 1661 433 monstrpppitps
1673 349 1834 429 mirequqs

182 440 976 516 qnaeso,inbisdevotionemexcitareintendimusiQnem

184 530 304 601 inquam,
332 544 365 583 ex
380 528 422 583 his
435 528 553 586 fructum
568 532 752 604 requirimus?
776 535 917 590 stultorum
933 532 981 588 ad-

183 617 363 682 mirationem,
379 633 411 671 an
434 618 596 691 simplicium
610 621 773 677 oblationem
789 622 838 695 [nl.
857 623 979 683 oblecta·

183 704 315 777 doneml?
329 704 373 761 lln
386 707 515 777 qnoniam
530 709 667 765 commisti
682 726 778 766 sumus
792 712 978 782 intergentes,

183 792 252 849 torte
280 794 424 850 didicimus
447 811 531 868 opera
552 814 657 866 eorum,
682 807 709 854 et
743 799 876 856 servimus
892 799 981 854 adhuc

184 881 385 954 sculptibilibus
399 887 519 940 eorum?

219 973 263 1024 28.
282 971 313 1025 Et
336 979 365 1026 nt
380 980 471 1044 aperte
497 973 592 1045 loquar
607 991 639 1028 an
668 977 719 1033 hoc
734 983 821 1033 totum
836 974 901 1032 lacit
916 992 979 1032 ava-

185 1058 253 1125 ritia,
269 1075 330 1129 quae
344 1068 387 1115 est
413 1061 547 1118 idolorum
562 1063 688 1132 servitus,
705 1074 733 1120 et
751 1081 806 1120 non
817 1064 980 1137 requirimus

185 1146 313 1215 fructum,
342 1148 390 1204 sed
411 1148 522 1205 datum?
537 1151 565 1206 Si
589 1153 698 1222 quaeris,
716 1153 875 1225 quomodo?
903 1154 979 1220 lliro,

184 1235 304 1307 inquam,
321 1238 413 1294 modo.
431 1238 492 1293 ‘lali
517 1241 634 1311 quadam
662 1250 720 1296 arte
736 1242 874 1314 spargitur
888 1258 935 1309 aes,
952 1250 981 1297 ut

185 1325 389 1397 multiplicetur.
407 1327 572 1399 Expenditur
587 1338 616 1384 ut
630 1337 771 1402 augeatur,
789 1339 816 1385 et
828 1330 926 1387 allusio
937 1345 983 1387 co·

185 1414 258 1485 piam
285 1415 365 1485 parit.
381 1415 443 1487 lpso
463 1417 562 1488 quippe
586 1418 646 1474 visu
674 1427 907 1491 sumptuosarum,
933 1419 981 1474 sed

185 1501 369 1557 mirandarum
384 1504 542 1573 vanitatum,
558 1507 745 1562 accenduntur
755 1507 881 1564 homines
892 1507 981 1581 magis

184 1590 217 1645 ad
229 1589 400 1647 offerendum
414 1608 494 1664 quam
523 1595 556 1650 ad
572 1595 715 1664 orandum,
740 1596 787 1653 Sic
802 1612 868 1668 opes
882 1595 981 1669 opibus

1033 441 1096 498 dam
1114 440 1244 498 deformis
1267 438 1433 507 formositas,
1450 453 1483 494 ac
1495 436 1619 513 lormqsa
1642 439 1834 499 delerinitas?

1033 529 1103 600 ¹Quid
1122 529 1160 585 ibi
1174 529 1319 587 immundae
1334 527 1445 585 simiae?
1458 518 1524 600 quid
1545 526 1597 585 leri
1617 527 1744 585 leones?
1771 530 1836 603 qnid

1034 619 1203 675 monstruosi
1217 617 1340 676 centauri
1352 615 1436 689 iquid
1460 614 1678 673 semihomines?
1700 617 1771 690 quid
1780 635 1836 675 ma-

1035 708 1135 764 culosae
1150 704 1361 779 tigridestquid
1370 705 1469 760 milites
1483 704 1661 781 pugnantes?
1670 704 1739 777 quid
1754 723 1837 764 vena·

1034 801 1110 852 tores
1135 795 1339 851 tubicinantes?
1368 790 1469 849 Videas
1489 794 1539 849 sub
1558 809 1613 849 uno
1628 794 1719 866 capite
1749 795 1836 852 multa

1034 899 1162 956 corpora,
1174 892 1201 942 et
1214 900 1312 939 rursus
1322 884 1348 938 in
1359 899 1414 940 uno
1429 897 1546 953 corpore
1559 881 1650 953 capita
1658 882 1755 940 multa.
1772 883 1836 941 Cer-

1034 973 1108 1028 nitur
1121 974 1185 1030 hinc
1205 973 1234 1028 in
1247 972 1422 1044 quadrupede
1440 972 1529 1028 cauda
1557 971 1701 1042 serpentis,
1718 971 1794 1050 illinc
1809 976 1835 1030 in

1035 1061 1110 1132 pisce
1124 1069 1205 1132 caput
1217 1060 1413 1135 quadrupedis.
1430 1060 1471 1116 lbi
1492 1060 1580 1116 bestia
1595 1059 1707 1132 prefert
1721 1076 1833 1133 equum,

1035 1164 1145 1220 capram
1160 1151 1269 1206 trahens
1283 1157 1354 1223 retro
1377 1148 1531 1221 dimidiam;
1546 1145 1634 1207 ΜΟ
1652 1149 1698 1206 hic
1726 1165 1832 1208 coran-

1036 1247 1092 1294 tum
1115 1239 1213 1295 animal
1243 1254 1342 1311 equum
1369 1244 1457 1312 gestet
1483 1236 1628 1308 posterius.
1656 1239 1725 1294 Tam
1753 1239 1836 1296 multa

1036 1327 1161 1400 denique,
1179 1335 1286 1403 tamque
1300 1327 1369 1384 mira
1387 1325 1556 1384 diversarum
1570 1325 1720 1383 formarum
1736 1328 1836 1401 ubique

1036 1417 1153 1473 varietas
1167 1423 1290 1487 apparet,
1307 1424 1337 1472 ut
1351 1415 1440 1488 magis
1463 1415 1557 1488 legere
1568 1415 1652 1471 libeat
1668 1416 1696 1471 in
1712 1432 1832 1472 marmo-

1035 1504 1112 1560 ribus
1125 1520 1206 1577 quam
1222 1506 1249 1563 in
1274 1503 1424 1572 codicibus,
1450 1512 1588 1576 totumque
1603 1502 1676 1560 diem
1697 1520 1835 1578 occupare

1038 1592 1145 1664 singula
1165 1593 1217 1649 ista
1232 1592 1353 1663 mirando
1367 1608 1449 1663 quam
1467 1591 1495 1649 in
1508 1592 1568 1665 lege
1590 1591 1641 1650 Dei
1664 1593 1833 1670 meditando.

184 1677 357 1748 hauriuntur,
374 1680 414 1737 sic
427 1682 544 1754 pecunia
562 1684 706 1755 pecuniam
734 1685 818 1740 trabit
835 1703 841 1739 :
859 1685 922 1757 quia
936 1651 1022 1739 aaa
1038 1683 1111 1739 Proh
1124 1680 1200 1737 Deol
1221 1681 1314 1738 sinon
1329 1680 1412 1752 pudet
1421 1681 1594 1753 ineptiamm,
1605 1696 1654 1738 cur
1663 1681 1707 1763 pel
1721 1698 1782 1738 non
1795 1681 1834 1752 pi·

184 1766 243 1824 scio
258 1783 312 1838 quo
322 1776 412 1840 pacto,
437 1771 484 1825 ubi
498 1771 615 1843 amplius
630 1773 783 1830 divitiarum
798 1773 930 1839 cernitur,
946 1773 983 1827 ibi
1038 1779 1084 1843 get
1102 1785 1283 1841 expensarum
1298 1771 1312 1825 ?

185 1853 302 1910 offertur
322 1856 458 1915 libentius.
484 1861 559 1915 Auro
575 1860 654 1917 tectis
669 1861 792 1932 reliquiis
824 1862 982 1932 saginantur

186 1943 268 2009 oculi,
284 1951 310 1998 et
332 1943 417 2002 loculi
439 1947 608 2018 aperiuntur.
625 1948 783 2005 Ostenditur
796 1948 982 2022 pulcherrima

1327 1875 1441 1933 CAPUT
1468 1875 1543 1932 Xlll.

367 2032 372 2042 .
575 2036 580 2046 ,
620 2038 626 2049 ,
846 2038 851 2048 ,
1041 1983 1127 2040 Medos
1141 1987 1169 2041 et
1182 1982 1276 2039 medic
1288 1981 1598 2040 matooeclacrttotisct
1609 1984 1690 2056 pocta
1709 1981 1834 2051 sonanda

185 2027 273 2086 forma
288 2040 374 2089 sancti
384 2033 425 2088 vel
437 2043 537 2091 sancte
547 2035 672 2107 alicujus,
685 2045 712 2091 et
726 2053 758 2092 eo
779 2038 899 2094 creditur
922 2053 985 2091 san·
1074 2055 1240 2111 summatim
1254 2054 1495 2125 eorumdemque
1515 2057 1679 2126 mmmm
1693 2054 1833 2110 impari.

185 2120 334 2191 etiamque
360 2121 517 2178 coloratior.
534 2125 653 2180 Currant
668 2125 792 2181 homines
808 2126 841 2181 ad
857 2125 983 2182 osculan-
1076 2128 1145 2181 tcta's
1164 2129 1258 2181 raotnt.

185 2208 260 2276 dum,
280 2209 429 2264 invitantur
450 2210 483 2266 ad
506 2212 679 2280 donandum;
707 2222 733 2269 et
748 2214 836 2285 magis
851 2213 983 2269 mirantur
1075 2215 1120 2268 3ο.
1136 2212 1220 2268 llulte
1229 2213 1341 2283 quidem
1349 2211 1440 2268 atalia
1452 2211 1616 2287 suggerebat
1625 2210 1752 2289 addenda
1762 2212 1833 2282 larga

185 2296 308 2368 pulchra,
334 2314 416 2369 quarn
440 2307 603 2355 venerantur
618 2316 706 2371 sacra.
727 2303 867 2358 Ponuntur
888 2301 986 2357 dehinc
1039 2300 1171 2368 materia3
1188 2301 1238 2355 sed
1256 2299 1347 2357 avellit
1362 2315 1407 2356 me
1420 2299 1571 2380 etpropriq
1596 2299 1665 2372 satis
1680 2301 1765 2357 anxia
1789 2314 1832 2356 oc·

186 2401 214 2455 in
230 2387 347 2442 ecclesia
370 2395 586 2458 gemmatae,non
600 2403 711 2445 coronae
733 2392 779 2462 (lt
817 2394 854 2459 3),
864 2398 967 2447 caretas
1040 2390 1159 2462 cupatio,
1169 2399 1197 2451 et
1210 2398 1266 2458 tua,
1283 2388 1366 2445 irater
1380 2387 1461 2463 Ogeri
1473 2387 1556 2463 (124),
1576 2386 1659 2442 nimis
1673 2386 1833 2445 festinadis·

185 2473 376 2547 circumseptae
397 2474 576 2547 lampadibus,
602 2477 649 2532 sed
664 2494 720 2532 non
733 2479 825 2534 minus
839 2460 986 2554 'fulgentes
1040 2478 1137 2544 cessio,
1150 2476 1198 2550 qui
1212 2476 1337 2534 videlicet
1362 2491 1413 2534 nec
1426 2476 1528 2533 morari
1545 2475 1647 2543 diodus
1666 2475 1829 2547 acquiescis,

183 2561 293 2618 insertis
309 2562 453 2632 lapidibus.
471 2564 615 2620 Cernimus
631 2573 656 2622 et
683 2583 735 2641 pro
751 2568 923 2626 candelabris
939 2583 986 2626 ar·
1039 2580 1091 2622 nec
1108 2565 1184 2623 abire
1199 2574 1290 2622 tamen
1303 2565 1344 2622 sis
1357 2566 1460 2638 absque
1475 2563 1731 2634 recentiopusculo.
1755 2562 1832 2620 Facio

186 2650 266 2705 bores
284 2650 416 2721 quasdam
436 2660 551 2720 erectas,
576 2654 662 2710 multo
678 2655 740 2711 aeris
759 2657 890 2728 pondere,
911 2659 982 2715 miro
1039 2655 1132 2727 itaque
1146 2654 1217 2726 quod
1231 2654 1284 2722 vis,
1301 2661 1327 2710 et
1341 2661 1366 2709 te
1379 2653 1495 2721 dimitto,
1516 2659 1544 2711 et
1558 2667 1709 2709 sermonem
1722 2651 1831 2712 brevio:

186 2736 299 2794 artificis
326 2754 410 2813 opere
435 2739 589 2809 fabricatas,
619 2759 671 2799 nec
689 2744 777 2815 magis
805 2754 982 2803 coruscantes
1040 2743 1191 2817 praesertim
1205 2743 1269 2813 quia
1283 2742 1390 2798 utiliora
1411 2751 1474 2800 sunt
1490 2756 1576 2814 pauca
1589 2740 1617 2795 in
1645 2754 1725 2812 pace,
1754 2756 1831 2812 qnam

187 2827 366 2898 superpositis
377 2828 495 2884 lucernis
519 2846 602 2902 quam
617 2831 674 2886 suis
686 2833 812 2903 gemmis.
828 2833 908 2902 Quid,
928 2853 981 2908 pu·
1036 2832 1122 2887 multa
1136 2848 1197 2889 cum
1212 2829 1355 2888 scandalo?
1368 2830 1401 2886 lta
1416 2832 1521 2888 utinam
1536 2832 1593 2887 haec
1606 2842 1695 2901 panca
1710 2827 1832 2913 scripse

185 2923 237 2983 tas,
250 2915 278 2970 in
289 2916 331 2970 his
343 2917 469 2972 omnibus
479 2919 632 2989 quaeritur?
650 2921 840 2992 paenitentiam
860 2938 979 2995 eompun
995 2921 1016 3001 c
1033 2919 1084 2976 tim
1099 2920 1158 2976 sine
1175 2920 1316 2977 scandalo.
1333 2918 1477 2978 Enimvero
1491 2918 1556 2975 vitia
1569 2932 1695 2992 carpens,
1713 2916 1774 2973 scio
1792 2932 1831 2972 me

187 3004 250 3071 ctio,
267 3020 301 3059 an
311 3005 473 3061 intuentium
491 3007 810 3066 admiratioiovanitas
824 3011 980 3081 vanitatum,
1036 3007 1175 3065 offendere
1189 3008 1313 3065 vitiosos.
1343 3008 1435 3065 Potest
1456 3014 1545 3063 tamen
1563 3004 1629 3074 lieri,
1645 3005 1754 3062 volente
1768 3005 1830 3069 Deo,

188 3093 235 3149 sed
263 3109 319 3147 non
345 3094 441 3150 vanior
464 3111 545 3167 quam
559 3096 695 3155 insanior!
712 3097 807 3173 Fulget
828 3100 942 3155 ecclesia
956 3101 984 3156 in
1036 3096 1171 3169 aliquibus
1179 3112 1249 3168 quos
1262 3111 1307 3151 me
1317 3095 1400 3152 timeo
1410 3110 1599 3166 exasperasse,
1616 3094 1708 3165 potins
1725 3091 1831 3164 placita·

186 3180 345 3252 parietibus,
375 3190 402 3238 et
416 3182 444 3238 in
458 3184 623 3256 pauperibus
651 3194 721 3259 eget.
739 3187 810 3243 Suos
824 3187 928 3260 lapides
943 3188 983 3243 in·
1038 3201 1099 3241 rum
1113 3201 1182 3253 esse,
1197 3184 1243 3240 sed
1271 3182 1294 3239 si
1307 3183 1435 3240 desinant
1450 3197 1512 3239 essa
1526 3182 1616 3242 vitiosi
1635 3199 1642 3238 :
1659 3182 1682 3236 si
1700 3181 1831 3250 videlieet,

186 3269 246 3326 duit
259 3285 336 3337 auro,
349 3277 376 3327 et
391 3287 456 3327 suos
470 3271 540 3328 lilios
552 3273 641 3329 nudos
655 3275 766 3330 deserit.
778 3277 817 3331 De
831 3277 984 3347 sumptibus
1038 3282 1067 3330 et
1079 3273 1259 3330 districtiores
1273 3272 1396 3347 desinant
1410 3286 1472 3327 esse
1487 3269 1664 3334 detractores,
1687 3280 1716 3324 et
1746 3267 1833 3327 ramis·

188 3372 338 3430 egenomm
353 3360 469 3415 servitur
483 3362 570 3417 oculis
584 3362 708 3419 divitum.
719 3364 860 3420 inveniunt
875 3365 987 3423 curiosi·
1037 3361 1125 3418 sioras
1137 3375 1217 3431 supr
1237 3368 1283 3416 ent
1297 3357 1505 3431 superfluitatem
1517 3357 1540 3413 si
1555 3355 1723 3428 sioqnisqne
1741 3360 1833 3421 bonam

188 3461 243 3515 quo
272 3445 449 3514 delectentur,
493 3457 520 3503 et
549 3465 604 3505 non
642 3450 781 3506 inveniunt
810 3452 903 3508 miseri
931 3459 989 3526 quo'
1041 3448 1215 3521 tenealqnod
1230 3454 1312 3517 tenet,
1329 3456 1359 3504 ut
1377 3446 1460 3509 elium
1475 3445 1549 3501 aliud
1570 3452 1709 3521 teneptana
1723 3445 1832 3516 nonin·

188 3540 386 3590 sustententur.
426 3536 526 3608 thuid
566 3539 660 3594 saltem
694 3549 853 3596 sanctorum
891 3541 986 3614 imagi·
1038 3536 1111 3593 dicet
1127 3554 1134 3589 ε
1149 3535 1234 3609 siqui
1255 3536 1431 3609 accepitjam
1457 3549 1517 3591 ease
1531 3533 1629 3601 bonus,
1653 3549 1708 3589 non
1723 3533 1833 3591 inrideat

187 3637 238 3677 nes
251 3638 307 3677 non
322 3639 489 3692 reveremur,
507 3627 605 3697 quibus
629 3627 720 3697 utique
734 3627 833 3698 ipsum,
851 3629 924 3702 quod
939 3646 987 3701 pe-
1040 3624 1212 3695 melioribus3
1228 3634 1255 3682 et
1266 3626 1313 3697 qui
1328 3624 1379 3683 sibi
1392 3624 1499 3680 videtur
1513 3637 1596 3697 agere
1610 3620 1720 3690 melius,
1736 3621 1833 3678 bonnm

187 3709 268 3765 dibus
279 3713 466 3782 conculcatur,
479 3723 566 3772 scatet
575 3715 781 3788 pavimentum?
792 3718 871 3790 Saepe
881 3720 988 3790 spuitur
1041 3731 1097 3770 non
1110 3719 1222 3786 spernat
1235 3713 1346 3771 alterius
1363 3727 1370 3764 ε
1385 3714 1411 3769 si
1431 3712 1479 3785 qui
1493 3708 1638 3782 disuiotias
1662 3709 1757 3767 rivere
1769 3725 1831 3782 pos·

186 3788 216 3852 in
231 3815 278 3856 ore
292 3801 391 3871 angeli,
407 3817 481 3874 saepe
499 3804 616 3875 aliquus
631 3812 788 3863 sanctorum
810 3806 893 3863 iacies
907 3807 989 3867 calci-

187 3885 239 3943 bus
267 3888 387 3944 tunditur
410 3893 616 3949 transeuntium.
646 3894 680 3949 Et
707 3895 729 3949 si
752 3910 807 3951 non
832 3895 917 3952 sacris
946 3897 988 3951 his

186 3973 358 4048 imaginibus,
375 3992 425 4034 cur
439 3981 480 4034 vel
490 3997 544 4035 non
556 3981 675 4050 parcitur
692 3981 814 4052 pulchris
830 3983 984 4041 coloribus?

185 4063 242 4121 Cur
250 4065 363 4123 decoras
384 4068 456 4139 quod
467 4084 531 4124 mox
545 4068 704 4125 foedandum
717 4069 782 4128 est?
796 4086 845 4128 cur
860 4072 983 4145 depingis

187 4153 984 4226 quodneoesseestconcnlcari?Quidibivalentvenustae

188 4240 296 4308 forma,
321 4242 369 4297 ubl
383 4245 496 4315 pulvere
523 4247 693 4303 maculantur
715 4247 849 4305 assiduo?
864 4204 1024 4320 [leniquen

187 4328 252 4398 quid
268 4328 327 4384 haec
342 4331 375 4385 ad
402 4346 544 4402 pauperos,
561 4334 595 4390 ad
606 4336 767 4403 monachos,
785 4336 818 4391 ad
832 4336 986 4408 spirituales

186 4413 285 4471 viros?
299 4415 356 4473 Nisi
379 4416 448 4473 sorte
476 4426 503 4474 et
518 4421 561 4476 hic
588 4424 721 4479 adversus
735 4433 915 4481 memoratum
928 4426 985 4494 jam

185 4511 274 4577 poetae
300 4505 465 4563 versiculum
489 4509 665 4580 propheticus
694 4511 740 4569 ille
769 4513 983 4585 respondeatur:

186 4595 987 4668 Domine,dilexidcc'orcmdomastooe,etlocamltcdite

186 4683 273 4743 tone
281 4685 378 4758 gloriae
389 4691 447 4743 tana
457 4687 544 4757 (Ptol.
555 4703 625 4755 xxv,
643 4690 678 4759 8).
690 4688 818 4745 Assentio
831 4707 837 4744 :
853 4690 988 4762 patiamur

184 4779 212 4829 et
226 4773 285 4830 hec
298 4773 359 4829 fieri
381 4774 408 4830 in
423 4776 539 4833 ecclesia
555 4793 562 4831 :
578 4777 643 4849 qnia
657 4777 710 4833 etsi
725 4776 806 4834 noxia
824 4787 888 4834 sunt
908 4779 984 4836 vanis

184 4870 213 4918 at
226 4862 326 4932 arama,
342 4871 499 4921 nontamen
510 4865 680 4939 simplicibus
690 4875 717 4924 et
727 4867 842 4924 munds.

220 4953 266 5008 29.
282 4952 417 5009 Caeterum
431 4954 459 5009 in
474 4955 601 5012 claustris
615 4972 709 5014 coram
723 4957 875 5032 legentibus
891 4955 984 5011 fratri·

219 5108 346 5240 (ldtpbe
358 5112 497 5183 ejusmodi
522 5114 642 5181 coronis,
659 5131 775 5184 quarum
791 5131 844 5170 una
854 5122 983 5186 superest

184 5182 254 5252 apud
301 5199 376 5239 omos
404 5185 432 5239 in
460 5183 489 5240 S.
506 5185 581 5255 Remi
602 5185 621 5241 ii
643 5187 766 5254 ecclesia,
796 5189 831 5242 7?
858 5186 981 5242 cereolos

183 5251 294 5324 babens)
308 5325 312 5334 Ι
326 5254 418 5310 statuit
446 5255 554 5311 Petrus*
569 5203 652 5312 abbas
681 5273 755 5328 saepe
789 5258 920 5322 laudatus,
952 5264 981 5310 ut

182 5337 291 5394 amproe
301 5325 475 5393 ildicardae,
486 5342 522 5382 eac
532 5344 598 5394 oere,
610 5345 679 5385 noro
689 5335 858 5402 argentoque
868 5328 979 5399 elegan-

184 5391 472 5467 tttsimcccmport'toe,
480 5400 687 5523 paoeinmedr'o
697 5401 776 5457 ebori
790 5401 862 5470 sorti
876 5404 978 5467 cateno

180 5465 343 5521 sustentate
356 5466 478 5539 depende
496 5471 707 5534 ,mesaaiccrci
719 5486 777 5526 non
795 5472 979 5541 imponantur

1042 3810 1115 3871 sunt,
1131 3818 1180 3859 eos
1205 3802 1252 3875 qni
1276 3818 1333 3858 non
1356 3808 1471 3872 possunt
1499 3815 1550 3857 nec
1572 3806 1768 3871 aspernentur,
1786 3812 1832 3854 nec

1042 3892 1219 3955 aemulantum
1236 3899 1263 3947 et
1275 3890 1323 3962 qni
1334 3906 1389 3945 non
1409 3899 1530 3961 possunt,
1552 3903 1601 3969 eos
1613 3886 1659 3961 qni
1672 3896 1788 3959 possunt
1798 3885 1833 3942 sic

1043 3980 1182 4048 mirentur,
1200 3986 1230 4035 ut
1245 3987 1344 4034 temere
1359 3993 1414 4035 non
1439 3977 1585 4033 imitentur.
1605 3974 1682 4031 Sicut
1697 3977 1770 4031 eninr
1784 3989 1833 4030 non

1044 4068 1110 4123 licet
1128 4067 1243 4139 hisgqui
1262 4069 1351 4137 majus
1364 4064 1468 4138 aliquid
1495 4064 1565 4120 sorte
1579 4069 1724 4130 voverant,
1755 4063 1790 4118 ad
1810 4063 1835 4116 id

1041 4158 1114 4229 quod
1129 4155 1218 4215 minus
1233 4138 1283 4233 e'qt'
1295 4144 1472 4231 descendere,
1499 4169 1533 4209 ne
1561 4154 1774 4223 apostatentur:
1799 4153 1838 4207 sic

1041 4263 1098 4303 non
1109 4245 1235 4302 omnibus
1245 4243 1355 4317 expedit
1368 4244 1401 4298 de
1417 4243 1496 4298 bonis
1509 4239 1711 4298 mnenon-ad
1735 4239 1837 4311 majora

1043 4333 1169 4399 transire,
1186 4349 1220 4389 ne
1229 4332 1445 4404 praecipitentur.

1074 4425 1119 4478 tt.
1134 4421 1197 4478 Scio
1224 4421 1326 4494 quippe
1340 4418 1486 4477 nonnullos
1509 4418 1542 4474 de
1565 4416 1628 4473 aliis
1643 4422 1670 4473 et
1682 4431 1836 4490 congrega-

1043 4509 1171 4576 tionibus,
1199 4517 1227 4566 et
1254 4507 1476 4576 institutionibus,
1503 4505 1539 4564 ad
1562 4513 1684 4563 nostrum
1708 4504 1835 4564 Ordinem

1044 4599 1211 4672 pervolasse,
1241 4597 1374 4668 pulsasse,
1403 4596 1520 4655 intrasse
1542 4611 1551 4650 ι
1579 4590 1628 4668 qui
1655 4594 1710 4651 nos
1727 4593 1834 4667 quidem

1040 4687 1154 4761 agendo,
1172 4692 1199 4742 et
1217 4685 1273 4742 suis
1295 4685 1427 4743 scandala
1441 4684 1619 4756 reliquerunt,
1635 4690 1664 4739 et
1675 4681 1759 4740 nobis
1769 4681 1834 4738 nihi·

1040 4774 1158 4833 lominus
1168 4775 1326 4843 attulerunt,
1342 4773 1407 4830 darn
1429 4781 1561 4846 quantum
1574 4771 1638 4828 ibas
1652 4785 1704 4827 aaa
1718 4779 1832 4827 temera·

1039 4865 1082 4921 ria
1109 4863 1286 4933 discessione,
1307 4873 1413 4920 matum
1427 4878 1479 4919 nos
1498 4863 1643 4919 turbarunt
1669 4873 1724 4916 sua
1737 4858 1830 4916 intera

1038 4954 1256 5012 conversatione.
1298 4953 1333 5011 Et
1359 4951 1489 5024 quoniam
1531 4949 1649 5021 superbe
1673 4955 1829 5022 spreremal

1037 5115 1096 5171 nisi
1108 5115 1141 5170 in
1155 5116 1281 5189 quinque
1288 5112 1441 5186 precipuis
1455 5110 1544 5183 scam,
1559 5118 1612 5166 etc.
1624 5106 1745 5165 llinores
1758 5119 1831 5164 coro·

1037 5196 1369 5328 rappqprppresqopqprius
1378 5253 1527 5335 canonicus
1540 5249 1686 5331 regularis,
1704 5249 1738 5304 ad
1751 5262 1830 5375 quent

1033 5327 1149 5411 epistola
1167 5329 1244 5439 aiat
1258 5336 1411 5407 sequentes.
1433 5326 1573 5406 Ejusdem,
1604 5316 1831 5446 iterptqpcenbrqdm

1033 5397 1641 5540 {latitatillatsttttt?⁰⁶⁰⁸?ae
