3728 5940
175 206 228 271 431
659 191 686 251 S.
708 186 876 250 asiniani
894 179 1030 265 libatis
1046 173 1361 238 cutha-viiissiisis
1773 176 1830 255 ξιξ

181 326 312 402 aspexisti
325 322 417 397 (cami
435 320 489 391 lpsi
504 326 530 374 te
550 316 763 390 praedecessores
781 313 821 369 tui
841 320 893 368 tuae
911 326 973 368 cer·
1030 302 1113 360 luerit
1125 300 1246 376 praedicti
1258 297 1437 356 Eboracensis
1458 297 1548 370 culpa,
1563 309 1659 356 restrae
1681 301 1828 360 conscien-

181 415 294 473 tissimat
322 420 349 468 et
375 408 510 467 citissimae
542 403 706 462 decessionis
740 402 918 465 admoneaot;
947 406 975 454 et
1032 393 1076 463 tiae
1103 389 1276 463 derelinquo.
1305 390 1440 446 Caeterum
1460 389 1534 460 quod
1561 386 1660 445 iactum
1688 406 1744 446 non
1772 397 1827 463 est,

179 505 316 561 modicum
342 509 450 571 tempus
477 494 667 552 dominationis
688 506 783 548 eornm
810 488 973 563 paucitatem
1027 481 1106 539 vohis
1135 478 1270 535 credimus
1303 483 1476 543 reservatum,
1500 485 1531 533 ιιι
1562 476 1592 532 in
1613 495 1646 534 eo
1669 477 1828 550 experiatur

179 595 282 649 dierum
302 600 410 645 tuorum
431 587 535 641 nuntiet
556 584 615 642 tibi.
636 581 699 654 lugi
722 580 834 650 proinde
856 578 972 633 medita-
1028 569 1151 625 Ecclesia
1171 566 1231 634 Dei,
1257 566 1301 622 cui
1325 564 1386 637 ipso
1400 572 1508 622 anctore
1533 567 1665 637 praestit,
1691 566 1827 625 fervorem

178 681 251 737 done
275 677 346 732 inter
368 675 450 745 hujus
473 673 636 728 transeuntis
660 670 752 744 gloriae
781 666 973 733 blandimenta,
1029 656 1079 713 zeli
1102 656 1195 728 nestri,
1218 654 1367 728 potentiam
1387 653 1492 710 brachii
1517 654 1602 711 vestri
1624 663 1651 712 et
1672 656 1758 712 animi
1781 673 1827 713 sa·

178 780 330 822 memorare
351 763 498 819 novissima
521 769 566 816 tua
590 778 596 814 :
618 759 681 831 quia
699 757 797 830 quibus
820 750 976 812 successisti
1028 744 1174 819 pientiam:
1192 751 1219 799 et
1233 743 1328 799 tbnaat
1348 744 1437 799 omnia
1450 743 1568 814 populns
1583 745 1753 801 sacerdotem
1767 746 1827 802 oo-

177 856 207 912 in
224 855 329 920 sedem
344 852 420 925 ipsos
434 851 493 907 sine
512 851 595 906 dubio
610 847 733 922 sequeris
747 846 781 901 ad
795 854 919 903 mortem.
1028 833 1105 901 mini,
1119 832 1233 891 fludielss
1242 831 1404 916 ,Sapientiam
1416 832 1464 888 Dei
1485 847 1545 889 0⁸⁵³
1560 831 1587 888 5¹²
1602 832 1649 890 1¹¹⁰
1672 834 1707 888 ⁸⁶
1721 833 1827 891 Men·

349 946 805 1018 ueisrouaccxxxixraar).
1029 921 1248 994 tantalidum

486 1051 670 1095 mamaea·
1224 1025 1597 1099 nnsaomccxcnas).

180 1138 387 1212 dispositionem
417 1134 563 1192 Gaillclmi
589 1134 772 1190 Eiorccccsis
793 1133 874 1201 carpet
901 1126 977 1199 opud
1134 1139 1172 1182 an
1184 1139 1314 1191 amona,
1333 1139 1371 1180 na
1389 1138 1565 1181 usonacsrtst
1584 1138 1715 1184 manso.
1756 1159 1764 1171 ·

250 1209 427 1279 Pontificem,
442 1207 489 1262 cci
503 1205 556 1262 ⁸01i
570 1207 738 1277 taivlttlai
752 1203 907 1274 imiimi:
1029 1223 1141 1281 modat
1154 1224 1249 1280 aelam
1263 1223 1395 1294 Eopcnii.
1416 1225 1502 1281 Porro
1523 1239 1590 1280 cam
1612 1241 1690 1281 nnnc
1715 1227 1826 1283 ostcttdi

214 1299 386 1369 importunus
399 1312 471 1362 sum,
482 1295 530 1351 sed
542 1294 628 1350 habeo
643 1291 844 1349 excusationem
862 1307 868 1344 :
884 1289 974 1364 lingas
1063 1296 1128 1350 vuit
1141 1296 1173 1349 in
1187 1294 1346 1368 deponendo
1360 1293 1735 1363 adsentationem
1748 1299 1827 1369 froas·

178 1385 218 1442 nii
231 1384 398 1456 apostolatus
412 1390 523 1441 excusat
543 1397 595 1438 me.
610 1380 693 1438 Διιιιιι
708 1393 761 1434 non
783 1393 832 1435 vos
844 1391 905 1432 essa
920 1376 973 1429 Pa·
1064 1365 1195 1423 detenter
1208 1366 1375 1438 occupante.
1411 1436 1415 1444 ¹

177 1488 250 1545 pam,
263 1474 312 1530 sed
324 1487 365 1529 me
377 1492 384 1528 :
397 1465 975 1546 etuudiqueadmecoulluunt,quihabent
1065 1466 1090 1516 i.
1106 1462 1193 1530 Quam
1215 1460 1296 1533 cupio
1319 1476 1428 1532 semper
1454 1461 1499 1517 ilia
1522 1462 1558 1518 de
1581 1462 1658 1522 vobis
1678 1465 1784 1531 audire,
1797 1466 1826 1523 in

177 1561 297 1633 negotia.
313 1562 369 1617 Nec
386 1561 483 1617 desunt
501 1561 529 1614 in
545 1567 617 1615 tanta
631 1555 802 1613 multitudine
817 1553 972 1623 amicorum,
1029 1549 1130 1623 quibus
1154 1549 1323 1624 glorificetur
1347 1550 1437 1618 Deus,
1466 1551 1617 1609 honoretur
1643 1554 1826 1613 ministerium

175 1648 275 1722 quibus
289 1647 410 1706 cilicium
424 1665 523 1723 negare
538 1663 593 1705 non
608 1663 728 1719 possum,
739 1660 793 1701 non
808 1644 895 1700 solum
910 1642 975 1697 abs·
1029 1648 1159 1707 vestrum,
1175 1645 1202 1693 et
1214 1637 1303 1693 anima
1327 1653 1388 1693 mea
1411 1636 1580 1697 laetificeturl
1596 1642 1661 1699 lnde
1684 1654 1726 1699 cst
1749 1647 1825 1717 quod

174 1752 228 1808 que
253 1736 389 1804 scandalo,
410 1735 457 1791 sed
481 1736 563 1792 etiarn
586 1735 689 1807 absque
713 1741 833 1805 peccato.
853 1729 973 1784 Etnnnc
1026 1727 1117 1783 andita
1144 1725 1321 1796 responsione
1343 1733 1436 1785 vestra
1461 1728 1497 1784 de
1517 1727 1690 1800 quibusdam,
1718 1733 1767 1805 qni
1791 1736 1823 1790 ad

174 1834 216 1881 est
236 1825 318 1881 etiarn
341 1824 394 1879 alia
421 1824 560 1881 excusatio
585 1839 639 1880 uon
662 1822 752 1877 minus
779 1820 886 1888 idonea,
911 1819 973 1889 quia
1027 1813 1146 1872 citimum
1164 1813 1308 1886 legationis
1329 1813 1443 1869 nimium
1467 1815 1626 1873 ridebantur
1640 1824 1666 1875 et
1679 1820 1825 1879 ambitiose

174 1927 256 1968 causa
282 1911 331 1983 [nl.
358 1911 433 1985 cura]
457 1904 647 1967 honestissima
671 1917 721 1966 est.
747 1910 848 1964 Contra
871 1905 971 1961 idolum
1026 1904 1155 1976 aspirare,
1170 1912 1197 1961 et
1211 1903 1381 1975 impudenter
1404 1919 1524 1977 sperare,
1540 1910 1825 1980 supraquamdiwa

174 1998 242 2056 illud
262 2001 432 2056 Eboraceuse
452 2000 547 2057 iterato
562 2000 640 2056 stilus
660 1997 785 2070 dirigitur
801 2015 809 2054 ι
824 2012 855 2053 ea
870 1993 973 2053 scilicet
1026 2007 1182 2066 possumus,
1197 1991 1258 2049 lacti
1273 2009 1367 2049 sumus
1380 1992 1514 2050 laetantes.
1526 1995 1586 2052 Non
1600 2005 1689 2054 autem
1704 2013 1755 2055 nos
1769 2006 1825 2057 tau·

173 2087 345 2153 necessitate,
360 2089 433 2160 quod
448 2103 637 2160 saepenumero
653 2089 705 2143 hoc
719 2090 774 2143 telo
787 2084 939 2157 impetitum
955 2098 971 2136 a
1026 2091 1094 2152 tum,
1110 2081 1159 2138 sed
1178 2090 1205 2137 et
1228 2095 1324 2137 omncs
1348 2080 1396 2152 qui
1424 2082 1537 2158 diligunt
1564 2098 1665 2141 nomen
1688 2096 1822 2157 ιεειιιιιιι,

173 2177 262 2248 nobis,
280 2177 395 2235 necdum
418 2178 575 2235 coniossurn
599 2183 651 2232 est.
674 2176 729 2231 Gur
749 2173 823 2229 hoci
842 2172 914 2242 Quia
934 2170 972 2225 nil
1027 2170 1112 2244 gavisi
1136 2179 1199 2226 sunt
1223 2169 1325 2242 gaudio
1342 2166 1452 2242 magno.
1469 2171 1553 2229 Porro
1577 2174 1644 2232 visis
1662 2175 1760 2233 litteris
1773 2194 1823 2237 vc-

172 2266 241 2324 lorte
256 2266 363 2323 anobis
386 2267 438 2323 tale
461 2267 595 2324 directum
616 2272 667 2336 est,
682 2263 770 2338 qualis
794 2262 844 2319 init
864 2260 972 2336 gladius
1025 2259 1098 2324 stris,
1115 2275 1183 2332 quas
1198 2275 1247 2332 pro
1261 2274 1344 2316 cansa
1367 2260 1524 2317 Retinensis
1543 2263 1664 2320 ecclesiae
1686 2265 1823 2322 destinas-

170 2355 305 2422 lonathae,
320 2355 367 2426 qui
389 2371 525 2426 nunquam
546 2355 626 2410 rediit
649 2363 807 2411 retrorsum.
830 2353 885 2408 Nec
907 2367 971 2407 sanc
1025 2345 1059 2401 tis
1074 2348 1160 2419 (639),
1177 2354 1241 2404 tuuc
1253 2363 1375 2420 prorsus,
1393 2356 1456 2406 tunc
1470 2351 1605 2425 repletum
1620 2359 1662 2408 est
1679 2351 1825 2429 gaudinos

172 2444 222 2500 luit
236 2443 314 2514 culpa
325 2443 423 2513 jaculi,¹
435 2443 484 2499 scd
503 2442 647 2518 dirigentis
658 2443 789 2513 jaculum.
809 2442 884 2498 Patet
898 2443 970 2496 enim
1025 2446 1158 2502 nostrum,
1178 2442 1205 2491 at
1225 2435 1320 2508 lingua
1332 2445 1428 2494 nostra
1442 2439 1632 2498 exsultatione.
1657 2442 1721 2500 llaec
1741 2451 1824 2517 atque

170 2532 245 2604 quod
268 2546 324 2588 non
343 2531 369 2585 in
388 2547 429 2596 ea,
450 2546 504 2602 qua
527 2531 657 2604 oportuit,
679 2521 836 2586 fortitudine
857 2529 969 2586 missum
1025 2523 1181 2594 hujusmodi
1205 2525 1287 2601 digua
1310 2535 1374 2582 sunt
1395 2533 1485 2584 restro
1509 2529 1668 2600 apostolatu,
1690 2546 1823 2589 summam

171 2629 223 2678 est.
238 2621 293 2677 Nec
316 2620 426 2676 mirum.
451 2620 517 2687 Quis
542 2620 614 2676 enim
629 2622 656 2674 in
672 2635 753 2675 manu
777 2617 840 2674 lorti
859 2619 969 2693 sagittas
1024 2613 1121 2669 Sedent
1145 2601 1297 2682 nobffltant,
1322 2614 1418 2671 decent
1440 2616 1522 2689 plane
1546 2619 1620 2674 orbis
1646 2620 1822 2694 Episcopum.

170 2710 279 2765 mittere
305 2715 403 2780 potest,
419 2707 472 2763 uisi
497 2708 569 2764 iilius
592 2710 794 2767 excussorum?
808 2706 859 2777 Qui
880 2708 969 2765 locum
1024 2701 1102 2756 Unde
1128 2710 1155 2758 et
1182 2700 1261 2758 ilecto
1290 2718 1378 2776 genua
1405 2720 1464 2760 mea
1487 2706 1520 2761 ad
1542 2707 1631 2777 ipsum
1654 2708 1725 2765 unici
1738 2709 1824 2780 bajus

170 2796 244 2854 Patri
266 2806 346 2862 tenet,
372 2803 462 2867 potest
484 2811 538 2852 uno
562 2796 617 2852 ictu
639 2797 798 2870 extinguere
820 2797 993 2868 Ananim,-
1024 2790 1107 2849 vestri
1123 2791 1252 2862 primatus
1274 2801 1427 2860 auctorem,
1452 2803 1481 2849 ιιι
1502 2796 1547 2851 det
1561 2797 1638 2853 vobis
1659 2796 1697 2854 sic
1711 2813 1823 2869 sapere,

170 2900 225 2942 uno
239 2885 377 2942 Simonem
389 2887 516 2960 lingum:
532 2892 571 2951 et,
582 2894 612 2941 ιιι
628 2887 733 2958 planius
745 2888 819 2959 quod
833 2887 971 2960 loquimur
986 2891 1008 2970 e
1022 2887 1049 2935 ct
1063 2880 1102 2935 sic
1121 2895 1202 2953 agere
1217 2895 1327 2953 semper
1348 2881 1378 2937 in
1400 2883 1555 2956 evellendo,
1572 2893 1600 2942 et
1614 2887 1779 2959 plantando;
1796 2888 1822 2942 in

170 2972 226 3042 liat,
251 2972 461 3046 peremptoriam
486 2975 552 3030 dare
571 2977 733 3032 seutentiam
756 2977 791 3031 nd
818 2975 968 3048 depositio·
1024 2968 1196 3041 destruendo,
1211 2977 1238 3025 et
1252 2969 1571 3046 edificandozsiquidem
1585 2975 1613 3030 in
1629 2976 1823 3035 ruinametre-

170 3077 230 3136 nem
246 3063 447 3133 episcoporum,
463 3060 549 3118 solius
563 3063 677 3119 llomani
693 3064 830 3121 Pontificis
850 3065 970 3121 noscitur
1023 3058 1219 3116 surrectionem
1233 3058 1380 3117 multorum
1395 3064 1553 3119 ascendistis
1574 3065 1643 3121 hanc
1657 3068 1821 3124 cathedram.

169 3145 259 3206 286
276 3165 357 3206 esse:
374 3166 423 3221 pro
445 3166 479 3206 eo
500 3151 637 3223 nimirum,
655 3153 727 3226 quod
751 3154 802 3209 etsi
825 3152 870 3207 alii
893 3152 970 3209 multi
1023 3150 1123 3214 linant,
1139 3156 1216 3205 ruant
1234 3147 1281 3220 qui
1295 3150 1375 3205 noxie
1394 3159 1488 3223 stant3
1512 3161 1652 3225 erigantur
1665 3155 1752 3229 digni.
1769 3158 1822 3214 Po-

170 3239 258 3297 socati
280 3238 384 3295 suntin
399 3247 505 3310 partem
527 3239 725 3313 sollicitudinis,
742 3242 817 3297 solus
835 3240 894 3312 ipse
910 3241 970 3312 ple·
1024 3245 1105 3294 natur
1133 3236 1235 3291 secutis
1263 3236 1296 3290 ad
1321 3236 1440 3293 radicem
1457 3239 1587 3294 sterilium
1614 3242 1823 3313 plantationum,

171 3327 322 3385 uitudiuem
337 3329 434 3384 habeat
449 3329 599 3400 potestatis.
617 3329 698 3386 Solus
715 3330 829 3402 proinde
844 3331 866 3386 si
879 3329 969 3386 dicere
1025 3331 1174 3396 purgentur
1186 3322 1341 3395 iructilerae,
1356 3335 1386 3381 ut
1400 3325 1516 3383 lrnctnm
1531 3327 1592 3398 plus
1605 3329 1730 3387 aflerant.
1748 3335 1826 3391 Prae-
1845 3351 1851 3361 .

171 3418 295 3486 sudeam,
319 3415 450 3490 inculpa
474 3426 525 3485 est,
551 3418 574 3473 si
596 3419 677 3489 culpa
699 3434 755 3474 non
779 3418 883 3486 lenitur,
908 3433 970 3490 quae
1024 3411 1136 3479 sidente,
1159 3413 1280 3484 inquam,
1306 3412 1400 3468 humili
1426 3414 1557 3488 liugenio,
1582 3416 1754 3489 deponantur
1779 3436 1827 3479 su-

172 3506 294 3564 ferienda
308 3515 349 3563 est
366 3524 373 3562 ε
389 3515 416 3563 et
430 3522 463 3563 eo
477 3506 590 3579 impetu,
601 3521 655 3578 quo
670 3506 753 3563 luerit
766 3506 894 3565 ferienda.
910 3506 970 3579 Quo
1023 3499 1099 3572 pcrbi
1123 3500 1157 3556 dc
1179 3501 1263 3568 sede,
1288 3508 1315 3557 et
1335 3507 1486 3561 exaltentur
1508 3504 1645 3561 humiles:
1669 3508 1826 3568 esurientes

172 3604 262 3653 autern
285 3595 397 3668 impetu,
414 3610 469 3652 non
492 3595 555 3653 dico
579 3596 712 3669 ferienda,
733 3598 782 3655 scd
804 3596 971 3653 fulminanda
1024 3588 1185 3659 impleantur
1210 3590 1308 3657 bonis,
1337 3598 1365 3647 et
1390 3593 1485 3649 divites
1513 3592 1681 3650 dimittantur
1707 3595 1823 3655 inanes.

213 3753 288 3828 tiae)
302 3753 399 3811 llirum
414 3770 467 3811 non
482 3755 616 3811 immerito
630 3752 716 3811 videri
738 3756 833 3825 possit,
848 3756 912 3828 quid
926 3756 970 3826 sit,
1026 3756 1139 3814 ecclesia
1153 3757 1296 3827 reperitur.
1322 3757 1373 3814 Sed
1396 3758 1425 3814 iu
1448 3770 1578 3831 quamum
1598 3763 1757 3821 mortalibus
1774 3765 1822 3822 (ιι-·

180 3842 230 3885 cur
239 3836 292 3882 tam
304 3826 450 3883 brevisaevi
459 3827 633 3883 sintiiomani
644 3825 796 3893 Pontifices,
805 3828 973 3887 utsolnsl’e-
1026 3829 1098 3887 ainae
1125 3829 1336 3899 dispensationis
1372 3832 1504 3887 revelatur
1539 3848 1690 3900 arcanum,
1714 3835 1825 3895 ridetur

182 3906 460 3971 trosputeturannunr
470 3896 908 3972 vigesimumquintumattigisse3
917 3903 973 3971 plu·
1027 3900 1116 3971 nobis,
1131 3902 1196 3972 quia
1209 3900 1310 3958 idcirco
1335 3901 1386 3959 hoc
1405 3902 1501 3971 judicii
1513 3904 1630 3960 coelestis
1648 3907 1714 3962 ordo
1727 3906 1824 3980 dispo-

181 3970 974 4041 rimospaucisaunisantpaucismcnsibus,imononmni·
1028 3974 1077 4037 nit,
1098 3979 1128 4027 ut
1151 3974 1267 4027 humano
1289 3972 1385 4045 generi
1409 3981 1513 4031 metum
1535 3976 1631 4032 mortis
1649 3977 1781 4051 incutiat;
1796 3988 1825 4037 et

180 4043 216 4100 tis
230 4042 327 4099 diebus
340 4043 509 4114 superstites,
521 4059 593 4099 mors
603 4048 762 4115 praematura
771 4041 901 4114 rapuerit,
913 4059 974 4100 cnm
1029 4057 1112 4117 quant
1131 4042 1300 4116 despicienda
1315 4043 1350 4098 sit
1364 4046 1519 4116 temporalis
1533 4045 1594 4102 vitae
1609 4047 1705 4121 gloria,
1721 4049 1749 4105 ιιι
1764 4051 1824 4121 ipso

183 4114 324 4173 uideamus
333 4115 528 4194 imperatorum
539 4123 566 4169 et
575 4129 670 4187 regum
681 4113 814 4184 plurimos
822 4115 907 4169 mutto
918 4115 976 4171 lou·
1029 4114 1123 4188 gloriae
1136 4114 1287 4185 principatu
1302 4115 1438 4171 evidenter
1456 4117 1598 4173 ostendat:
1614 4128 1748 4192 quatenus
1759 4122 1824 4177 dum

117 4226 119 4230 >
185 4184 976 4257 giorisaetiinisseiiesomnimodignadisquisitione.Sed
1032 4185 1335 4257 praecipuushominnm
1355 4194 1408 4241 tana
1422 4188 1530 4261 augusti
1548 4190 1677 4262 temporis
1690 4206 1824 4273 compen·

184 4258 247 4326 quis
257 4255 445 4311 novitseusum
454 4255 662 4312 Dominillideo
672 4264 760 4310 tamen
770 4255 891 4311 eamdem
902 4273 977 4329 quae·
992 4229 1015 4308 fl
1027 4257 1213 4323 ,diomoritun
1234 4256 1403 4314 tremefactus
1416 4264 1529 4332 quisque
1541 4261 1577 4316 ad
1593 4261 1762 4331 praestolanda
1778 4264 1825 4320 sui

187 4326 301 4381 saionem
316 4325 346 4382 B.
364 4329 441 4382 Petro
456 4327 578 4381 Dardani
591 4327 759 4398 propositam
773 4328 807 4382 ab
820 4328 976 4388 Alexandro
1031 4329 1123 4385 obitus
1140 4327 1288 4385 custodiam
1311 4338 1489 4401 provocetur:
1510 4337 1537 4388 et
1558 4333 1638 4390 arbor
1652 4334 1826 4408 humanige-

189 4395 326 4469 pontifice,
346 4412 425 4468 qnam
447 4397 493 4452 ille
511 4399 655 4471 diligenter
673 4405 775 4465 tractat,
795 4405 822 4452 et
840 4399 976 4467 edisserit,
1030 4400 1113 4466 neris,
1136 4399 1201 4455 dum
1223 4416 1352 4456 cacumen
1372 4417 1404 4457 ac
1422 4400 1551 4458 verticem
1574 4418 1652 4460 suum
1675 4412 1728 4460 tam
1747 4404 1827 4463 facile

187 4475 218 4523 ut
233 4469 286 4542 legi
300 4468 411 4525 omnino
431 4469 516 4542 digna
534 4471 588 4524 sint
608 4484 668 4540 qnae
689 4470 792 4524 scribit.
818 4469 884 4524 Vide
909 4471 978 4528 inter
1030 4472 1165 4526 corruisse
1186 4470 1348 4538 considerat,
1369 4471 1433 4527 llatu
1455 4488 1586 4531 concussa
1607 4475 1774 4544 formidinis,
1797 4478 1829 4533 in

189 4539 316 4611 epistolas
330 4539 389 4592 libri
404 4540 484 4610 primi
503 4540 645 4610 epistolam
660 4542 704 4607 ii,
720 4541 795 4605 alias,
811 4539 977 4613 (lpuscuium
1031 4540 1090 4596 suis
1111 4541 1232 4612 undique
1256 4544 1414 4599 maiusculis
1437 4547 1666 4602 contremiscat.»
1689 4548 1829 4630 Angustia

188 4614 235 4667 23.
259 4633 270 4662 a
286 4611 447 4682 Aliquando,
470 4611 593 4681 uitiauit,
611 4629 624 4662 a
644 4626 659 4664 a
675 4626 718 4665 me
732 4611 848 4667 sollicite
861 4615 979 4682 requisi·
1053 4612 1140 4668 uidem
1154 4611 1281 4668 limitibus
1296 4615 1455 4672 Pontiticum
1469 4616 1536 4673 sitas
1545 4617 1652 4675 inclusit
1664 4619 1827 4692 mutianus,

190 4685 249 4753 stis,
264 4699 324 4754 quae
339 4682 404 4736 mihi
419 4698 499 4737 causa
514 4683 659 4748 videretur,
671 4697 718 4736 cur
732 4683 980 4753 apostolicae‘Sedis
1028 4628 1205 4763 ,iateondum
1223 4685 1292 4739 ultra
1314 4695 1428 4756 quatuor
1453 4696 1499 4742 aut
1520 4691 1637 4761 quinque
1658 4703 1746 4746 annos
1771 4705 1830 4748 uon

189 4754 298 4810 antistes
325 4770 460 4824 nunquam
488 4753 590 4809 diutius
609 4764 705 4816 aaran
732 4754 779 4808 sed
800 4753 869 4808 intra
896 4756 979 4812 breve
1031 4755 1170 4810 extendit:
1187 4754 1213 4809 ιιι
1237 4755 1376 4815 breviores
1401 4769 1489 4815 tamen
1508 4760 1574 4814 mihi
1597 4759 1720 4815 ridentur
1744 4776 1828 4821 coar-

189 4825 319 4897 temporis
336 4836 453 4894 spatmm
466 4825 535 4880 diem
553 4824 660 4880 claudat
680 4830 827 4880 extremum
844 4844 851 4879 ι
867 4826 935 4883 adeo
950 4836 980 4883 ιιι
1030 4834 1116 4892 amite,
1127 4825 1151 4880 si
1165 4825 1322 4882 Pontificum
1336 4828 1454 4886 historiae
1468 4831 1650 4888 consulantur.
1666 4832 1830 4891 Rectissime

188 4905 249 4967 post
263 4898 354 4952 dirum
369 4898 477 4952 Petrum
491 4898 654 4967 apostolum,
669 4898 714 4966 qui
728 4912 775 4967 per
790 4897 885 4970 viginti
899 4898 978 4969 quin·
1031 4898 1114 4971 igitur
1130 4897 1159 4952 S.
1170 4896 1320 4955 Bernartius
1333 4901 1383 4956 hac
1397 4903 1512 4972 epistola
1524 4903 1647 4959 hortatur
1658 4903 1827 4976 Eugenium,

208 4985 241 5024 ue
256 4968 363 5024 circiter
376 4971 598 5024 annorumlustra
613 4968 747 5037 praesedit,
758 4983 838 5022 nemo
860 4980 978 5038 postmo·
1031 4979 1060 5024 ut
1073 4983 1107 5025 er
1122 4969 1283 5026 brevissimo
1298 4987 1410 5027 suornm
1430 4973 1658 5043 predecessorum
1672 4974 1835 5041 dominatus

188 4986 252 5094 gum
268 5040 450 5095 Romanorum
474 5040 630 5095 Pontificum
649 5039 701 5094 hoc
715 5039 830 5109 spatium
845 5042 977 5112 praesula·
1031 5054 1109 5097 suurn
1126 5056 1232 5112 quoque
1247 5054 1400 5112 suspectum
1416 5044 1514 5101 habere
1528 5045 1624 5103 discat.

189 5118 233 5166 tus
247 5113 400 5183 aequaverit.
424 5112 559 5167 iloderuis
577 5111 632 5165 imo
655 5111 821 5181 temporibus
842 5111 886 5165 via
900 5113 978 5184 quis·
1067 5114 1131 5251 phil
1158 5113 1264 5183 Scripta
1279 5130 1349 5169 aurio
1364 5114 1462 5171 Christi
1478 5118 1557 5173 aito.

186 5197 268 5254 quam
284 5183 310 5236 iu
331 5183 467 5252 predictae
485 5182 562 5238 Sedis
581 5182 687 5237 culmen
710 5181 844 5246 evehitur,
859 5183 906 5254 qni
918 5199 977 5239 me·
1079 5186 1130 5239 638
1157 5184 1261 5265 Scripta
1274 5200 1345 5242 anuo
1359 5185 1458 5242 Christi
1474 5189 1553 5243 lilii.

188 5263 241 5308 tani
261 5265 387 5326 quatuor,
403 5257 457 5324 aci,
472 5263 502 5309 ut
523 5255 647 5318 multum,
663 5252 782 5324 quinque
806 5256 979 5311 transcendat
1066 5256 1143 5326 (639)
1164 5254 1327 5324 injiciendo
1345 5257 1446 5315 scilicet
1470 5259 1605 5315 hominem
1624 5258 1779 5334 indiguum,
1791 5258 1830 5316 ad

187 5339 330 5382 annornm.
355 5327 433 5396 Quod
454 5326 687 5383 considerantibus
705 5324 793 5393 nobis,
810 5325 975 5398 prodigialis,
1030 5323 1102 5379 illam
1128 5325 1220 5381 sedem
1243 5329 1356 5385 eiectum
1379 5330 1422 5387 vel
1439 5340 1610 5403 promotum
1636 5330 1672 5388 de
1694 5329 1830 5404 quotide

184 5404 214 5449 ut
235 5397 272 5451 ita
294 5397 404 5468 loquar,
420 5405 513 5468 stupor
534 5396 657 5454 oboritur
672 5413 679 5451 :
694 5396 821 5467 quoniam
832 5399 890 5453 brec
912 5397 976 5453 bre·
1028 5395 1156 5468 epistolas
1170 5400 1233 5465 ³28,
1249 5402 1311 5455 329.

182 5465 254 5524 liter
273 5467 382 5524 vivendi
407 5469 553 5526 necessitas
574 5469 602 5524 in
626 5468 701 5526 uuila
716 5469 776 5549 plia
799 5468 881 5525 totius
902 5467 976 5526 orbis
1279 5484 1281 5488 ·
