3728 5940
112 194 150 257 ιι
749 192 1135 273 sumtuosissimae.
1733 191 1771 253 ιι

112 319 192 378 stolis
205 320 342 392 subjicere
354 319 494 392 Opusculs
515 336 564 377 seu
582 321 732 390 Tractatus,
746 321 792 394 qui
807 320 928 394 plerique
948 320 990 378 vel
1004 319 1140 392 epistolari
1164 318 1246 375 modo
1268 316 1361 388 scripti
1384 327 1457 385 sunt,
1481 317 1524 374 vel
1538 334 1571 372 ιι
1595 317 1770 390 epistolarum

112 408 202 466 classe
216 409 245 464 ln
269 416 434 466 tractatuum
456 409 579 466 ordinem
598 409 710 468 redacti
727 410 764 468 [ιι
786 410 839 468 boe
860 408 956 469 ordina
977 408 1164 480 consequitur,
1179 415 1210 465 ut
1230 407 1310 464 tertio
1325 406 1383 464 loco
1407 407 1554 463 succedant
1577 421 1717 464 sermones
1734 408 1771 466 de

111 497 249 568 Tempore
263 504 292 553 et
304 499 339 554 de
358 499 474 571 sanctis;
499 507 604 570 quarto,
620 514 759 556 sermones
770 498 799 555 in
821 499 948 557 Cantica:
961 498 1061 570 quibus
1075 498 1105 553 in
1127 496 1221 570 quinto
1236 497 1406 570 subsequitur
1431 497 1588 553 eorumdem
1611 513 1769 555 sermonum

112 585 294 658 continuatio,
309 587 337 643 id
352 596 394 643 est
407 587 545 644 Gilleberti
560 589 705 645 Sermones
723 589 751 644 iu
772 588 867 646 eadem
882 587 1001 645 Cantica.
1029 589 1066 645 De
1080 586 1174 644 ordine
1198 587 1310 643 duorum
1334 585 1496 657 reliquorum
1520 592 1666 654 tomorum,
1683 585 1770 660 quinti

110 676 243 731 nimirum
256 692 289 732 ac
302 676 379 746 sexti,
404 676 432 731 in
450 675 607 747 praelatione
622 678 655 733 ad
671 688 776 735 tomum
796 678 918 749 quintum
932 677 1041 734 uberius
1064 676 1205 732 dicendum
1225 677 1291 742 erit;
1306 675 1344 731 uti
1359 675 1437 730 ctiam
1450 675 1484 730 de
1507 674 1643 746 prioribus
1664 675 1692 731 in
1707 677 1768 733 sin·

112 765 187 837 gulis
199 765 233 819 ad
246 779 295 822 eos
307 761 512 837 prefationibus
525 766 671 838 agendum.

149 855 225 910 XIII.
240 854 331 926 Atque
345 862 375 910 ιι
386 854 505 926 genuina
518 855 610 911 emula
624 856 754 913 Bemardi
771 871 855 926 oprra
868 871 923 912 nno
938 854 1072 911 volumius
1092 853 1306 919 continerentur,
1330 850 1413 908 libros
1428 852 1461 907 dc
1476 852 1535 920 ejus
1552 852 1610 908 Vita
1624 860 1651 908 et
1665 851 1768 924 Gestis,

111 958 183 1016 quos
200 943 326 1000 IIorstius
339 943 368 998 in
383 944 471 1016 primo
485 944 621 1001 volumine
642 945 822 1018 premiserat,
843 944 984 1018 rejecimus
998 944 1025 998 in
1040 942 1121 998 linem
1141 942 1205 998 tomi
1220 941 1288 997 sesti
1302 957 1350 996 seu
1374 939 1488 995 secundi
1509 940 1664 1008 voluminis;
1679 943 1770 1000 nevel

110 1048 247 1105 germana
259 1032 386 1088 bernardi
401 1048 485 1106 opera
497 1049 513 1088 a
527 1049 587 1091 sese
605 1034 807 1101 divellerentur,
827 1035 871 1091 vel
886 1033 997 1090 nlmium
1018 1030 1159 1103 inequalls
1176 1036 1248 1087 esset
1262 1028 1431 1087 voluminum
1453 1030 1621 1102 magnitudo.
1639 1031 1721 1088 Porro
1741 1033 1769 1087 in

111 1119 169 1175 fine
194 1121 290 1190 prioris
312 1120 468 1188 voluminis,
496 1121 536 1177 uti
558 1129 585 1178 et
607 1123 728 1190 secundi,
756 1122 880 1195 proprios
901 1122 1004 1178 iudices
1026 1118 1232 1193 copiosissimos
1256 1118 1459 1187 collocavimus,
1486 1126 1514 1173 ιι
1536 1119 1643 1191 priores
1666 1119 1771 1176 indices

110 1209 204 1264 omnia
218 1209 335 1282 genuina
349 1225 443 1282 opera,
459 1211 623 1280 posteriores
637 1212 724 1269 aliena
738 1213 992 1285 complecterentur.

148 1296 221 1354 xlv.
238 1299 363 1370 Denique
376 1299 518 1356 uberiores
532 1307 604 1358 nota
618 1312 646 1357 et
660 1303 873 1372 observationes,
899 1316 960 1373 que
973 1300 1008 1356 sb
1022 1301 1132 1356 llorstio
1148 1298 1190 1357 vel
1214 1315 1230 1353 a
1246 1313 1289 1352 me
1302 1296 1437 1369 quondam
1452 1295 1482 1350 in
1505 1295 1633 1366 epistolas
1655 1304 1682 1352 et
1704 1295 1756 1352 alla

112 1387 247 1457 opuscula
270 1386 385 1444 conditae
407 1398 481 1456 sunt,
505 1389 589 1447 ιιιιιι
614 1389 805 1460 sudjlciuntur.
830 1389 920 1448 Brevis
932 1389 1042 1445 interlin
1057 1386 1233 1460 chronologia
1256 1385 1395 1458 praemissa
1418 1391 1459 1441 est
1481 1394 1552 1442 tomo
1575 1386 1672 1458 primo,
1697 1385 1768 1457 quod

112 1476 232 1546 ipsarum
246 1483 372 1533 notarum
387 1477 469 1535 veluti
483 1477 527 1534 lar
542 1479 670 1551 quedam,
685 1487 713 1535 et
730 1479 806 1552 quasi
828 1495 972 1537 commune
987 1478 1123 1550 quoddam
1137 1480 1174 1536 sit
1193 1474 1408 1532 fundamentum.
1428 1474 1472 1529 hd
1495 1475 1553 1530 haec
1574 1474 1689 1546 singulis
1712 1474 1771 1532 lere

112 1564 266 1634 opusculis
282 1566 310 1620 in
326 1577 399 1624 tomo
412 1569 532 1624 secundo
546 1567 688 1634 contentis,
704 1569 903 1625 admonitiones
917 1566 1116 1641 praeposuimus
1130 1568 1164 1623 ad
1178 1572 1372 1638 argumentum
1394 1564 1527 1635 cujusquo
1546 1562 1608 1618 libri
1629 1563 1768 1634 explican-

112 1652 191 1718 dum,
201 1654 323 1725 aliasque
337 1655 557 1713 circumstantias
570 1656 645 1712 adid
659 1659 835 1728 pertinentes.
860 1658 923 1714 [ιιι
936 1657 992 1714 lere
1006 1664 1078 1723 sunt,
1105 1672 1167 1727 quae
1189 1652 1334 1712 universim
1358 1653 1386 1707 in
1402 1655 1450 1707 hac
1474 1651 1620 1708 novissima
1638 1651 1770 1713 bernardi

110 1741 431 1815 editionepraestltimus.

146 1831 210 1887 XV.
232 1833 332 1889 Verum
346 1840 378 1890 ut
394 1836 427 1891 ad
449 1850 560 1892 examen
580 1835 646 1890 tomi
667 1836 757 1907 primi,
780 1837 828 1909 qui
841 1836 1020 1893 bernardinas
1042 1833 1170 1906 epistolas
1188 1830 1386 1904 complectitur,
1413 1829 1622 1899 descendamus,
1644 1844 1698 1886 non
1712 1845 1774 1886 rne-

110 1921 233 1977 diocrem
248 1936 359 1993 operam
372 1923 462 1979 denuo
474 1923 645 1981 abhibulmus
668 1926 695 1981 in
710 1926 744 1980 lis
758 1925 944 1991 emendandis,
960 1922 1134 1988 illustrandis,
1151 1921 1307 1978 ordinandis
1320 1931 1346 1974 et
1365 1918 1510 1988 augendis.
1533 1918 1577 1973 Ad
1597 1919 1768 1976 emendatio·
1815 1931 1826 1950 ⁶

111 2025 175 2065 nem
189 2011 262 2080 quod
282 2012 387 2079 attinet,
403 2012 492 2069 varios
510 2013 644 2071 variarum
667 2014 890 2070 bibliothecarum
912 2014 1021 2071 codices
1043 2011 1239 2075 consuluimus,
1260 2007 1414 2073 Vaticanus,
1440 2006 1621 2076 colbertinus,
1646 2007 1770 2079 belgicos

110 2099 208 2154 Sancti
222 2099 294 2155 Petri
308 2103 380 2173 apud
405 2099 574 2169 (landarum,
595 2110 622 2159 ιι
640 2101 847 2171 Aurem-Vallis,
864 2110 961 2172 preter
984 2118 1041 2170 sos,
1057 2100 1157 2173 quibus
1170 2099 1198 2154 in
1221 2097 1305 2170 priori
1330 2096 1447 2153 editione
1461 2096 1504 2152 nsi
1529 2095 1642 2152 luimus.
1656 2097 1695 2152 Ex
1711 2110 1769 2155 uno

110 2187 209 2244 codice
226 2189 380 2246 corbeiensi
401 2191 529 2262 quasdam
553 2191 683 2264 aliquanti
697 2191 828 2247 momenti
852 2192 1040 2264 inscriptiones
1055 2189 1230 2259 restituimus,
1254 2187 1379 2259 variaque
1394 2187 1451 2243 loca
1476 2195 1531 2242 tum
1546 2203 1579 2242 er
1594 2187 1690 2243 eodem
1717 2203 1766 2244 co·

110 2276 183 2342 dice,
201 2284 257 2332 tum
271 2293 305 2333 ex
320 2278 424 2335 duobus
435 2277 597 2336 Colbcrtinls
617 2281 697 2337 bone
722 2287 802 2347 note,
824 2296 940 2353 quorum
965 2295 1036 2336 uuus
1049 2279 1171 2352 signatus
1185 2287 1227 2334 cst
1242 2294 1269 2332 n.
1286 2276 1369 2343 tstu;
1385 2275 1463 2333 alter.
1478 2291 1506 2331 n.
1531 2276 1613 2342 atie,
1636 2274 1769 2333 Beruardi

111 2368 196 2421 etiam
211 2367 344 2438 opuscula
364 2368 517 2438 continens,
533 2384 595 2425 cum
619 2385 674 2438 quo
698 2370 793 2424 eadem
814 2369 945 2442 opuscula
967 2368 1141 2425 contulimus.
1157 2367 1198 2422 hd
1223 2367 1281 2422 haec
1296 2372 1366 2421 notre
1388 2363 1549 2439 marginales
1573 2364 1689 2437 singulis
1709 2363 1767 2421 lere

112 2454 239 2525 epistello
252 2456 384 2528 apposite
397 2463 461 2513 sunt
474 2457 507 2513 ad
523 2457 649 2515 historica
662 2458 777 2516 martium
790 2460 858 2516 lacta
871 2459 966 2530 paucis
979 2457 1148 2529 explicanda.

146 2542 219 2599 XVI.
234 2543 274 2598 Ile
287 2544 382 2599 ordine
394 2543 571 2615 epistolarum
585 2545 632 2600 diu
651 2561 751 2617 anceps
765 2545 818 2603 luit
830 2545 972 2617 cogitatio,
988 2562 1021 2601 an
1045 2544 1169 2601 ordinem
1186 2549 1325 2614 receptum
1344 2557 1524 2610 servaremus,
1547 2557 1581 2596 an
1604 2539 1695 2613 potius
1719 2557 1767 2598 nc·

109 2646 174 2686 vum
190 2631 403 2689 institueremus.
421 2633 510 2690 Variae
523 2634 550 2688 in
569 2642 710 2706 utramque
726 2642 827 2707 partem
842 2635 959 2691 rationes
973 2650 1033 2690 sese
1051 2634 1212 2690 offerebant.
1227 2632 1270 2687 hd
1296 2629 1457 2686 servandum
1477 2630 1618 2700 antiquum
1641 2631 1765 2687 ordinem

110 2722 239 2778 movebat
252 2721 339 2794 primo
353 2721 500 2795 antiquitas
514 2723 585 2778 lilius
608 2723 722 2791 ordinis,
737 2740 818 2796 quem
837 2723 896 2794 ipso
912 2723 1048 2781 bernardo
1064 2725 1154 2781 adbuc
1166 2722 1276 2779 vivente
1298 2721 1449 2777 iustitutum
1474 2719 1559 2776 luisse
1578 2727 1693 2786 constat,
1717 2719 1764 2776 ni-

109 2811 209 2866 mirum
225 2827 273 2879 pro
288 2811 415 2867 trecentis
428 2811 481 2866 illis
493 2827 527 2869 ac
546 2814 641 2870 decem
657 2813 790 2883 epistolis,
814 2828 929 2885 quarum
943 2813 1039 2869 ultima
1061 2822 1104 2869 est
1118 2829 1160 2882 ea,
1173 2828 1235 2885 quar
1249 2811 1283 2865 ad
1305 2810 1452 2866 ernoldum
1476 2808 1658 2865 Bonae-Vallis
1679 2809 1764 2864 abba-

108 2908 165 2955 tem
184 2899 349 2957 aliemardo
362 2907 483 2957 extrema
495 2903 596 2970 scripta
610 2900 669 2957 luit.
687 2902 754 2957 Nam
770 2912 885 2972 castere,
900 2903 1015 2972 sparsim
1028 2902 1168 2958 hincinde
1181 2901 1322 2974 disperse,
1337 2915 1353 2953 a
1368 2898 1483 2970 posteris
1498 2897 1593 2953 deinde
1617 2897 1644 2952 ln
1666 2912 1767 2968 corpus

107 2987 294 3057 Epistolamm
308 2988 428 3044 ineditis
442 2988 518 3045 libris
541 2991 656 3047 redacte
670 2999 743 3056 sunt,
760 3006 814 3046 non
827 2992 920 3060 ιιιιιι,
945 2990 995 3046 sed
1010 2992 1144 3060 pervarie
1159 2988 1310 3056 intervella,
1326 2997 1408 3058 prout
1430 3003 1488 3043 sess
1506 2987 1549 3043 vel
1574 2986 1768 3051 collectoribus

107 3078 151 3132 sel
166 3076 334 3133 auditoribus
347 3079 512 3135 obtulerunt.
530 3079 633 3136 Deinde
643 3080 755 3151 antiquo
769 3080 857 3136 ordlnl
872 3079 978 3137 favebat
989 3081 1120 3150 temporis
1134 3080 1213 3148 ratio,
1228 3078 1349 3136 inveteri
1360 3077 1404 3132 ills
1420 3075 1592 3148 epistolarum
1608 3076 1767 3135 collectione

107 3174 255 3238 utcuumuc
269 3175 391 3227 servam:
407 3184 470 3224 cum
480 3167 547 3224 alias
561 3168 710 3224 timendum
724 3177 806 3239 esset,
824 3185 858 3224 ne
874 3169 934 3239 plus
952 3169 1117 3226 incommodi
1136 3184 1168 3225 ιιι
1183 3167 1255 3224 illius
1269 3166 1369 3237 recepti
1383 3165 1487 3221 ordInis
1508 3164 1667 3232 mumtions,
1683 3182 1765 3236 quam

109 3254 238 3311 utilitatis
251 3264 471 3326 consequeretur,
487 3257 524 3312 ob
544 3263 667 3321 receptas
690 3257 816 3312 nlmlmm
836 3257 1009 3328 epistolarum
1024 3256 1178 3323 citellones,
1194 3255 1301 3326 nequid
1316 3254 1403 3312 dicam
1418 3254 1451 3309 de
1465 3253 1581 3309 solemni
1594 3254 1690 3310 ordine
1712 3269 1763 3311 ve·

108 3351 196 3400 terum
211 3342 416 3414 exemplarium.
441 3346 471 3400 ln
494 3345 659 3402 contrarium
684 3346 822 3417 pugnabat
845 3346 1022 3418 epistolarum
1045 3347 1220 3415 quarumdam
1242 3343 1365 3403 mulusio
1388 3342 1575 3411 intolerabilis,
1599 3343 1644 3398 ubi
1668 3342 1764 3400 ordine

109 3439 280 3504 prepostero
302 3432 446 3504 aliquando
474 3435 615 3503 responsio
640 3435 671 3490 ad
697 3434 829 3506 quasdam
852 3436 953 3492 litteras
974 3435 1053 3501 lacta,
1070 3435 1151 3506 longo
1173 3434 1313 3490 intervallo
1339 3448 1386 3489 ιιι
1406 3433 1584 3504 precedebat.
1612 3431 1765 3488 Accedebat

109 3520 183 3576 aliud
196 3537 230 3577 cx
244 3536 278 3577 eo
293 3535 462 3593 consequens
486 3521 696 3588 Incommodum,
721 3524 795 3595 quod
810 3523 932 3594 ejusdem
947 3523 1097 3594 argumenti
1121 3523 1245 3580 tractatio
1267 3522 1423 3594 perturbate
1443 3521 1535 3590 relata,
1555 3536 1614 3576 ase
1633 3521 1693 3593 lpsa
1716 3522 1763 3577 de-

107 3609 187 3665 vulsa
199 3619 227 3665 et
242 3609 368 3665 distracta
382 3618 450 3666 erat.
465 3610 495 3665 ln
510 3610 552 3666 bls
571 3610 704 3686 angustiis
724 3613 836 3669 mediam
852 3614 921 3669 inire
935 3613 1008 3668 vlam
1022 3612 1104 3668 satius
1119 3613 1206 3669 visum
1229 3620 1280 3681 est,
1297 3611 1436 3685 vulgatum
1457 3611 1561 3668 scilicet
1582 3610 1704 3667 ordinem
1718 3625 1760 3666 re·

109 3697 219 3755 liuendo
231 3697 261 3753 in
275 3698 412 3770 prioribus
426 3701 556 3755 trecentis
570 3714 601 3754 sc
623 3700 718 3756 decem
733 3701 855 3772 epistolis
872 3718 878 3759 :
894 3701 921 3756 in
935 3702 996 3758 aliis
1010 3717 1076 3757 vero
1091 3718 1152 3773 que
1174 3702 1289 3758 subinde
1303 3702 1416 3772 adjectae
1439 3708 1510 3769 sunt,
1526 3715 1571 3756 eas
1584 3700 1618 3754 ad
1643 3699 1762 3756 rationes

108 3787 239 3860 temporis
253 3790 414 3855 revocando,
439 3788 562 3858 apposito
577 3789 610 3843 ad
636 3789 786 3862 marginem
809 3790 914 3858 ordine,
928 3806 1009 3862 quem
1033 3806 1200 3863 unaquaeque
1221 3791 1336 3863 epistola
1350 3801 1428 3847 antes
1449 3789 1596 3847 obtinebat.
1622 3789 1676 3845 Ubi
1697 3802 1761 3847 vero

107 3876 232 3950 quaedam
255 3893 289 3933 ex
310 3891 381 3934 novo
396 3877 552 3933 bocordine
574 3876 695 3948 epistolae
720 3879 936 3949 praecedentibus
962 3880 1100 3935 coherere
1119 3879 1276 3946 debuerant,
1300 3879 1407 3934 illarum
1431 3879 1572 3935 lectionem
1594 3877 1761 3950 praemitten-

105 3967 172 4020 dam
187 3972 236 4021 aut
247 3964 465 4038 subjungendam
482 3981 542 4022 esss
564 3965 728 4022 monuimus.
748 3965 794 4022 Sic
808 3967 918 4037 antiquo
940 3968 1028 4022 ordini
1047 3974 1171 4022 servatus
1194 3973 1237 4022 est
1252 3968 1347 4032 bonos,
1371 3973 1399 4021 ιι
1411 3983 1426 4022 ι
1440 3981 1511 4023 novo
1533 3967 1638 4022 sublata
1659 3967 1761 4025 conlu-

106 4054 159 4109 sio.
175 4053 230 4110 Sed
243 4068 278 4110 ne
299 4061 417 4112 veterem
431 4054 506 4110 illum
528 4054 650 4111 ordinem
674 4055 782 4112 vivente
803 4055 863 4125 ipso
889 4055 1030 4112 Beruardo
1052 4054 1241 4112 concinnatum
1260 4053 1343 4129 gratis
1368 4054 1469 4109 dixisse
1492 4054 1642 4123 videamur,
1666 4063 1759 4111 testem

105 4143 273 4212 appellamus
286 4142 471 4210 Gulllelmum,
494 4143 523 4200 S.
538 4144 695 4202 Theoderici
714 4145 849 4215 quondam
868 4147 1009 4213 abbatem,
1034 4147 1079 4217 qui
1094 4151 1155 4202 ante
1175 4144 1345 4200 Bemardum
1369 4142 1460 4199 vivere
1473 4142 1561 4198 desiit.
1587 4142 1614 4198 Is
1630 4141 1706 4198 enlm
1729 4142 1758 4199 in

105 4232 280 4304 libroprimo
293 4233 327 4289 de
340 4233 401 4288 Vita
414 4233 500 4288 sancti
513 4232 645 4302 doctoris,
660 4233 720 4304 ipso
735 4239 880 4304 superstite
898 4233 1008 4305 scripto,
1032 4236 1113 4290 tradit
1128 4252 1155 4290 n.
1170 4237 1205 4290 60
1220 4234 1349 4290 bernardi
1364 4232 1399 4288 ad
1423 4232 1573 4288 liebertum
1596 4233 1759 4305 consangui-

105 4336 192 4378 neum
214 4337 292 4377 suum
306 4320 461 4392 epistolam,
483 4337 544 4393 qum
560 4322 587 4376 ln
600 4321 692 4377 medio
706 4322 793 4378 Imbro
807 4337 861 4379 non
877 4322 962 4379 luerat
985 4323 1144 4389 madefacta,
1162 4344 1174 4375 ι
1195 4323 1231 4379 ob
1246 4329 1302 4378 tam
1315 4321 1418 4394 grande
1440 4320 1601 4377 miraculum
1614 4321 1642 4376 in
1666 4321 1759 4378 codice

104 4409 363 4480 epistolarumque,
387 4409 520 4468 »scilicet
533 4410 672 4476 bernardi,
690 4432 702 4463 ι
723 4426 740 4466 ι
759 4411 885 4467 iratribus
902 4427 958 4469 non
978 4412 1111 4468 immerito
1127 4414 1240 4483 primam
1259 4410 1343 4466 luisse
1357 4410 1518 4466 ordinatam.
1537 4429 1549 4463 r
1574 4411 1709 4466 Ceterum
1730 4409 1759 4465 id

103 4513 170 4553 ase
194 4496 296 4555 lactum
321 4508 454 4555 memorat
477 4498 563 4555 tertie
585 4499 654 4555 Vita
677 4498 792 4570 scriptor
815 4499 924 4556 anobis
951 4500 1050 4567 editus,
1070 4516 1149 4573 quem
1171 4499 1329 4557 Gauiridum
1352 4500 1437 4556 sancti
1459 4499 1508 4557 viri
1537 4499 1673 4557 notarium
1696 4514 1759 4556 esse

102 4585 301 4643 existimamus.

140 4675 227 4732 XVII.
244 4675 414 4733 {nomnibus
438 4685 527 4733 tamen
541 4676 661 4749 anthuls
683 4675 760 4733 llbris
774 4691 828 4733 non
851 4678 962 4734 omnino
985 4686 1112 4735 constans
1124 4686 1166 4735 est
1187 4677 1360 4748 epistolarum
1373 4677 1453 4747 ordo,
1475 4677 1582 4734 tametsi
1604 4676 1633 4732 ln
1656 4676 1758 4748 pleris-

102 4779 158 4835 que
171 4780 233 4821 cum
252 4767 363 4837 vulgato
386 4764 519 4831 ιιιιιιιιιι
542 4781 630 4838 usque
652 4765 686 4822 ad
708 4765 846 4836 epistolam
872 4766 1085 4829 trecentesimam
1108 4767 1254 4838 decimam3
1272 4766 1318 4841 qui
1341 4782 1472 4824 numerus
1494 4767 1521 4821 in
1545 4764 1670 4822 omnibus
1689 4766 1756 4822 item

101 4852 243 4909 codicibus
261 4867 315 4908 non
330 4853 463 4911 habetur.
487 4856 528 4910 lix
549 4870 605 4927 quo
618 4853 788 4927 intelligitur,
813 4869 869 4910 non
883 4871 974 4925 unam,
994 4855 1043 4911 sed
1060 4858 1150 4922 plures
1173 4856 1256 4912 lactas
1278 4856 1362 4912 luisse
1383 4856 1610 4913 bernardinsrum
1634 4854 1758 4925 epletola-

102 4956 165 4996 rum
177 4941 388 5012 compilationes.
403 4933 437 4997 In‘
449 4943 536 5000 tribus
551 4944 693 5003 codicibus
712 4943 846 5000 Vaticanis
870 4944 1001 5000 habentur
1015 4945 1068 5000 itte
1089 4946 1219 5014 epistolae,
1245 4955 1272 5001 et
1295 4945 1322 5000 in
1337 4946 1424 5015 primo
1448 4944 1556 5015 quidem
1581 4944 1756 5016 elegantissi-

100 5044 159 5094 mo,
174 5030 282 5103 signato
297 5047 324 5085 n.
340 5033 404 5099 ιιι,
419 5032 592 5089 ιοιιιιιιιιι
604 5032 726 5103 epistole
739 5033 862 5089 ducentae
874 5037 1025 5103 nonaginta
1038 5049 1086 5088 sen
1099 5033 1195 5088 eodem
1210 5032 1267 5090 iere
1280 5033 1374 5088 ordine
1389 5043 1469 5100 atque
1483 5032 1510 5087 in
1525 5031 1621 5104 editis3
1641 5048 1756 5104 quarum

98 5127 239 5190 postrema
252 5126 296 5174 est
307 5119 341 5174 ad
356 5118 557 5188 lllbsruicnses,
574 5122 607 5177 dc
621 5119 734 5177 transitu
749 5120 822 5176 beati
835 5121 981 5179 Ilnlachiae.
998 5123 1027 5176 ln
1041 5121 1093 5176 alio
1108 5122 1199 5179 codice
1218 5139 1245 5177 n.
1261 5125 1324 5188 obt,
1338 5121 1409 5177 idem
1425 5122 1505 5178 etiarn
1520 5122 1587 5179 ordo
1601 5122 1629 5179 ln
1652 5122 1755 5194 episto

99 5202 273 5259 lisducentis
295 5203 623 5277 quinquagintaduabus;
638 5209 783 5278 exquibus
807 5210 899 5267 ultima
925 5211 1013 5267 estad
1037 5212 1179 5284 liugonem
1211 5210 1323 5267 militem
1346 5211 1461 5284 Templi.
1493 5213 1591 5269 lerum
1615 5210 1642 5267 ln
1663 5212 1752 5280 tertio,

97 5291 149 5364 qui
162 5307 193 5348 n.
206 5295 260 5348 663
276 5293 405 5364 preditus
417 5301 470 5361 est,
484 5303 590 5353 exstaut
602 5295 723 5368 epistole
738 5298 861 5359 ducente
876 5301 1061 5372 quadraginta,
1078 5317 1191 5374 quarum
1210 5302 1276 5357 ordo
1292 5300 1326 5354 ab
1340 5299 1418 5356 editis
1434 5301 1539 5372 penitus
1553 5301 1679 5359 diversus
1697 5309 1754 5361 est:

99 5377 139 5433 ita
162 5385 193 5433 ut
215 5379 302 5450 prima
324 5380 359 5437 sit
381 5380 437 5453 illa,
460 5399 521 5456 quae
548 5384 575 5439 in
599 5389 713 5444 antehac
735 5386 816 5444 editis
844 5390 1035 5446 trecentesima
1057 5389 1162 5445 decima
1185 5391 1273 5458 tertis,
1302 5391 1335 5446 ad
1367 5390 1550 5447 Ilalmericum
1574 5389 1754 5459 cardinalem,

99 5478 227 5525 extrema
240 5467 423 5528 ducentesima
437 5473 638 5546 septuagesima
656 5476 761 5548 quinta,
784 5477 818 5534 ad
831 5478 985 5550 Eugenium
1000 5495 1098 5552 papam
1115 5480 1152 5539 ds
1163 5479 1301 5541 electione
1315 5475 1559 5540 heimmerami.
1579 5479 1686 5538 Insliis
1708 5492 1754 5539 ec·
1768 5549 1777 5567 ⁹
