3728 5940
148 171 203 233 aar
625 169 995 233 assument-uentus
1008 164 1334 230 ‘mann-vauterius
1737 167 1743 177 ’
1842 220 1846 293 q

150 299 206 355 oris
218 300 318 374 ubique
331 300 494 372 promissio:
509 299 558 356 sed
583 298 645 372 quia
660 311 714 352 non
730 311 782 352 una
799 304 841 352 est
853 294 942 351 omni·
961 309 984 389 Ι
1001 294 1085 351 Porro
1102 293 1137 349 de
1151 292 1241 350 vicino
1254 292 1393 364 probibet,
1408 290 1481 363 quod
1494 290 1574 362 jubet
1585 293 1799 369 depersgrtuo:
1843 318 1847 387 q

152 387 304 446 buscordis
318 389 440 455 intentio,
465 394 565 460 potest,
580 385 763 442 indubitanter
782 384 841 439 sine
857 383 942 438 detri-
1001 397 1035 437 ne
1057 380 1179 436 vicinitas
1198 381 1270 443 inter
1293 381 1457 437 monasteria
1471 379 1558 436 lomes
1576 381 1710 451 smndsli,
1734 381 1799 440 risse
1844 400 1848 451 ι

154 486 244 532 mento
270 475 372 541 salutis,
398 487 424 532 et
449 476 508 531 sine
533 475 631 530 damno
650 471 840 543 professionis,
856 470 946 542 operis
1001 470 1112 525 materia
1128 469 1171 534 sit,
1189 472 1211 526 si
1221 469 1379 525 alterutrum
1394 467 1517 540 recipere
1529 471 1682 527 monachos
1694 473 1801 545 aequie-
1845 520 1849 545 ι

153 579 261 636 quoque
278 578 332 619 non
354 579 408 618 una
422 563 520 636 ubique
543 561 698 618 observatio
713 561 854 616 celebrari.
871 559 947 616 Siout
999 559 1088 613 verint
1101 559 1202 630 absque
1215 566 1306 614 mutuo
1330 557 1461 614 duntaxat
1476 572 1600 614 assensu.
1621 556 1704 628 Quod
1722 561 1801 616 toties

153 652 225 709 enin
239 667 293 707 non
307 652 615 719 omnesomniateuent,
631 651 712 706 etiarn
726 648 790 704 boni
804 647 946 704 Christiani
1001 645 1127 718 equidem
1142 648 1297 717 experimur
1311 643 1398 719 (los),
1411 645 1520 716 quoties
1538 646 1599 702 talis
1610 645 1720 718 uspiam
1737 665 1800 705 mo·
1845 580 1851 723 i

153 755 216 812 qnae
232 738 260 794 in
287 740 432 811 Evangelio
457 747 529 811 sunt,
560 755 655 796 omnes
678 746 771 793 tamen
798 737 948 794 secundum
1003 736 1151 792 nacborum
1165 734 1304 806 susceptio
1317 733 1396 806 unns
1409 750 1464 790 non
1478 734 1532 792 nisi
1550 737 1800 795 eontradscretum
1848 726 1852 743 ¹

154 827 333 900 Evangelium
348 829 442 886 vivunt
453 829 528 901 (narn
544 828 591 902 qui
605 826 743 884 concessis
758 825 863 898 alligari
879 840 948 881 con·
1004 827 1123 898 regulare
1137 827 1321 896 proesumitur.

153 915 238 988 jugiis
251 916 369 971 contenti
389 925 461 983 sunt,
475 933 528 974 nou
543 919 603 975 ideo
622 928 711 973 tumen
735 917 846 971 credunt
861 931 891 972 se
906 930 948 969 re·
1040 911 1181 971 52050.
1197 914 1276 984 Quod
1291 913 1314 967 si
1330 913 1412 968 etiam
1427 922 1488 983 post
1508 916 1567 969 bac
1582 912 1676 971 fratris
1695 907 1738 972 'ita
1757 910 1801 971 re·

155 1003 271 1067 cessisse
293 1004 327 1058 ab
341 1003 499 1078 Evangelio,
517 1005 579 1075 quin
593 1003 742 1076 evangelici
757 1003 949 1060 sublimitatem
1005 1003 1129 1076 gulariter
1144 1001 1263 1074 suseepti
1278 1002 1464 1073 inquietiorem
1478 1001 1549 1058 torte
1562 1001 1683 1062 animum
1708 1004 1801 1076 pulsa·

131 1080 138 1086 ’
157 1091 262 1147 consilii
280 1093 313 1147 de
340 1093 433 1149 celibe
459 1094 582 1151 ducenda
604 1095 657 1148 nita
672 1108 726 1148 non
749 1093 897 1165 elegerunt,
913 1091 951 1146 ita
1005 1090 1072 1148 verit
1090 1091 1239 1148 recordatio
1254 1089 1380 1156 scandali,
1397 1090 1469 1161 quod
1478 1085 1644 1149 discendens
1657 1092 1800 1161 iratribus,

157 1195 224 1235 sane
238 1181 260 1236 si
288 1182 317 1238 in
343 1181 430 1256 gradu
454 1182 500 1238 illo
514 1183 634 1240 interiori
650 1182 768 1257 legitime
792 1196 824 1236 ac
837 1180 952 1236 fideliter
1006 1193 1077 1249 quos
1091 1179 1217 1245 deseruit,
1235 1178 1315 1251 lecit3
1330 1186 1356 1233 et
1374 1177 1437 1251 quia
1458 1181 1731 1249 oporteatemendari
1755 1198 1803 1238 suo

157 1271 360 1341 conversentur)
376 1270 433 1327 :sic
446 1286 552 1344 quoque
575 1272 621 1343 qui
649 1271 798 1326 secundum
818 1268 951 1341 Regulam
1007 1265 1093 1323 reditu
1108 1268 1180 1337 quod
1204 1283 1236 1323 ex
1260 1269 1379 1324 discessu
1402 1266 1566 1339 deliquerit:
1582 1269 1731 1341 prudenter
1753 1269 1802 1326 ad·

158 1357 249 1412 viuere
273 1365 403 1425 statuunt,
424 1361 474 1414 etsi
496 1374 551 1414 nou
570 1359 604 1413 ad
631 1374 761 1428 unguem,
785 1365 814 1411 ut
842 1356 950 1424 dicitur,
1005 1362 1091 1411 vertat
1117 1355 1162 1425 qui
1182 1355 1233 1410 boc
1265 1355 1373 1428 cogitat,
1396 1354 1551 1410 scandalum
1586 1356 1718 1414 scandalo
1752 1372 1802 1413 non

129 1485 130 1488 η
159 1448 241 1497 totam
256 1444 420 1516 custodiunt,
438 1445 488 1501 etsi
510 1462 563 1518 qua
586 1460 635 1517 pro
656 1446 697 1500 sui
711 1443 821 1499 claustri
842 1445 894 1498 ritu
909 1443 952 1499 vel
1007 1444 1075 1499 bene
1099 1442 1247 1499 emendari.
1271 1442 1367 1513 Qualis
1383 1443 1501 1516 denique
1522 1445 1683 1503 emendatio
1712 1447 1802 1503 eritsi

160 1537 272 1599 mutant,
288 1533 329 1586 vel
355 1534 586 1604 praetermittunt,
604 1549 619 1588 a
642 1532 761 1605 regulari
777 1538 865 1587 minen
894 1549 953 1586 om·
971 1525 993 1604 Β
1010 1541 1040 1586 ut
1052 1531 1110 1586 aliis
1123 1533 1280 1588 scandalum
1293 1532 1381 1600 tollas,
1404 1532 1472 1588 alios
1490 1532 1687 1589 scandalizas?
1711 1535 1801 1604 Quan-

159 1619 223 1674 nino
233 1619 402 1690 professione
416 1636 471 1677 non
483 1621 634 1688 discedunt,
647 1621 731 1678 donec
745 1631 833 1678 tamen
852 1619 953 1685 sobrie,
1008 1635 1088 1690 quarn
1106 1619 1227 1693 proiecto
1249 1630 1276 1676 et
1301 1620 1469 1677 tolerabilius
1491 1617 1649 1680 scandalum
1679 1623 1748 1681 illud
1759 1644 1764 1663 ³
1772 1626 1805 1680 sit

160 1711 187 1763 et
198 1705 311 1775 instem
325 1708 379 1779 pie,
397 1723 569 1778 proauorum
585 1709 705 1765 moribus
721 1709 812 1764 vivere
831 1724 885 1765 non
906 1708 954 1763 dc·
1009 1717 1036 1764 et
1049 1708 1191 1776 venialius,
1209 1710 1282 1782 quod
1300 1709 1401 1765 lactum
1417 1714 1458 1764 est
1473 1710 1624 1766 intentione
1642 1711 1802 1781 proficiendi

161 1792 271 1849 sistunt.
287 1795 408 1867 Denique
435 1796 538 1870 ilegula
553 1797 611 1869 ipsa
631 1797 712 1852 tradit
726 1805 848 1853 octavum
863 1798 955 1854 borni·
1008 1797 1037 1852 in
1055 1797 1163 1863 melius,
1189 1813 1269 1868 quam
1290 1798 1362 1870 quod
1381 1796 1471 1853 lacere
1492 1797 1597 1874 cogitas
1620 1800 1654 1855 ad
1682 1788 1804 1858 usuum

162 1880 244 1935 litatis
255 1882 379 1952 gradum,
396 1904 409 1931 ι
427 1892 457 1938 ut
470 1884 534 1940 nibil
548 1891 611 1957 agat
630 1884 790 1953 monachus,
816 1885 867 1942 nisi
880 1887 956 1958 qnod
1010 1885 1197 1959 apostatando.
1222 1886 1317 1942 Sedet
1337 1896 1399 1942 ante
1423 1900 1545 1958 quoque,
1577 1888 1641 1945 licet
1664 1904 1719 1946 non
1746 1878 1805 1947 sine

163 1969 313 2024 communis
339 1972 494 2027 monasterii
517 1973 622 2044 regula,
648 1974 690 2028 vel
707 1975 836 2044 majorum
852 1978 953 2031 cobor-
1010 1973 1324 2038 scandalo,totiustuam
1337 1974 1395 2029 sine
1414 1972 1499 2029 dubio
1513 1974 1547 2027 ad
1561 1973 1588 2029 id
1617 1975 1692 2047 quod
1707 1976 1806 2046 putasti

164 2064 254 2112 tantur
266 2060 387 2128 exempla
402 2059 476 2131 (lisq.
498 2061 525 2117 S.
539 2062 691 2129 Benedicti,
708 2077 767 2132 cap.
779 2063 818 2129 7).
836 2080 847 2114 ι
1011 2062 1115 2132 melius,
1136 2068 1246 2117 secutus
1259 2075 1289 2116 es
1313 2059 1514 2126 conscientiam,
1530 2061 1649 2133 quamsi
1671 2061 1703 2118 in
1720 2062 1806 2132 priori

200 2146 244 2200 ts.
264 2146 390 2218 Exceptis
405 2135 530 2217 proinde
543 2148 776 2216 cisterciensibus,
791 2162 817 2205 et
833 2150 880 2223 qni
893 2150 956 2205 illo·
1011 2150 1082 2207 bono
1102 2160 1129 2205 et
1141 2150 1204 2206 loco
1217 2157 1311 2207 eontra
1323 2150 1514 2207 conscientiam
1529 2165 1713 2223 permaneres,
1725 2166 1808 2224 qnan-

164 2249 225 2290 rum
244 2233 312 2290 iorte
326 2235 379 2291 ritu
395 2252 450 2292 non
471 2244 526 2291 tam
543 2236 634 2294 vivere
648 2238 798 2293 seeundum
813 2239 955 2313 Regulam,
1010 2254 1093 2311 quam
1106 2253 1201 2294 secure
1214 2237 1242 2293 id
1257 2253 1372 2308 posses:
1389 2237 1411 2292 si
1430 2253 1496 2295 sane
1518 2237 1582 2295 binc
1595 2238 1719 2295 eamdem
1735 2247 1807 2293 mam

164 2336 244 2395 quarn
259 2322 346 2395 ipsam
355 2340 387 2380 ex
398 2324 502 2398 integro
516 2341 584 2398 pure
598 2326 633 2381 ad
651 2325 771 2383 litteram
786 2328 836 2398 (uti
851 2343 880 2383 se
894 2342 958 2384 saue
1010 2327 1096 2397 ipsius
1109 2326 1299 2383 conscientiam
1319 2326 1432 2383 reddere
1444 2341 1566 2383 secumm
1584 2340 1693 2395 posses.

164 2407 303 2480 professos
334 2424 395 2467 asse
423 2411 527 2483 putant)
552 2419 645 2468 tenere
662 2422 758 2470 ourant
780 2415 836 2472 :de
858 2423 957 2473 cetero
1049 2418 1095 2473 51.
1122 2412 1292 2485 Quapropter
1318 2413 1392 2485 quod
1414 2413 1450 2470 da
1474 2412 1663 2479 manducante,
1697 2421 1724 2470 et
1755 2428 1809 2469 non

165 2496 301 2554 neminem
313 2498 470 2556 obedienter
489 2502 632 2574 degentem
647 2501 778 2575 regularis
792 2512 899 2561 moveat
912 2519 959 2560 so·
1017 2505 1194 2560 manducante
1207 2503 1326 2559 decernit
1337 2502 1482 2574 aposolm
1495 2500 1584 2572 (Rom.
1599 2517 1652 2568 rte,
1668 2505 1705 2570 3),
1722 2518 1810 2557 usur-

166 2586 319 2657 lamnisque
334 2587 477 2659 professio,
502 2588 529 2643 in
548 2604 602 2661 qua
617 2605 671 2646 non
690 2589 719 2646 fit
742 2590 777 2647 de
792 2598 846 2648 tote
860 2591 963 2664 Regula
1018 2601 1150 2664 pemnset
1168 2608 1219 2649 nos
1233 2592 1261 2647 in
1275 2597 1376 2648 nostrae
1388 2592 1469 2662 hujus
1492 2585 1728 2662 disputatiunculis
1743 2604 1813 2646 con-

168 2673 322 2745 promissio,
342 2675 369 2730 in
397 2676 439 2731 tus
466 2677 595 2733 duntaxat
618 2679 786 2736 monasteriis
813 2679 841 2735 in
864 2680 962 2753 quibus
978 2655 1145 2751 celusione,
1162 2689 1191 2736 ut
1210 2690 1237 2737 et
1260 2681 1308 2751 qni
1335 2679 1444 2752 propria
1466 2678 1623 2750 impellente
1645 2672 1813 2736 conscientia

169 2759 235 2816 ordo
250 2769 277 2817 et
296 2761 438 2832 disciplina
461 2772 583 2821 servetur
609 2782 671 2822 cum
695 2767 772 2822 bonis
790 2767 964 2824 consuetudi·
1016 2786 1094 2827 suurn
1109 2769 1213 2826 deserit
1225 2770 1326 2836 locum,
1345 2784 1380 2824 ne
1398 2784 1476 2826 mum
1495 2767 1579 2839 (qued
1602 2766 1690 2838 putat)
1707 2766 1813 2823 desem

125 2852 139 2875 ⁸
170 2847 261 2906 nibus.
286 2849 366 2905 Salva
391 2851 475 2926 igitur
500 2853 596 2925 cuique
621 2869 669 2909 sua
684 2865 775 2912 manet
789 2856 817 2910 in
832 2856 964 2912 coenobiis
1015 2866 1193 2926 votum3non
1205 2858 1378 2915 deserentem
1394 2872 1447 2915 non
1462 2865 1592 2928 spernat:
1611 2854 1696 2927 etqui
1716 2871 1813 2912 secura

171 2936 242 2994 bene
256 2936 387 2994 ordinatis
400 2939 541 3011 professio,
558 2951 659 2999 tanturn
673 2943 696 2998 si
709 2958 773 2999 sana
788 2942 903 3001 lueritet
921 2945 963 3000 iu·
1016 2946 1180 3003 conscientia
1206 2944 1354 3000 fraternum
1386 2945 1546 3001 scandmum
1580 2942 1687 3014 timens,
1712 2941 1812 2999 intres

160 3024 266 3101 ¹tentio.
282 3027 413 3084 Caeterum
428 3031 473 3103 qui
483 3031 618 3102 inquietus
632 3040 682 3104 est,
697 3040 725 3089 et
737 3031 774 3088 ita
784 3033 894 3090 credere
909 3047 963 3089 non
1015 3049 1072 3112 non
1085 3033 1187 3090 deserit
1197 3049 1206 3104 3
1217 3033 1383 3088 deserentem
1400 3047 1453 3088 non
1473 3031 1586 3101 judicet.
1603 3030 1637 3085 Et
1661 3029 1697 3085 de
1716 3024 1760 3086 bis
1775 3045 1814 3086 me

171 3119 277 3186 potest;
294 3115 342 3170 sed
370 3118 455 3189 magis
468 3119 582 3177 credens
592 3127 619 3175 et
629 3123 727 3178 cedens
742 3120 889 3179 stimulanti
902 3138 964 3180 con·
1018 3123 1130 3195 accipite
1144 3121 1295 3193 sanequod
1310 3121 1399 3179 sentio
1427 3118 1609 3191 respondisse,
1624 3119 1685 3173 sine
1708 3119 1813 3191 prasiu-

170 3202 290 3260 scientiae
305 3205 370 3272 exit,
385 3214 413 3262 et
432 3207 529 3278 querit
543 3209 588 3264 ubi
613 3208 701 3266 soluat
713 3209 787 3282 quod
801 3226 851 3266 suo
862 3211 888 3265 in
903 3211 964 3268 loco
1018 3212 1090 3268 dicio
1104 3209 1197 3268 sanius
1210 3209 1361 3266 sentientis.

183 3293 222 3346 cl.
239 3292 393 3349 soluatvota
407 3308 457 3349 sua
470 3293 550 3367 quel,
566 3310 616 3351 suo
636 3296 726 3368 ntique
742 3296 965 3368 judiciouoverat
1305 3293 1416 3351 CAPUT
1434 3291 1519 3348 xvll.

172 3378 296 3449 quidem,
321 3380 370 3436 sed
396 3397 451 3437 non
474 3381 591 3439 solverat
612 3385 703 3440 :sicut
725 3399 780 3441 uon
797 3385 880 3442 laudo
894 3385 967 3457 qood
1022 3381 1294 3456 lccmchoedam
1307 3399 1345 3441 sac
1357 3379 1643 3452 commimscuntur
1653 3379 1811 3452 respondes.

173 3466 323 3538 egreditur,
339 3467 377 3523 ita
405 3477 434 3524 ut
448 3469 617 3538 regrediatur
629 3485 685 3526 non
701 3472 822 3543 consulo,
838 3473 861 3530 si
879 3485 968 3531 temen
1057 3477 1102 3531 111.
1117 3473 1184 3529 item
1198 3470 1343 3544 postulatis
1355 3468 1461 3526 absolsi
1478 3467 1568 3538 vobis,
1588 3482 1638 3523 cur
1653 3467 1697 3524 vel
1724 3468 1816 3524 beatm

176 3553 208 3609 ad
235 3562 372 3611 remotum
397 3555 574 3630 ignotumque
597 3562 788 3618 monasterium
803 3564 966 3639 migraterit.
1022 3561 1171 3637 Gregorius
1186 3560 1276 3618 nescio
1297 3575 1375 3632 <luem
1393 3555 1563 3622 venantium,
1583 3554 1703 3611 habiturn
1724 3571 1817 3611 mona-

175 3643 230 3700 Cur
244 3644 281 3699 ita
295 3645 310 3700 1
324 3645 778 3725 TnmpropterPaulisententiam,
792 3669 846 3724 qua
861 3655 970 3710 beatum
1023 3653 1141 3719 chalem,
1162 3665 1246 3721 quem
1268 3648 1313 3719 pie
1331 3653 1497 3717 susceperat,
1523 3642 1658 3717 impieque
1680 3645 1815 3715 reiecerat,

174 3732 318 3789 manifeste
343 3734 507 3804 pronuntiat,
530 3737 574 3805 qui
598 3753 626 3792 se
650 3738 737 3810 ipsum
758 3757 811 3797 non
822 3742 927 3812 judicat
942 3742 969 3799 in
1024 3756 1079 3798 non
1098 3740 1186 3797 solnm
1200 3751 1341 3794 resumere
1362 3749 1416 3789 uon
1432 3731 1532 3805 coegit,
1547 3733 1596 3787 ssd
1613 3729 1696 3788 edam
1712 3745 1817 3787 omnen

174 3838 208 3880 eo
223 3825 298 3895 quod
313 3822 505 3894 probetfflom.
525 3840 584 3894 arr,
600 3827 644 3898 111
668 3845 674 3882 :
695 3836 753 3886 turn
772 3846 806 3885 ex
823 3830 908 3886 nostri
923 3845 972 3887 au·
1024 3829 1123 3902 legitur
1150 3826 1296 3883 indulsisse
1322 3822 1541 3881 communionem
1565 3826 1697 3891 apostatas
1721 3819 1819 3888 perdu-

175 3911 298 3967 ctoritate
311 3912 446 3984 magistri,
459 3915 505 3986 qui
521 3914 602 3971 talem
618 3923 644 3971 et
657 3916 756 3987 suscipi
768 3917 855 3990 iubet,
873 3927 898 3973 et
913 3921 973 3974 reti·
1026 3916 1176 3989 rantiiiib.
1195 3931 1216 3986 r,
1231 3915 1311 3987 epist.
1327 3916 1377 3978 33;
1396 3911 1443 3967 lib.
1464 3926 1506 3982 rs,
1530 3908 1600 3981 epist
1624 3910 1670 3974 252
1694 3909 1755 3979 ³¹),
1780 3907 1818 3963 ¹0¹

173 3998 250 4066 neri;
267 4000 405 4058 inventurn
420 4017 527 4074 quoqne
552 4004 654 4068 bonum
683 4015 711 4063 et
738 4006 828 4063 utilem
843 4009 972 4064 suasione
1026 4014 1135 4063 sanctus
1150 4003 1318 4077 Augustinus
1331 3998 1453 4072 conjugii
1466 3997 1521 4070 legi
1537 4005 1629 4054 votum
1642 3996 1820 4069 quodammo

214 4087 260 4156 ici,
290 4089 458 4161 professione
495 4092 589 4165 ligari.
612 4093 735 4166 Denique
774 4096 928 4152 suadeatur.
956 4088 1063 4166 »ndo
1077 4092 1203 4164 subjiciat
1219 4089 1407 4160 continentiae3
1422 4089 1459 4144 ita
1477 4094 1507 4141 ut
1522 4087 1549 4143 in
1568 4083 1639 4142 libro
1653 4083 1821 4158 deVrrgini·

169 4175 299 4248 10111111·
316 4184 346 4233 ut
360 4187 413 4235 stet
432 4180 507 4254 (Req-
528 4180 775 4254 ssenecesteap,
791 4187 847 4255 61).
866 4205 877 4234 »
893 4185 927 4240 Et
943 4201 976 4241 ue
1031 4194 1083 4240 tete
1117 4195 1238 4236 asserere
1262 4179 1393 4242 rideatur,
1416 4191 1466 4232 nec
1497 4173 1599 4232 celibis
1630 4173 1744 4244 quidem
1763 4171 1822 4231 sita

178 4265 249 4323 iorte
263 4265 359 4336 prioris
373 4265 415 4320 sni
442 4269 597 4326 monasterii
618 4285 730 4341 mernor,
750 4274 930 4341 remordente,
946 4284 975 4329 ut
1030 4273 1200 4345 propositum
1231 4267 1336 4339 copulis
1365 4281 1444 4336 posse
1472 4264 1648 4338 prescribere
1675 4261 1821 4335 conjugali.

181 4352 291 4421 assolet,
320 4355 496 4423 conscientia,
512 4358 624 4429 incipiat
639 4359 730 4416 denuo
752 4361 878 4434 derupta
893 4363 974 4418 stubi·
1029 4357 1176 4430 quominus
1190 4353 1380 4411 indissolubile
1394 4359 1510 4418 maneat,
1526 4352 1608 4408 etiam
1622 4348 1696 4423 quod
1718 4366 1735 4405 a
1758 4365 1823 4405 cou-

172 4435 255 4500 litate
281 4442 384 4501 causari
407 4443 497 4515 (108);
531 4447 681 4518 generalem
705 4463 789 4520 super
819 4449 974 4520 huiusmodi
1029 4444 1188 4509 sinentibus,
1201 4441 1312 4498 fallente
1325 4439 1444 4508 diabolo,
1464 4438 1552 4496 tracto
1580 4436 1735 4494 uastitatis
1753 4445 1823 4499 notri,

180 4536 308 4609 scrupulo
333 4532 542 4592 consolatoriam
554 4533 655 4607 proten
678 4538 974 4605 sententiam,dicens;
1026 4534 1125 4596 initum
1144 4529 1224 4586 suerii
1239 4527 1440 4584 maifimffllium
1455 4526 1541 4599 (¹¹⁰)·
1562 4525 1595 4582 ss‘
1618 4524 1654 4581 *ἃ
1681 4526 1742 4580 ¹²⁸⁶
1759 4523 1823 4581 ΒΜ

184 4623 374 4699 1111111πί11
387 4623 441 4679 oni
460 4624 514 4682 lico
529 4622 719 4691 seruiturmni
734 4626 800 4697 Regi
813 4625 972 4682 militatur.
1027 4623 1061 4678 ad
1071 4633 1190 4691 presens
1204 4616 1306 4673 cenius
1320 4615 1485 4686 breuiusque
1500 4610 1722 4687 respondendum
1732 4626 1825 4670 occur-

217 4739 292 4810 (1118)
309 4738 388 4794 Tales
416 4736 525 4793 inerunt
537 4735 576 4794 illi
593 4738 716 4795 monachi
730 4738 762 4793 ad
780 4738 973 4795 Pontiniacen-
1026 4735 1189 4809 Burgundio
1230 4731 1388 4805 magistrum
1415 4731 1515 4803 arguit,
1539 4745 1604 4815 litg-
1632 4728 1713 4812 ¹⁰⁶7,
1750 4727 1821 4801 (1¹¹⁰d

180 4825 224 4866 ses
237 4809 368 4876 translati,
393 4807 426 4863 ad
458 4823 527 4880 quos
552 4807 685 4885 insignem
710 4810 803 4865 scribit
831 4809 973 4880 epistolam
1026 4807 1176 4867 manmena
1190 4809 1273 4878 atque
1286 4802 1424 4860 moniales
1456 4801 1652 4875 estpobtacarm
1666 4805 1823 4884 stssmussts

180 4881 275 4938 Petrus
290 4880 429 4948 cellensis,
444 4879 473 4934 in
485 4887 563 4945 ‚torno
576 4880 600 4934 lt
620 4880 768 4951 Spieilegii,
783 4895 844 4953 pag.
860 4882 972 4946 lii,ubi
1025 4878 1206 4953 professionis
1214 4876 1424 4945 coronacione
1443 4872 1825 4930 omnesomnsseratansu

169 4952 242 5019 ‚ride
256 4961 284 5008 et
296 4951 363 5007 duas
376 4959 530 5021 sequentes.
1025 4942 1820 5027 oincslomposssmctmmoniomcontrqbereamereret:

215 5023 291 5095 (tos)
307 5021 569 5093 Quantasiiernardo
588 5021 659 5077 rixas
672 5020 828 5078 lacesserint
838 5022 973 5092 ejusmodi
1028 5034 1082 5078 tum
1098 5036 1131 5076 es
1145 5018 1259 5076 concilio
1274 5019 1400 5098 liemonsi
1421 5016 1471 5072 sub
1489 5013 1612 5085 lingeuro
1625 5013 1738 5098 llbubs
1756 5025 1822 5082 qus·

180 5095 375 5164 susceptiones,
391 5092 470 5150 uariae
484 5093 600 5164 probant
612 5094 671 5163 ejus
684 5092 816 5164 epistolae,
832 5108 927 5164 nempe
944 5097 971 5164 3,
1028 5093 1099 5150 modi
1114 5089 1283 5146 matrimonia
1297 5088 1373 5143 irrita
1390 5103 1421 5142 ac
1441 5087 1514 5142 nulls
1537 5101 1596 5141 esse
1619 5084 1718 5140 delrnrt
1739 5095 1823 5139 canori

181 5167 226 5235 32,
237 5166 283 5230 ³³,
299 5168 334 5222 65
348 5180 410 5223 eum
428 5162 512 5220 tribus
525 5180 585 5235 sqq.
602 5164 664 5220 itern
685 5167 748 5235 153,
762 5166 825 5235 193,
840 5166 904 5233 313,
920 5168 973 5222 395
1024 5168 1052 5231 t,
1068 5163 1148 5221 etiam
1166 5161 1195 5217 in
1214 5158 1511 5231 Conversisproiessis.
1529 5157 1623 5228 Longe
1636 5162 1699 5235 ante
1711 5153 1824 5233 Grego-

181 5243 209 5291 et
220 5237 283 5292 396.
298 5236 397 5293 Censor
411 5233 541 5307 epistolas
555 5236 590 5292 at
604 5241 632 5289 et
646 5236 709 5300 stt,
725 5245 751 5292 et
778 5236 893 5291 maxime
907 5235 974 5291 Cas·
1026 5237 1083 5290 rius
1098 5237 1211 5303 Magnus
1236 5231 1392 5298 monachos,
1418 5229 1464 5304 qui
1490 5241 1591 5310 uxores
1618 5226 1772 5309 dusmsem,
1799 5239 1825 5276 ιιι

182 5307 295 5372 sianum,
306 5306 403 5363 Colias.
425 5308 468 5372 ld,
480 5321 540 5374 cap.
556 5308 573 5360 d
587 5317 613 5361 at
627 5322 688 5377 sqq.
1027 5304 1222 5362 monasterium
1238 5301 1358 5357 reuocari
1375 5303 1453 5381 jubet
1469 5301 1496 5355 in
1518 5299 1601 5380 lib-,¹2
1628 5296 1747 5367 epistola
1767 5294 1803 5350 dd
1819 5310 1826 5346 :

218 5375 292 5446 (11111
307 5378 489 5447 Qnaestionem
516 5376 584 5432 hanc
598 5377 725 5433 beroardi
741 5392 800 5433 aeuo
814 5377 898 5435 inisse
913 5393 974 5432 sen·
1026 5377 1137 5433 eosdem
1165 5390 1230 5431 vero
1253 5380 1470 5429 excommunicat
1498 5373 1643 5428 concilium
1671 5365 1828 5423 cenesae-

184 5446 285 5503 tilstanr
313 5457 386 5521 patet
426 5455 480 5501 tum
513 5463 546 5500 es
575 5447 727 5516 abelardo,
756 5448 802 5517 qui
830 5448 973 5521 quemdam
1032 5461 1126 5514 nense,
1142 5460 1202 5503 ean.
1215 5447 1259 5501 to.
1275 5443 1358 5499 Paulo
1372 5441 1510 5499 dissirmlis
1528 5448 1570 5498 est
1590 5432 1747 5514 argumenti
1760 5435 1832 5493 ser·
