3728 5940
63 192 121 254 193
800 185 976 247 sublone.
1663 201 1715 261 19)

62 322 159 385 selus,
184 318 250 382 tuis,
267 330 321 370 uon
345 316 465 385 ipsorum
485 312 642 370 excessibus
660 310 1022 392 succensebant,flolficina
1048 311 1143 369 studiis
1171 313 1276 370 ridetur
1305 316 1454 387 mancipata
1476 319 1640 392 coelestibus,
1658 325 1713 382 imo

62 408 211 478 solamque
226 405 254 460 in
271 419 412 477 personam
428 412 511 469 tuam,
527 418 581 458 non
594 402 673 459 etiam
690 403 717 457 in
731 402 866 457 abbatiam
915 418 963 458 sua
977 402 1171 459 Deohabitatio
1187 404 1307 472 reddita;
1324 413 1360 472 et,
1372 406 1399 461 in
1416 405 1442 460 id
1458 409 1550 479 potius
1563 414 1637 484 qnod
1652 422 1713 472 ante

61 498 218 554 fraternum
242 494 395 549 susurrium
418 491 648 548 immurmurabat.
665 490 760 548 Solum
786 491 867 545 deui—
916 491 974 557 fnit,
990 507 1022 546 ax
1036 507 1175 566 synagoga
1189 493 1295 549 snana
1310 494 1442 551 restituta.

61 603 119 661 que
144 595 171 642 te
196 584 223 638 in
248 599 356 640 causam
371 590 541 640 vocaverant.
562 582 602 638 Tu
618 589 644 637 tc
659 582 824 651 corrigeres,
856 588 866 635 t
951 584 978 637 b.
994 581 1065 636 Sane
1087 597 1141 637 non
1164 582 1197 635 ad
1216 582 1400 639 conlusionem
1415 585 1568 656 cujuspiam
1591 591 1648 647 sive
1663 592 1716 648 im·

61 678 101 732 nil
127 672 358 743 residuumquod
383 679 487 741 pateret
510 670 866 742 calumniae.Tc,inquam,
919 668 1072 740 properium
1100 670 1235 738 preterita
1262 673 1331 727 mala
1360 674 1515 742 reteximus,
1542 677 1590 731 sed
1619 688 1658 745 ut,
1684 697 1717 737 ex

63 771 181 831 mutmo,
201 777 266 816 moa
290 761 380 816 omnis
401 759 531 816 tumultus
554 760 722 831 concideret,
742 759 868 830 quiesce·
918 760 1118 831 comparatione
1140 768 1268 824 veterum,
1290 761 1417 818 novitatis
1434 762 1515 822 decus
1530 772 1641 836 gravius
1663 787 1717 828 ve-

62 863 107 910 ret
128 852 271 923 strepitus.
296 849 445 920 Solemque
473 864 504 904 ac
524 857 611 904 totum
638 856 696 904 erat
711 847 783 921 quod
812 845 868 904 79
919 850 1080 921 nustiusque
1098 858 1238 920 appareat,
1255 851 1319 921 quia
1344 861 1406 908 tunc
1426 856 1547 910 recentia
1568 858 1718 927 jucundius

63 960 117 1000 nos
131 942 271 1005 monebat,
298 947 362 994 tuus
380 939 427 995 ille
453 939 554 994 scilicet
577 939 686 994 habitus
700 947 727 994 et
748 954 868 1009 appara·
919 938 993 995 bona
1008 940 1168 1010 clarescunt,
1183 953 1245 994 cnm
1261 938 1360 995 luerint
1373 942 1452 997 malis
1467 957 1623 1014 comparata
1638 948 1715 1017 prio-

63 1042 186 1089 tuscum
207 1027 377 1101 procederes,
400 1028 473 1099 quod
495 1028 577 1097 paulo
600 1025 760 1082 insolentior
784 1041 868 1098 appa·
920 1026 1005 1083 ribus.
1032 1025 1134 1081 Similia
1163 1043 1196 1082 ex
1224 1027 1358 1085 similibus
1391 1029 1580 1101 innotescunt,
1610 1036 1658 1089 sad
1687 1052 1720 1093 ex

64 1127 141 1178 reret
155 1122 245 1191 (illo).
268 1116 391 1188 Denique
406 1115 557 1186 deponeres
572 1116 681 1183 lastum,
697 1114 870 1186 habitumque
921 1116 1064 1172 contrariis
1088 1118 1222 1173 contraria
1237 1127 1284 1173 aut
1298 1119 1403 1187 placent
1423 1121 1548 1194 amplius,
1564 1133 1609 1180 aut
1624 1125 1721 1197 displi-

66 1218 203 1277 mutares,
217 1217 245 1264 et
268 1205 348 1262 iacile
362 1203 483 1261 omniurn
507 1206 648 1276 quiescere
670 1211 775 1274 poterat
798 1202 871 1257 indi·
922 1211 993 1260 cent.
1008 1205 1097 1276 lunge
1118 1207 1197 1279 nigra
1222 1207 1353 1275 candidis,
1370 1220 1397 1266 et
1420 1222 1512 1269 mutus
1527 1215 1669 1273 collatione
1692 1218 1722 1272 in

65 1301 173 1376 gestio.
198 1300 331 1355 Caeterum
351 1302 424 1351 tuat
447 1295 534 1349 fecisti
557 1293 621 1349 satis
645 1293 829 1359 causantibus,
845 1302 872 1350 et
922 1296 1034 1367 proprio
1062 1312 1170 1369 quoque
1197 1297 1287 1354 colore
1317 1298 1470 1357 distinctius
1495 1305 1655 1362 enitescunt.
1677 1306 1722 1363 Sic

67 1389 197 1461 adjecisti
221 1389 294 1461 quod
319 1385 415 1442 merito
428 1383 627 1440 collaudemus.
643 1383 712 1453 Quid
728 1383 801 1439 enim
814 1386 870 1454 jam
924 1382 997 1438 loerla
1018 1386 1125 1440 admota
1150 1385 1282 1456 pulchris,
1304 1388 1460 1456 pulchriora
1485 1392 1614 1467 reddunt,
1635 1395 1723 1467 magis

66 1480 95 1534 in
120 1476 247 1533 humanis
261 1474 391 1547 operibus
410 1475 470 1543 jure
484 1473 646 1542 laudabitur,
661 1472 686 1528 si
700 1473 751 1529 boc
766 1487 872 1528 summa
924 1471 996 1528 loeda
1012 1474 1169 1534 redduntur.
1185 1475 1225 1530 Ne
1243 1492 1296 1547 qna
1311 1485 1400 1533 tamen
1422 1479 1582 1537 offensionis
1597 1485 1637 1539 vei
1652 1500 1721 1540 con·

68 1567 250 1624 admiratione
274 1573 301 1620 et
326 1563 405 1619 laude
432 1562 623 1634 dignissimum
650 1579 706 1618 non
735 1563 872 1619 haberant
925 1557 1038 1616 lusionis
1056 1564 1184 1633 subrepat
1202 1564 1318 1630 occasio,
1336 1565 1498 1633 replicamus
1520 1575 1547 1622 et
1571 1585 1621 1625 nos
1643 1571 1723 1627 robis

67 1659 233 1730 Quanquam
246 1671 301 1711 uon
324 1656 482 1720 humanum,
503 1653 549 1708 sed
565 1652 687 1708 divinum
702 1653 821 1724 prolecto
835 1652 873 1709 sit
887 1637 910 1717 Β
925 1649 991 1704 illuc
1000 1650 1138 1719 Apostoli:
1150 1653 1240 1707 Etboc
1249 1651 1528 1724 quidemsciatia,sed
1539 1657 1721 1727 allubentia,

69 1763 153 1820 opus,
174 1754 309 1801 tantorum
324 1742 403 1799 simul
426 1749 453 1797 et
476 1752 530 1798 tam
553 1743 696 1813 repentina
710 1742 870 1798 immutatio.

68 1838 102 1892 ln
118 1835 278 1892 coelestibus
292 1848 421 1905 maguum
436 1832 549 1888 suscitat
562 1832 691 1905 gaudium
707 1832 789 1888 unius
805 1848 872 1900 pec·

69 1924 177 1980 catoris
190 1922 349 1989 comersi03
369 1920 433 1991 qnid
450 1920 531 1977 totius
552 1921 793 1992 congregationis?
807 1921 872 1991 quid

70 2024 100 2072 et
115 2010 219 2069 istius?

109 2101 139 2159 1.
154 2102 244 2157 Locus
255 2100 356 2172 qnippe
370 2099 405 2154 ab
428 2098 539 2169 antiquo
553 2099 662 2169 nobilis,
677 2107 704 2154 et
725 2099 807 2173 regia
827 2099 869 2154 di-

70 2191 186 2266 gnitatis
207 2191 362 2256 exstiterat;
378 2190 470 2259 palatii
494 2190 581 2245 causis
600 2205 751 2263 regumque
766 2190 871 2245 exerci-

71 2283 145 2338 tibus
168 2279 307 2335 deserrire
323 2278 438 2334 solebat.
462 2277 526 2333 Sine
540 2278 709 2334 cunctatione
723 2290 750 2333 et
765 2277 869 2348 fraude,

68 2387 122 2427 sna
142 2369 243 2426 Caesari
261 2369 463 2434 reddebantur;
484 2369 531 2423 sed
554 2383 610 2423 non
634 2367 715 2423 etiam
738 2369 795 2425 Deo
811 2385 872 2439 qum

69 2461 119 2516 Dei
134 2468 199 2514 snut
219 2458 439 2530 persolvebantur
453 2472 531 2527 aeque
555 2455 671 2513 fideliter
686 2458 773 2526 (217).
794 2457 871 2524 Quod

69 2549 236 2615 andivimus,
252 2562 307 2603 non
320 2547 391 2619 quod
405 2547 531 2612 vidimus,
548 2546 686 2619 loquimur
700 2564 706 2604 :
722 2548 871 2603 claustrum

70 2637 161 2708 ipsum
182 2636 339 2692 monasterii
364 2635 527 2705 frequenter,
545 2642 574 2689 ut
588 2634 672 2701 aiunt,
688 2634 782 2706 stipari
797 2636 869 2691 mili-

70 2727 154 2796 tibus,
171 2724 263 2797 urgeri
277 2724 403 2796 negotiis,
419 2723 516 2795 jurgiis
540 2737 695 2794 personare,
711 2732 806 2795 patere
824 2725 869 2779 in-

70 2815 180 2872 terdnm
201 2821 229 2871 et
249 2813 366 2869 leminis.
395 2810 466 2880 Quid
489 2812 558 2868 inter
583 2814 639 2868 baec
662 2812 780 2879 coeleste,
806 2815 869 2884 quid

71 2904 208 2972 diuinum,
234 2903 300 2975 quid
327 2901 466 2974 spirituale
491 2909 597 2972 poterat
623 2902 770 2977 cogitari?
792 2903 870 2960 Nunc

925 1739 973 1795 scd
984 1741 1156 1811 soractificntr'
1165 1741 1230 1796 estis
1238 1742 1263 1809 (I
1270 1743 1331 1797 Cor.
1343 1757 1381 1811 vr,
1391 1746 1446 1811 11).
1457 1746 1514 1799 Jam
1531 1746 1619 1801 nuilus
1629 1762 1719 1803 smcu·

925 1829 1027 1883 laribus
1041 1828 1069 1883 iu
1084 1831 1194 1883 domum
1210 1830 1258 1884 Dei
1275 1840 1345 1900 patet
1360 1831 1459 1898 aditus,
1475 1834 1565 1890 nullus
1580 1835 1614 1889 ad
1628 1846 1721 1892 sancta

926 1919 1039 1973 curiosis
1053 1934 1189 1975 accessus.
1201 1919 1283 1974 Nulla
1303 1921 1359 1989 jam
1373 1936 1433 1975 cum
1449 1923 1543 1978 otiosis
1566 1923 1722 1982 confabula-

926 2011 963 2066 tio
991 2010 1183 2076 permiscetur,
1210 2009 1304 2065 solitus
1333 2026 1479 2079 puerorum
1508 2023 1554 2068 aut
1573 2012 1722 2084 puellarum

925 2100 1054 2172 strepitus
1073 2114 1127 2154 non
1149 2100 1265 2155 auditur.
1282 2099 1353 2155 Solis
1376 2101 1470 2171 pueris
1484 2102 1592 2168 Christi,
1608 2104 1642 2159 de
1661 2105 1723 2175 qui-

925 2189 976 2243 bus
990 2187 1098 2254 dicitur,
1114 2191 1182 2246 Ecce
1192 2205 1239 2260 epo
1263 2194 1290 2246 et
1298 2190 1383 2260 pueri
1393 2191 1450 2246 naci
1460 2206 1569 2248 mecum
1581 2193 1645 2262 (Iso.
1657 2207 1721 2261 vnr,

926 2280 982 2347 18),
1010 2278 1085 2332 loeus
1114 2283 1224 2332 sanctus
1253 2276 1359 2346 pervius
1387 2288 1413 2333 et
1445 2281 1593 2347 expositus,
1623 2280 1722 2336 divinis

925 2373 1029 2421 tantum
1058 2365 1184 2420 laudibus
1210 2382 1241 2421 ac
1269 2366 1353 2420 sacris
1372 2367 1507 2423 solvendis
1535 2368 1614 2436 votis,
1629 2369 1721 2426 debita

925 2453 1104 2510 sollicitudine
1129 2463 1156 2509 et
1186 2454 1334 2509 reverentia
1361 2456 1519 2512 custoditur.
1546 2457 1632 2526 Quam
1660 2458 1722 2513 lacta

927 2534 1056 2613 martyres
1084 2558 1159 2607 aure,
1185 2558 1300 2612 quorum
1320 2544 1484 2614 permaxima
1514 2546 1604 2603 locum
1631 2553 1721 2618 ipsum

926 2633 1005 2689 turba
1028 2633 1158 2698 nobilitat,
1183 2633 1281 2689 horum
1305 2635 1436 2689 clamores
1458 2651 1602 2704 puerorum
1622 2639 1722 2709 strepi·

926 2732 1021 2793 tuaque
1041 2720 1099 2778 stt
1118 2722 1287 2794 percipiuntl
1305 2721 1403 2793 quibus
1423 2732 1450 2780 et
1463 2723 1583 2782 vicissim
1599 2740 1653 2782 non
1666 2726 1722 2782 mi·

927 2813 986 2868 nori
1012 2812 1104 2884 utique
1133 2828 1190 2867 suae
1214 2811 1365 2869 allectionis
1383 2814 1501 2871 clamore
1528 2816 1722 2888 respondent:

926 2903 1058 2966 tondete,
1076 2904 1170 2973 pueri,
1184 2904 1348 2966 Dominum
1367 2903 1479 2961 modste
1496 2920 1600 2963 nomen
1610 2905 1724 2963 Domina

70 3006 138 3050 vcro
161 2998 271 3048 racatm
296 2990 359 3045 inibi
381 2992 446 3058 Deo,
470 2990 595 3047 studetur
618 2992 802 3058 continentiae,
825 2993 869 3048 di·
889 2960 1012 3058 fiarent.
1023 3005 1089 3057 carr,
1101 2992 1127 3059 1)
1139 2999 1190 3058 ;·et
1206 3007 1321 3055 rursum,
1333 2987 1450 3049 Psall'ite
1461 2995 1513 3050 Deo
1526 2999 1634 3058 nostro,
1649 2995 1722 3066 psab

70 3079 196 3152 sciplinae
215 3079 380 3152 invigilatur,
399 3078 560 3136 lectionibus
582 3079 682 3135 sanctis
707 3080 868 3140 intenditur.

68 3169 138 3243 luge
160 3168 262 3240 quippe
285 3167 429 3235 silentium,
445 3176 471 3221 et
484 3168 517 3220 ab
531 3167 605 3221 omni
624 3168 738 3240 strepitu
753 3172 866 3228 sacula-

70 3259 145 3315 rium
167 3264 294 3329 perpetua
309 3256 387 3328 quies
401 3256 475 3328 cogit
499 3255 619 3311 caelestia
633 3258 767 3312 meditari.
785 3261 868 3316 Porro

69 3347 245 3406 continentie
272 3344 349 3402 labor
375 3354 403 3401 et
427 3345 501 3417 rigor
528 3345 678 3418 disciptinae
706 3347 870 3417 psalmorum

70 3440 288 3510 hymnorumque
311 3435 452 3492 dulcedine
473 3436 635 3492 revelantur.
648 3436 738 3492 Pudor
751 3438 785 3494 de
800 3453 870 3509 prm-

71 3527 161 3584 teritis
184 3541 262 3583 novae
285 3523 500 3582 conuersationis
524 3532 657 3595 temperat
674 3527 869 3584 austeritatem.

72 3618 100 3673 is
127 3625 218 3674 autem
241 3616 287 3686 qui
311 3614 483 3684 inpraesenti
511 3629 559 3682 per
588 3615 742 3685 patientiam
767 3617 871 3686 capitur

72 3707 153 3764 bonae
173 3705 343 3762 conscientia
357 3701 470 3767 tructus,
486 3701 638 3759 futurorum
654 3719 764 3773 quoque
779 3705 869 3760 bono-

72 3812 135 3852 rum
162 3801 287 3869 operatur
314 3792 485 3860 desiderium,
504 3790 579 3863 quod
606 3806 662 3848 non
691 3792 871 3862 frustrabitur,

72 3897 101 3940 et
115 3899 204 3957 spem,
220 3899 281 3955 quae
303 3897 357 3938 nou
379 3882 528 3938 confundit.
551 3879 663 3935 Venturi
679 3880 759 3936 timor
770 3882 871 3946 judicii

927 3080 991 3148 lile;
1006 3080 1120 3151 psallite
1142 3081 1200 3148 rapi
1224 3084 1330 3148 cnara,
1347 3081 1462 3153 psallite
1476 3083 1564 3152 (Psoi.
1584 3098 1661 3152 xavr,
1677 3085 1719 3153 7).

961 3172 987 3224 6.
1016 3168 1087 3223 Dum
1110 3168 1234 3223 manibus
1261 3176 1379 3237 pectora,
1408 3170 1536 3241 genubus
1567 3171 1720 3243 pavimenta

925 3257 1082 3328 tunduntur,
1099 3256 1169 3315 rotis
1194 3263 1220 3311 et
1241 3256 1345 3312 devotis
1364 3258 1488 3327 precibus
1507 3259 1600 3315 altaria
1618 3275 1718 3315 eumu-

926 3348 1023 3416 lantur,
1039 3347 1149 3402 sordent
1171 3360 1248 3416 genae
1262 3345 1399 3417 lacrymis,
1415 3347 1561 3419 gemitibus
1575 3357 1655 3422 atque
1669 3366 1720 3405 su-

925 3436 1015 3508 spiriis
1030 3436 1155 3508 mugiunt
1171 3434 1330 3502 diversoria,
1346 3445 1372 3492 et
1388 3452 1436 3508 pro
1452 3435 1606 3496 forensibus
1621 3439 1719 3506 causis,

925 3526 1037 3584 canticis
1059 3524 1245 3596 spiritualibus
1272 3540 1350 3581 sacra
1373 3534 1441 3582 tecta
1456 3527 1600 3594 resultant,
1616 3527 1654 3584 nil
1672 3546 1722 3585 su-

925 3616 1017 3687 pernis
1030 3615 1135 3672 civibus
1149 3615 1235 3689 magis
1254 3621 1377 3687 spectare
1393 3616 1466 3683 libet,
1484 3616 1521 3673 nil
1537 3616 1605 3692 Regi
1615 3634 1722 3676 summo

922 3705 1069 3774 jucundius
1078 3702 1285 3771 exibetur.Qnid
1297 3704 1368 3758 enirn
1380 3704 1453 3759 alind
1467 3706 1591 3779 estquod
1608 3709 1662 3763 ait:
1677 3710 1724 3767 Sa·

924 3793 1066 3862 orificium
1083 3792 1176 3850 tondis
1192 3792 1465 3862 honorificabitme?
1478 3796 1565 3865 (Pscl.
1576 3811 1653 3868 xcix,
1664 3799 1722 3868 23.)

925 3885 948 3940 0
968 3883 1064 3954 siquis
1083 3883 1192 3937 haberet
1206 3882 1300 3937 oeulos
1314 3891 1432 3952 apertos,
1448 3899 1516 3954 quos
1539 3887 1642 3941 orando
1656 3901 1725 3955 pro-

72 3974 120 4045 pio
147 3972 223 4029 cedit
248 3971 375 4028 fraternae
406 3969 542 4026 chantatis
568 3968 726 4041 exercitio;
755 3969 872 4026 charitas
925 3974 1005 4043 pheta
1032 3985 1118 4041 puero
1148 3967 1290 4025 revelaritl
1318 3969 1367 4038 (W
1389 3972 1452 4041 lice.
1478 3985 1508 4027 vr
1534 3975 1591 4042 17.)
1620 3973 1725 4030 rideret

71 4062 174 4135 quippe
197 4060 271 4118 l'oras
293 4059 374 4115 mittit
393 4059 519 4115 timorem
543 4058 570 4129 (1
581 4059 662 4117 loon.
679 4072 719 4127 ιν,
737 4060 793 4129 18).
809 4058 870 4114 Tae·
926 4058 1123 4132 proculdubio
1146 4056 1373 4128 quemadmodum
1392 4058 1561 4129 preveniunt
1579 4060 1725 4132 principes

71 4152 150 4206 dium
170 4157 197 4207 et
215 4149 334 4207 acediam
358 4148 451 4221 procul
477 4147 554 4219 pellit
576 4157 730 4204 saucmrum
754 4149 872 4205 variatas
927 4150 1075 4222 conjuncti
1082 4146 1417 4221 psallentibus,iamedio
1423 4148 1646 4218 juvencularum
1655 4152 1725 4221 tyna·

73 4239 308 4297 observationum.
336 4238 370 4294 Et
390 4239 447 4292 baec
474 4237 622 4292 reteximus
648 4237 682 4292 ad
709 4236 817 4294 laudem
846 4246 873 4294 et
928 4242 1135 4313 ponisirt'oram
1151 4237 1726 4311 (Psol.xcvu,26).Viderat,inquam,qus

71 4328 190 4402 gloriam
206 4329 265 4397 Dei,
283 4337 407 4399 tanquam
422 4326 542 4382 omnium
558 4328 696 4395 auctoris;
712 4342 766 4383 non
784 4336 872 4384 tamen
888 4291 993 4386 'cura
1016 4343 1102 4400 quove
1127 4325 1246 4396 tripudio
1269 4326 1401 4383 intersunt
1422 4329 1600 4396 cantantibus,
1626 4329 1727 4386 adsunt

72 4420 133 4475 sine
148 4426 248 4487 restra,
269 4425 396 4490 tanquam
412 4416 498 4487 ipsius
511 4415 676 4486 coadjutoris
691 4417 718 4470 in
733 4417 872 4474 omnibus.
929 4420 1076 4483 orantibus,
1093 4418 1187 4472 insunt
1205 4416 1405 4483 meditantibus,
1419 4427 1566 4488 supersunt
1581 4419 1726 4491 quiescen-

72 4508 168 4564 Potuit
181 4508 290 4578 quidem
304 4523 335 4563 ea
350 4509 408 4577 ipse
427 4521 509 4578 agere
523 4506 582 4561 sine
598 4505 694 4576 robis;
718 4507 766 4561 scd
781 4506 875 4561 maluit
929 4508 1011 4575 tibus,
1026 4505 1213 4563 ordinantibus
1226 4511 1254 4560 et
1267 4505 1475 4575 procurantibus
1489 4514 1617 4578 praesunt.
1630 4509 1725 4581 Agno-

72 4613 124 4653 ros
135 4611 250 4668 operum
266 4597 363 4651 babere
376 4603 538 4661 consortem,
554 4605 585 4651 ut
599 4595 711 4651 haberet
728 4601 755 4649 et
768 4596 872 4669 glorias.
930 4603 1007 4653 scunt
1029 4595 1156 4651 nimirum
1180 4609 1304 4666 supernae
1327 4603 1489 4664 postestates
1509 4597 1633 4653 concives
1650 4612 1725 4667 suos,

73 4687 237 4756 increpabat
265 4685 388 4742 Salvator
406 4684 549 4755 quosdam,
575 4685 648 4756 quod
668 4686 799 4740 orationis
823 4685 874 4740 do·
930 4695 957 4741 ct
976 4699 1023 4755 pro
1038 4684 1081 4739 bis
1095 4685 1140 4756 qui
1164 4683 1346 4739 lxaereditatem
1361 4686 1470 4756 capiunt
1486 4685 1589 4753 salutis,
1610 4684 1726 4742 sollicite

74 4792 152 4831 mum
166 4775 320 4846 speluncam
334 4775 469 4829 latronum
485 4773 874 4845 lacerent(ldnttb.xxr,13).
929 4775 1112 4845 congaudent,
1132 4771 1294 4837 confortant,
1310 4772 1456 4839 instruunt,
1481 4777 1636 4844 protegunt,
1662 4787 1726 4843 pro·

75 4863 195 4920 Habebit
216 4877 284 4936 ergo
308 4863 366 4919 sine
390 4862 473 4918 dubio
496 4862 724 4934 commendatum,
738 4863 783 4934 qui
803 4877 876 4918 ere·
929 4863 1074 4934 ridentque
1089 4860 1215 4917 omnibus
1230 4875 1325 4918 ornnes
1340 4859 1368 4914 in
1387 4861 1521 4916 omnibus.
1540 4857 1658 4915 Felicem
1673 4875 1726 4935 ego

73 4955 160 5026 gione
176 4969 288 5025 operam
303 4953 377 5008 dedit
398 4953 534 5009 vindicare
557 4960 708 5008 sanctuma
727 4953 847 5019 canibus,
863 4969 878 5007 a
931 4969 973 5007 mc
987 4950 1102 5007 dixerim
1117 4949 1163 5020 qui
1178 4950 1266 5005 adhuc
1288 4951 1388 5016 viram,
1409 4948 1461 5002 ista
1486 4946 1537 5001 etsi
1552 4962 1608 5003 non
1623 4948 1727 5016 nidere,

71 5042 168 5117 porcis
181 5042 372 5115 margaritam
388 5042 467 5111 cujus
480 5040 570 5097 studio
584 5049 611 5096 et
621 5039 754 5096 industria
764 5040 877 5097 Vulcani
930 5042 1059 5114 quoniam
1087 5039 1187 5096 absens
1210 5055 1280 5108 sum,
1310 5043 1384 5093 certe
1399 5036 1441 5091 vel
1461 5034 1566 5094 audire.
1594 5037 1728 5096 Caeterum

111 5217 188 5286 (tto)
204 5213 282 5269 Forte
296 5214 331 5269 de
346 5215 406 5286 ipso
420 5212 624 5288 intelligendum
637 5209 709 5281 qnod
725 5209 879 5265 bernardus
934 5213 1013 5276 itas,
1029 5217 1059 5265 ut
1071 5211 1125 5280 jam
1142 5224 1223 5280 supra
1242 5205 1328 5261 fusius
1348 5203 1462 5261 relatum
1477 5214 1542 5263 est:
1561 5229 1573 5258 ι
1596 5207 1664 5262 Nam
1679 5223 1731 5280 per

72 5287 112 5343 ait
131 5288 161 5342 in
184 5286 326 5360 apologiae
350 5287 435 5358 capite
451 5288 506 5343 lb:
526 5307 537 5337 n
555 5285 682 5347 blentior,
704 5280 727 5335 si
742 5296 797 5334 non
823 5280 879 5336 vidi
933 5282 1061 5336 abbatum
1086 5277 1279 5360 negligentiam
1303 5279 1429 5348 quiante
1452 5277 1543 5348 ipsum
1565 5279 1680 5350 lucrant,
1704 5290 1732 5337 et

72 5357 201 5414 abbatem
217 5359 355 5432 sexaginta
370 5372 464 5430 equos,
480 5365 507 5412 et
520 5371 554 5412 eo
567 5355 694 5425 amplius,
716 5353 744 5406 in
763 5365 812 5408 suo
827 5354 880 5408 du·
933 5351 1111 5424 quorumdam
1130 5349 1204 5403 rllrus
1226 5350 1382 5404 monasterii
1398 5352 1606 5418 monachorum,
1621 5350 1731 5424 regula·

73 5447 137 5491 aare
154 5428 295 5495 comitatu,
314 5451 325 5480 ι
343 5438 396 5486 etc.
934 5424 974 5479 ris
988 5420 1108 5477 instituta
1122 5423 1158 5474 ita
1172 5421 1206 5474 ab
1220 5420 1317 5477 eodem
1332 5421 1390 5478 loco
1405 5422 1511 5493 abjecta
1524 5421 1642 5488 lucrant,
1657 5423 1731 5495 quod

112 5503 191 5574 (217)
207 5499 237 5557 ld
256 5500 396 5563 confirmat
408 5499 568 5558 Guilelmus
590 5496 715 5570 Nangius
726 5494 762 5552 ad
776 5509 877 5554 annum
936 5496 980 5553 rix
993 5491 1113 5565 speciem
1126 5491 1267 5564 religionis
1281 5492 1409 5553 monaehi
1422 5495 1636 5566 praetendebant.
1655 5515 1668 5544 s
