3714 5940
94 216 146 282 aar
508 224 553 286 nn
569 201 850 289 neusrnuaariorn
871 198 960 290 unni
982 226 1142 300 eulaeus.
1163 260 1198 274 -
1218 194 1283 290 ἰιι
1300 230 1334 291 ι.
1690 198 1744 299 ¹soe

92 348 171 407 ratis.
187 350 220 405 iit
232 348 355 407 fortassis
373 351 425 408 boe
445 351 531 408 sensit
544 352 598 425 ille,
622 352 669 424 quii
690 369 720 410 se
748 352 890 426 indignum
945 354 1107 414 deradice:
1122 355 1349 429 utindevirgam,
1364 357 1427 414 inde
1447 358 1541 417 llorern
1555 361 1667 420 ambis
1680 365 1740 420 ori·

94 436 234 508 prolessns
248 448 290 494 est
312 438 415 495 soluere
434 440 579 511 corrigiam
607 442 783 497 calceamenti
811 443 891 512 nujus
949 443 1040 514 ginem
1054 445 1258 502 demonstraret.
1273 445 1339 502 inde
1352 444 1436 519 igitur
1449 458 1559 522 sumpta
1572 464 1647 517 caro,
1667 450 1739 509 unde

94 525 144 599 [ol.
161 527 233 600 ejus]
247 527 344 599 (llere.
365 541 384 597 ι,
402 530 442 600 ι).
950 542 1008 589 orta
1035 532 1118 607 Virgo
1139 550 1211 591 :nec
1230 550 1299 590 nova
1320 535 1348 590 iu
1373 535 1493 609 Virgine,
1514 553 1576 609 quae
1593 539 1694 611 prodiit
1707 555 1741 596 ex

420 670 532 726 CAPUT
547 671 585 726 x·
950 622 1049 679 radice.

95 784 246 854 Parabolu,
258 787 456 858 puoeertcpud
473 786 639 844 balticum
658 785 691 842 de
707 786 797 844 tribur
811 788 891 857 sotir,
1197 739 1208 751 ἰ
1251 765 1364 824 CAPUT
1381 767 1436 827 x1·

243 874 347 931 dirimi
360 891 490 947 perrone
509 875 749 934 accommodatur.
1061 883 1245 963 continuam
1256 883 1491 945 compatione,
1504 884 1538 942 ά,
1552 889 1617 949 030·

134 975 180 1027 ιιι.
196 970 247 1027 Sed
263 982 291 1026 et
304 970 351 1026 illa
366 971 418 1026 tria
432 981 489 1027 sata
499 975 533 1028 de
545 972 691 1046 Evangelio
704 973 816 1045 (Μιιιιι.
829 990 894 1043 ιιιι,
986 980 1031 1034 ii.
1042 979 1121 1036 Forte
1129 980 1372 1048 substomacharis,
1387 981 1511 1041 siadbno
1522 986 1661 1059 pergimus
1669 1005 1745 1062 quo·

97 1060 156 1134 33),
172 1060 252 1116 mista
270 1069 297 1116 et
310 1058 473 1117 termentum
496 1059 524 1115 in
546 1075 644 1133 panem
667 1077 763 1129 unum,
788 1063 812 1116 si
832 1063 895 1134 quis
950 1082 1020 1133 rere,
1035 1068 1101 1141 quid
1115 1070 1260 1125 estuans?
1284 1081 1340 1125 tum
1356 1070 1418 1142 quia
1434 1071 1516 1128 toties
1530 1072 1588 1142 jam
1601 1077 1744 1147 mesilam

95 1151 131 1204 ad
147 1151 206 1205 baec
222 1149 271 1204 tria
286 1148 384 1204 dixerit
397 1149 541 1222 pertinere,
557 1165 611 1205 non
625 1149 775 1225 incongrue
797 1151 822 1205 ie
844 1150 894 1205 mi·
950 1167 990 1213 est
1004 1167 1059 1212 tum
1088 1157 1154 1229 quia
1166 1156 1269 1214 diffidis
1283 1158 1420 1216 inventum
1445 1158 1489 1215 iri.
1512 1161 1579 1220 Dico
1594 1162 1746 1237 tibeeatsr

96 1237 124 1294 hi
145 1238 234 1294 lacere
249 1238 394 1294 videbitur.
410 1237 498 1306 Quam
520 1239 589 1294 bene
603 1254 635 1294 ea
656 1238 754 1295 mulier
777 1240 895 1295 immen-
950 1246 1054 1319 Eugeni
1067 1247 1144 1302 solus
1157 1255 1199 1303 est
1213 1248 1295 1316 Deus,
1309 1247 1357 1319 qni
1379 1247 1479 1305 trustra
1504 1234 1643 1325 nunquam
1659 1255 1746 1329 quaeri

97 1328 173 1394 tavit,
189 1335 218 1382 nt
228 1341 278 1381 neo
293 1325 424 1382 diuisione
439 1326 549 1397 quidem
563 1325 631 1381 lacta
644 1328 734 1383 carnis
748 1337 775 1384 et
787 1332 894 1397 animae,
948 1342 1047 1407 potest,
1063 1350 1184 1390 neceam
1195 1334 1309 1392 inveniri
1324 1345 1486 1409 amputem,
1497 1339 1599 1397 Doceat
1610 1349 1638 1397 ιο
1651 1340 1746 1401 donoc

97 1432 209 1473 acerne
226 1417 267 1473 vel
292 1417 382 1470 anima
400 1415 521 1470 Verbum
540 1415 730 1472 diuidereturl
751 1417 850 1472 lllsnsit
869 1427 896 1473 et
949 1423 1165 1495 experimentum
1189 1432 1282 1495 tuum;
1308 1435 1354 1482 aut
1374 1426 1396 1480 si
1421 1443 1475 1481 uon
1498 1439 1611 1500 experto
1630 1431 1747 1502 credito,

97 1507 125 1560 in
142 1506 314 1576 separatione
333 1503 523 1576 inseparabilis
537 1505 635 1560 unitas.
660 1506 716 1562 Nec
739 1508 810 1562 enim
835 1523 896 1577 quae
951 1527 1006 1568 non
1028 1511 1094 1567 mibi
1111 1511 1160 1567 sed
1177 1521 1270 1567 saneto
1278 1510 1325 1582 qni
1347 1511 1385 1566 ait
1408 1514 1522 1570 :Bonus
1549 1518 1593 1573 est
1616 1517 1745 1586 Domine,

98 1611 132 1650 ex
159 1602 234 1665 parte
257 1592 371 1665 contigit
391 1592 537 1665 separatio,
560 1594 648 1664 potuit
664 1594 759 1649 unitati
782 1595 897 1666 praeeri-
951 1600 1165 1672 sperantibusin
1174 1606 1201 1656 te
1210 1602 1467 1674 oreimoepuaerenli
1478 1603 1624 1674 temeres
1636 1620 1678 1677 ιιι,
1686 1605 1743 1678 25).

98 1687 173 1749 bere,
189 1683 357 1754 permanenti
381 1681 409 1736 in
432 1682 496 1737 totis
523 1683 618 1740 tribus.
644 1682 708 1739 Sine
730 1684 896 1755 coniunctis,
915 1664 1023 1759 Bouto
1036 1703 1103 1760 ergo
1124 1697 1166 1744 est
1184 1688 1285 1744 Deus?
1300 1687 1376 1758 Quod
1392 1689 1427 1743 ad
1452 1691 1607 1747 uuiversum
1629 1702 1744 1763 spectat,

98 1772 157 1827 sive
169 1769 313 1840 disjunctis
328 1770 444 1835 duobus,
472 1768 646 1826 nibilominus
659 1775 846 1844 perseveravit
868 1775 895 1826 in
953 1774 1035 1831 linis?
1050 1778 1123 1849 qnod
1145 1778 1179 1832 ιιι
1194 1776 1361 1848 electionem,
1376 1774 1449 1831 salus
1464 1793 1471 1835 :
1491 1779 1564 1849 quod
1579 1780 1674 1850 adso,
1686 1779 1747 1852 ipse

98 1861 186 1917 tribus
202 1861 290 1916 unitas
309 1860 471 1931 personalis.
491 1859 576 1932 mque
596 1875 664 1915 unna
689 1860 809 1917 Christus
828 1877 895 1916 unu·
953 1864 1039 1921 nouit.
1055 1863 1126 1934 Quid
1149 1872 1190 1920 est
1211 1862 1304 1920 Deus?
1327 1863 1457 1922 Voluntas
1471 1866 1653 1940 omnipotens,
1668 1869 1749 1925 bene·

98 1968 154 2024 que
171 1965 295 2023 persona.
316 1948 448 2015 Verbum,
467 1950 566 2015 amma,
591 1957 619 2005 et
632 1965 705 2020 caro,
721 1949 802 2006 etiam
822 1966 898 2006 mor·
952 1951 1136 2008 valentissima
1151 1955 1248 2023 virtus,
1271 1950 1361 2007 lumen
1384 1962 1523 2024 aeternum,
1539 1953 1747 2012 incommutabi-

96 2046 148 2096 tno
163 2038 450 2112 bomineperdnravit.
465 2038 495 2092 ln
514 2048 591 2094 utero
614 2038 733 2112 Virginis
752 2049 781 2096 nt
808 2041 897 2098 sentio
952 2041 987 2096 lis
1009 2041 1086 2109 ratio,
1114 2057 1221 2098 summa
1249 2040 1386 2096 beatitudo
1413 2056 1508 2097 creans
1537 2051 1641 2100 mentes
1663 2043 1695 2101 ad
1717 2062 1748 2103 se

95 2143 163 2200 ego,
186 2127 339 2183 commistio
364 2126 423 2182 ιιι
449 2137 476 2182 ιι
496 2126 663 2183 fermentatio
686 2127 755 2183 lacta
777 2139 844 2185 est:
871 2139 897 2184 et
953 2129 1179 2203 participandum,
1191 2126 1328 2187 vivificans
1341 2129 1569 2201 adsentiendum,
1579 2128 1748 2192 alliciensed

95 2217 160 2288 ipsa
173 2215 347 2286 mulierque
367 2215 485 2280 miscuit,
510 2222 536 2270 et
555 2214 734 2275 fermentavit.
754 2217 821 2274 Nam
842 2218 896 2274 ier·
952 2221 1149 2293 appetendum,
1172 2219 1288 2275 dilatans
1305 2220 1339 2276 ad
1353 2219 1515 2291 capiendum
1535 2221 1688 2293 justificans
1712 2226 1746 2281 ud

100 2316 227 2362 mentum
241 2319 297 2361 non
317 2306 452 2360 immerito
476 2304 591 2362 fortasse
613 2305 727 2362 dixerim
740 2305 821 2363 fidem
839 2309 895 2363 bla-
951 2311 1173 2379 promerendum,
1197 2307 1347 2364 recendens
1370 2311 1403 2365 sd
1431 2310 1530 2378 zelum,
1546 2309 1694 2386 secundans
1713 2314 1748 2370 sd

95 2395 157 2452 riae.
176 2394 259 2451 Plane
279 2396 366 2461 beata,
391 2409 453 2467 que
480 2394 607 2464 credidit,
631 2396 758 2466 quoniam
779 2395 898 2466 perlecta
952 2394 1079 2467 fructum,
1095 2396 1215 2469 dirigens
1229 2397 1263 2452 ad
1286 2395 1452 2469 aequitatem,
1477 2397 1598 2455 formans
1611 2401 1644 2456 sd
1659 2403 1746 2473 boue·

96 2495 163 2540 snut
177 2484 205 2539 in
220 2499 263 2550 es,
279 2499 341 2556 quae
354 2482 497 2540 dictasunt
513 2483 537 2540 ei
553 2501 568 2538 a
583 2482 700 2540 Domino
711 2486 790 2554 (Luc.
807 2501 825 2551 ι,
840 2486 896 2557 le).
952 2485 1109 2556 nolentiam,
1133 2485 1278 2541 moderans
1306 2484 1341 2540 sd
1364 2486 1532 2556 sapientiam,
1558 2477 1690 2546 roborans
1712 2490 1746 2546 ιιι

99 2572 223 2628 Ριιιιιιι
236 2582 326 2628 antem
342 2587 394 2626 non
410 2581 512 2636 esseut,
535 2573 557 2626 si
578 2571 724 2643 quominus
739 2573 815 2641 juxta
833 2590 897 2630 ver·
953 2573 1091 2640 virtutem,
1115 2572 1228 2630 visitans
1247 2572 1282 2629 ad
1301 2572 1524 2645 consolationem,
1539 2575 1695 2643 illuminans
1712 2580 1747 2637 ιιι

98 2663 166 2716 bum
189 2660 296 2717 Domini
318 2667 391 2717 esset
414 2659 573 2717 fermentum
597 2667 693 2731 toturn,
713 2671 741 2717 et
764 2673 898 2734 perpetuo
954 2661 1146 2734 coguitionem,
1164 2673 1325 2732 perpetuans
1336 2660 1370 2716 aid
1380 2661 1620 2737 immortalitatem,
1631 2665 1750 2738 implens

100 2755 301 2817 fermentatum,
319 2766 431 2807 servans
444 2749 523 2807 nobis
539 2758 592 2806 tam
607 2751 635 2805 in
650 2759 745 2819 morte,
764 2767 846 2824 quam
872 2752 899 2807 in
954 2750 1171 2816 adlelioitatem,
1189 2750 1360 2806 circumdans
1375 2748 1409 2804 ad
1424 2750 1610 2810 securitatem.

99 2839 158 2896 uita
174 2840 274 2912 pariter
290 2855 371 2895 unum
387 2848 466 2912 atque
477 2840 610 2912 integrum
624 2837 798 2897 mediatorem
812 2841 863 2896 Dei
874 2849 902 2896 et
1257 2837 1370 2895 CAPUT
1389 2837 1457 2894 xli.

102 2928 244 2984 bominum
253 2944 315 2985 cum
325 2944 373 2983 sua
382 2927 492 2994 deitate,
505 2928 644 2984 bominem
654 2928 790 2985 Christum
798 2929 900 2985 lesum.
917 2947 941 3026 c
955 2930 1043 2987 Deum
1054 2933 1082 2985 et
1095 2930 1230 2986 bonorum
1244 2943 1358 3000 opetum
1368 2928 1451 2999 pium
1462 2933 1756 2998 remuneratorm‚et

139 3022 185 3086 ιι,
200 3019 348 3076 Advertere
371 3025 411 3073 est
435 3018 462 3071 in
486 3018 538 3073 hoc
562 3017 712 3073 admirabili
733 3029 902 3075 sacramento
1063 3018 1201 3075 scelerum
1213 3013 1411 3088 nequissimum
1422 3015 1563 3074 mulcere
1577 3034 1647 3079 crte,

102 3109 183 3177 juxta
198 3122 339 3162 numerum
355 3113 484 3171 satorum,
502 3108 579 3162 mirae
596 3115 623 3162 et
637 3106 835 3164 decentissime
856 3108 902 3162 di·
992 3107 1037 3163 25.
1054 3103 1124 3173 Quid
1139 3114 1181 3160 est
1194 3104 1292 3161 Deus?
1303 3103 1462 3162 Noominus
1472 3120 1553 3179 poens
1563 3121 1751 3179 perversorum

104 3195 260 3252 stinctionis
284 3194 396 3268 gradus,
431 3211 542 3264 nouum,
580 3196 729 3267 antiquum,
759 3202 902 3254 aetemum.
957 3209 1038 3267 quam
1060 3192 1202 3250 humilium
1226 3193 1323 3266 gloria.
1340 3193 1475 3249 Estenim
1497 3193 1663 3253 rationabilis
1678 3212 1752 3270 qute-

105 3286 226 3354 Nornm,
246 3284 371 3354 animam,
386 3299 448 3357 qnae
463 3284 497 3340 de
523 3283 606 3340 nihilo
622 3295 685 3341 tunc
703 3293 792 3342 ereata
811 3287 904 3343 credi·
958 3283 1022 3338 dam
1036 3281 1168 3355 equitatis
1190 3281 1300 3339 directio
1313 3280 1529 3340 inconvertibilis
1542 3290 1623 3357 atque
1635 3283 1749 3343 indecli-

108 3382 163 3443 tur,
179 3390 240 3431 cnm
257 3373 366 3428 inlusa:
394 3372 546 3446 antiquum,
572 3389 691 3441 carnem,
708 3390 799 3447 quasa
817 3375 905 3448 primo
958 3369 1067 3444 nabilis,
1086 3371 1186 3443 quippe
1208 3370 1344 3443 attingens
1363 3369 1465 3442 ubique
1481 3388 1488 3426 ι
1504 3370 1548 3427 ιιι
1569 3370 1641 3429 illisa
1662 3375 1752 3433 omnis

107 3479 195 3534 usque
210 3462 360 3532 bominum,
375 3460 402 3515 id
417 3471 458 3518 est
471 3477 505 3517 er
528 3462 627 3534 Adam,
652 3462 774 3519 traducta
801 3478 905 3536 cogno-
958 3462 1076 3534 prauitas
1098 3461 1275 3518 conturbetur
1302 3474 1412 3518 necesse
1434 3470 1486 3517 est.
1511 3459 1612 3531 Quidni
1630 3461 1660 3519 in
1680 3462 1752 3519 bauo

107 3551 191 3609 scitur
207 3570 215 3606 r
231 3560 372 3618 etemnm,
394 3550 519 3619 uerbum,
541 3552 613 3623 qnod
638 3553 672 3605 ab
700 3560 801 3606 aetemo
830 3550 905 3606 Patre
958 3564 1039 3606 omne
1064 3549 1206 3620 tumidum,
1230 3550 1283 3605 ιιι·
1304 3548 1446 3605 distortum
1468 3548 1613 3622 impingat,
1634 3557 1660 3609 et
1685 3565 1752 3609 con·

105 3648 275 3698 coaeternum
290 3640 329 3695 illi
352 3639 476 3715 genitum
501 3640 651 3695 indubitata
670 3640 782 3698 vertute
804 3641 905 3696 asseri·
958 3640 1123 3711 quassetur?
1140 3637 1186 3694 llae
1204 3638 1341 3705 uniuerso,
1366 3637 1440 3711 qnod
1460 3636 1569 3695 obuium
1584 3636 1654 3697 torre
1665 3637 1753 3697 οιιιιι·

105 3738 161 3787 tur.
178 3731 210 3784 lit
224 3728 251 3783 in
266 3728 309 3784 bis
324 3727 431 3799 triplex,
454 3727 477 3783 ιι
500 3728 643 3800 diligenter
656 3727 789 3795 advertas,
809 3726 906 3784 dirinae
959 3727 1028 3783 derit
1040 3728 1138 3784 cedere
1162 3725 1251 3783 nescia
1266 3725 1399 3786 rectitudo
1413 3744 1421 3776 r
1436 3734 1537 3782 namet
1552 3725 1687 3787 fortitudo
1700 3736 1752 3785 cst.

106 3818 237 3892 potentie
256 3833 354 3891 genus,
369 3818 442 3889 quod
458 3816 558 3873 iactum
573 3816 607 3871 sit
624 3817 659 3871 de
677 3815 763 3872 nihilo
791 3814 905 3888 aliquid,
960 3813 1031 3884 Quid
1046 3814 1146 3888 iniquis
1166 3813 1347 3871 voluntatibus
1361 3822 1416 3869 tam
1429 3814 1594 3877 contrarium
1609 3822 1639 3872 et
1648 3816 1752 3876 adrer-

105 3909 141 3964 de
155 3913 260 3962 uetusto
275 3920 387 3972 novum,
403 3915 534 3961 aeternum
549 3906 710 3977 beatumque
729 3905 764 3960 de
778 3903 906 3961 damnato
960 3920 1030 3971 sum,
1054 3919 1136 3977 quam
1160 3918 1268 3974 semper
1286 3902 1389 3973 conam,
1411 3900 1563 3977 impingere
1585 3919 1703 3978 seraper,
1726 3911 1754 3963 et

106 4009 135 4054 et
158 4006 275 4053 mortno.
290 3994 361 4064 Quid
381 3997 432 4051 boc
447 3995 480 4051 ad
496 4005 618 4051 nostram
637 3997 751 4065 salutem
764 3993 906 4052 illultum
960 3992 1062 4049 frustra
1084 3989 1124 4066 [cl
1142 3989 1299 4064 lmstrarili
1335 3989 1382 4046 Vae
1404 3989 1537 4062 oppositis
1558 3993 1751 4060 voluntatibus,

107 4104 157 4159 per
175 4102 286 4144 omnem
299 4086 421 4142 modum.
437 4086 555 4144 Primum
569 4086 689 4158 quidem,
709 4085 781 4159 quod
794 4093 906 4158 peccato
960 4084 1047 4142 solam
1060 4099 1117 4139 suae
1134 4080 1257 4156 proiecto
1271 4079 1425 4137 aversionis
1437 4079 1618 4139 referentibus
1629 4098 1752 4156 ponam.

106 4176 210 4233 redacti
232 4176 260 4232 in
287 4175 412 4242 nibilum,
437 4191 484 4247 per
513 4176 565 4232 boc
588 4175 790 4246 quodammodo
809 4175 905 4231 iterato
959 4172 1032 4242 Quid
1048 4183 1101 4230 tam
1116 4170 1752 4246 poenaleqmmsempervettsquodnuuqusm

107 4266 191 4322 creati
211 4281 317 4339 sumus,
339 4271 371 4321 ut
393 4265 478 4321 simus
505 4266 611 4321 initium
638 4264 747 4336 aliquod
779 4273 907 4321 creaturae
961 4261 1033 4320 erit?
1051 4260 1122 4330 Quid
1138 4267 1192 4315 tam
1216 4259 1383 4331 damnatum,
1402 4274 1482 4334 quam
1505 4260 1628 4343 uoluntas
1646 4261 1754 4319 romeu

106 4359 179 4427 eius.
196 4355 301 4410 Deinde
315 4355 386 4426 quod
402 4370 439 4410 ex
455 4362 561 4410 vetusta
577 4353 707 4410 servitute
720 4353 747 4408 in
757 4353 907 4409 libertatem
962 4351 1027 4408 huic
1039 4347 1194 4406 necessitati
1207 4347 1312 4405 uolendi
1322 4347 1494 4420 nolendique,
1509 4357 1539 4406 ut
1552 4347 1587 4405 ad
1600 4349 1754 4409 utrumlibet

108 4444 227 4500 tiliorum
242 4443 292 4497 bui
310 4443 440 4512 translati,
458 4444 486 4498 in
508 4443 627 4500 nouitate
642 4443 752 4514 spiritus
766 4441 908 4500 ambulan-
961 4443 1028 4513 jam,
1049 4438 1119 4496 sicut
1142 4454 1197 4495 uon
1221 4438 1274 4494 nisi
1285 4453 1422 4510 peruerse,
1447 4437 1484 4493 ita
1507 4454 1561 4496 uon
1582 4437 1635 4496 nisi
1657 4439 1755 4498 misera

108 4542 161 4592 tes.
177 4534 327 4600 Postremo,
344 4533 417 4604 quod
431 4532 464 4588 de
479 4539 612 4602 potestate
632 4531 808 4588 tenebrarum
821 4531 909 4589 vocati
963 4530 1122 4587 moueatur?
1147 4528 1181 4593 ln
1195 4534 1326 4583 aeternmu
1350 4541 1403 4583 non
1432 4527 1563 4585 obtinebit
1584 4528 1659 4601 quod
1680 4529 1753 4599 rult3

109 4623 144 4676 sd
161 4637 275 4695 regnum
289 4619 419 4678 claritatis
442 4630 560 4690 eternae,
576 4621 604 4676 in
624 4637 679 4693 quo
696 4622 753 4690 jum
768 4631 795 4677 et
813 4636 910 4677 conse·
964 4631 991 4676 et
1001 4620 1075 4692 quod
1087 4634 1142 4676 non
1153 4619 1218 4687 vult,
1235 4618 1262 4672 in
1273 4625 1402 4674 aeternum
1417 4615 1590 4679 nibilominus
1603 4616 1755 4675 sesoostris

109 4711 177 4767 dere
197 4725 247 4765 nos
267 4709 329 4766 feeit
344 4710 372 4763 in
387 4709 504 4765 Christo.
519 4708 610 4764 Alieni
633 4711 686 4765 sint
704 4724 722 4765 u
740 4708 817 4765 nobis
839 4709 908 4782 (ιθ),
965 4709 1053 4783 Digne
1067 4708 1177 4766 omnino
1186 4715 1215 4765 ut
1230 4705 1294 4779 quid
1309 4706 1342 4761 ad
1351 4705 1419 4761 nihil
1428 4703 1543 4769 allicitur
1552 4719 1671 4778 uuquam
1682 4706 1756 4778 quod

109 4796 158 4871 qui
171 4798 272 4854 Christi
297 4814 313 4852 a
336 4798 415 4853 nobis
436 4813 546 4855 carnem
569 4797 684 4854 alienare
703 4805 845 4864 conantur,
859 4811 910 4853 no·
965 4799 1071 4868 deceat,
1086 4799 1120 4854 sd
1139 4798 1177 4854 nil
1200 4812 1319 4868 unquam
1345 4794 1418 4869 quod
1440 4794 1534 4862 libeat,
1558 4794 1667 4853 evadat·
1690 4794 1757 4865 Quis

111 4903 176 4945 vem
194 4896 311 4944 creatam
334 4887 361 4942 in
383 4887 504 4960 Virgine,
518 4897 546 4944 ιι
562 4904 616 4943 uon
639 4888 674 4943 de
698 4887 810 4961 Virgine
836 4903 910 4943 snm·
966 4890 1017 4946 boc
1044 4887 1127 4945 lacit?
1141 4888 1239 4943 Rectus
1258 4882 1389 4940 Dominus
1402 4882 1475 4939 Deus
1490 4891 1583 4939 noster
1596 4882 1646 4957 qui
1658 4893 1756 4943 etcum

111 4986 196 5051 ptum,
212 4977 293 5048 impie
305 4986 470 5036 asserentes.
486 4978 599 5036 Polobre
613 4978 786 5052 propheticus
800 4977 911 5050 spiritus
966 4992 1098 5052 perverso
1132 4975 1301 5048 pervertitur.
1331 4973 1475 5053 Nunquam
1512 4979 1587 5028 racto
1619 4965 1756 5047 pretioque

111 5070 196 5141 longe
209 5079 271 5124 ante
284 5069 402 5124 occurrit
416 5066 478 5124 buic
499 5068 651 5136 sententie,
667 5066 722 5124 imo
736 5068 910 5141 blasphemie
966 5065 1118 5124 conueniet.
1133 5065 1197 5121 Hoec
1217 5063 1289 5119 enim
1308 5061 1360 5117 sibi
1378 5059 1492 5117 inuicem
1504 5061 1690 5128 adversantur,
1705 5063 1758 5120 etsi

110 5156 285 5229 impiorum:
313 5158 489 5230 Epredietur,
514 5157 655 5229 inquiens,
673 5157 753 5231 virpa
767 5157 801 5216 da
819 5157 913 5218 radice
965 5172 1020 5214 non
1045 5154 1159 5212 inuicem
1187 5150 1297 5210 laedant.
1316 5149 1403 5207 Lesio
1424 5148 1536 5227 alterius
1555 5159 1619 5208 est:
1638 5150 1709 5219 absit
1730 5161 1761 5208 ut

110 5246 195 5310 letae,
217 5251 245 5304 ct
265 5248 317 5318 llos
330 5247 364 5304 de
391 5248 488 5304 radice
501 5250 564 5319 ejus
584 5247 716 5304 ascendet
730 5246 797 5321 (boi
814 5262 854 5318 ιι,
870 5248 908 5318 ι).
963 5245 1014 5303 Dei
1026 5248 1138 5304 Durum
1153 5244 1205 5301 lili
1217 5246 1270 5310 est,
1285 5239 1381 5314 inquit,
1391 5244 1496 5323 matra
1508 5240 1664 5315 ιιιιιιιιιιιι
1674 5239 1762 5301 colel·

110 5334 220 5393 nisime
234 5344 350 5409 poterat,
364 5338 396 5393 Et
412 5336 462 5395 bos
480 5337 514 5394 de
528 5337 605 5413 virga
621 5337 689 5406 ;sad
705 5334 790 5396 455
804 5337 908 5410 maluit,
974 5341 1054 5395 trare
1066 5334 1139 5410 (det.
1155 5347 1197 5406 tx,
1212 5331 1255 5407 t);
1269 5331 1321 5391 boa
1332 5340 1383 5398 est,
1394 5343 1448 5389 non
1461 5328 1575 5389 rumulo
1589 5331 1698 5404 durani,
1712 5329 1762 5386 sed

155 5570 215 5642 (76)
231 5568 360 5630 Horatius
377 5571 451 5631 addit
464 5572 627 5642 dovotioni,
640 5573 713 5646 quod
726 5571 858 5647 marginis
870 5573 970 5629 lemma
979 5577 1031 5629 ast.
