3728 5940
141 175 177 236 39
776 177 956 242 ettmtut'to
967 176 1167 241 esttenete.
1334 166 1336 170 ’
1757 183 1796 245 Ac

142 315 264 358 sororem
280 317 356 359 suam
369 303 394 360 ei
414 303 523 360 tradidit
537 320 661 378 uxorem,
676 320 796 378 eumque
811 304 910 362 Siciliae
924 320 1016 379 regem
1034 306 1184 374 coronavit,
1200 309 1271 362 teste
1283 301 1415 361 Orderico
1429 303 1458 361 in
1467 304 1537 362 libro
1549 303 1711 366 duodecmo
1724 309 1795 382 (37),

141 390 305 464 inepistolis
319 394 439 449 Anacleti
453 393 607 466 pontificem
623 411 651 451 se
665 393 787 466 serentis,
802 411 863 467 quae
882 411 977 452 omnes
1000 395 1028 450 iu
1051 394 1144 453 codice
1166 391 1306 450 casinensi
1330 393 1474 461 habentur,
1496 395 1596 466 partim
1617 396 1690 466 apud
1714 397 1796 456 Baro-

139 480 215 539 nium
226 482 316 551 edite,
333 500 385 539 una
399 490 449 548 est,
467 484 494 538 in
508 500 565 556 qua
578 486 753 541 vehementer
765 485 943 557 conqueritur
955 483 990 540 de
1003 484 1099 540 abbate
1115 480 1244 546 Fariansi,
1268 497 1359 553 quem,
1384 482 1450 555 quia
1473 481 1525 539 sibi
1549 483 1702 542 contrarius
1725 494 1795 556 erat,

141 589 155 620 ι
174 569 305 627 Ecclesiae
317 570 398 626 iuuda
413 573 554 644 percussit,
571 591 585 623 a
601 574 693 642 idest,
711 594 723 625 r
741 571 1031 629 excommunicationis
1047 570 1181 627 sententia
1205 569 1407 627 cendemnacit.
1426 591 1439 622 a

174 657 258 716 xtv.
272 658 323 714 Tot
336 667 470 733 tantaeque
484 661 580 732 turbae,
597 675 664 732 quas
680 660 765 718 insius
777 660 893 717 tortasse
904 677 984 734 quam
1000 661 1075 718 loeus
1091 667 1238 732 pateretur,
1254 657 1297 716 bio
1320 658 1521 731 descripsimus,
1538 660 1654 719 multum
1677 661 1795 736 negotii,

138 746 275 804 Bernardo
289 747 467 815 lacesserunt,
481 749 528 821 qui
542 749 629 805 varias
643 748 773 822 epistolas
784 750 996 823 circumquaque
1020 748 1128 822 scripsit
1148 747 1183 803 ad
1205 747 1390 804 conciliandos
1412 748 1570 806 innocentio
1600 749 1796 818 schismaticos,

138 845 166 892 ot
179 835 358 893 continendos
371 836 399 892 in
412 835 500 893 oliicio
515 836 623 906 fideles,
639 839 713 894 varia
729 838 791 893 item
806 837 903 895 itinera
917 839 1041 908 ejusdem
1055 837 1096 894 roi
1111 851 1192 894 eausa
1209 835 1336 907 suscepit,
1354 844 1383 892 ut
1401 851 1437 891 ex
1461 836 1637 911 sequentibus
1658 838 1794 912 epistolis,

137 930 212 980 etex
227 925 294 981 vitae
308 924 378 980 libro
393 927 524 992 secundo,
541 941 620 997 capp.
637 930 653 982 6
669 939 695 982 et
709 929 737 995 t,
752 925 922 1000 intelligitur.

171 1013 268 1070 XLVI.
284 1013 414 1085 Superest
429 1013 472 1070 bic
485 1014 620 1086 agendum
634 1015 668 1071 de
682 1014 798 1072 Girardo
811 1014 1014 1087 Eugolismensi
1027 1014 1167 1087 episcopo,
1182 1012 1261 1083 cujus
1276 1027 1367 1069 mores
1381 1012 1492 1087 egregie
1502 1013 1645 1085 descripsit
1664 1013 1796 1073 Amulius

136 1106 196 1158 tum
209 1101 348 1173 Sagiensis
362 1102 572 1168 archidiaconus,
589 1102 651 1159 dein
667 1103 812 1175 episeopus
830 1103 1014 1170 lexoviensis,
1031 1103 1058 1158 in
1074 1111 1187 1160 mactatu
1211 1103 1341 1160 adversus
1363 1117 1426 1159 eum
1450 1101 1532 1168 edito,
1558 1119 1639 1176 quem
1663 1105 1797 1162 Acherius

138 1198 229 1247 noster
239 1190 270 1246 in
282 1198 357 1247 tomo
371 1192 490 1248 secundo
504 1191 640 1265 Spicilegii
656 1193 726 1265 typis
741 1191 870 1267 vulgavit.
885 1193 930 1250 Ait
943 1208 1004 1249 eum
1029 1192 1112 1264 patria
1135 1191 1366 1258 Northmannum,
1391 1191 1427 1245 ob
1449 1199 1569 1262 paternae
1592 1191 1691 1249 domus
1714 1191 1794 1249 iami-

136 1278 230 1348 piarem
244 1279 365 1351 inopiam
374 1280 437 1336 inde
451 1278 610 1352 proiectum,
624 1288 678 1336 et«
696 1296 760 1337 casu
778 1301 789 1332 ι
809 1282 917 1337 tandem
931 1282 1046 1338 electum
1061 1279 1209 1336 antistitem
1220 1277 1434 1351 Engolismensis
1448 1278 1587 1347 Reclusis,
1603 1290 1633 1337 ut
1650 1302 1662 1333 ι
1692 1281 1795 1339 exitum

139 1367 353 1442 qualemcunque
370 1389 382 1422 s
399 1367 560 1441 eligentium
575 1368 710 1425 discordia
722 1378 943 1441 consequeretur.
959 1371 1027 1425 Tum
1041 1369 1186 1442 nepotibus
1200 1368 1266 1435 suis,
1286 1389 1297 1419 r
1314 1367 1434 1424 obscuro
1448 1366 1507 1424 loco
1525 1388 1536 1419 a
1556 1368 1636 1439 natis,
1665 1369 1796 1442 dignitate

136 1457 258 1513 ecclesie
272 1473 329 1512 suae
342 1456 465 1514 conicere
477 1457 588 1514 crimina
601 1456 735 1528 impunita
753 1457 918 1530 relinquere,
934 1457 1017 1530 legati
1031 1474 1130 1515 munus
1143 1473 1159 1513 a
1173 1472 1282 1514 summo
1297 1455 1424 1528 pontifice
1447 1472 1570 1529 quaerere
1597 1465 1623 1514 el
1636 1457 1793 1531 impetrare,

137 1543 163 1599 in
178 1546 305 1621 singulos
319 1546 451 1619 grassari,
467 1546 584 1602 concilia
600 1547 758 1619 etsynodos
772 1562 921 1604 convocare
933 1547 968 1604 ad
983 1546 1093 1606 fastum.
1107 1546 1190 1602 Addit
1203 1544 1344 1614 Amulius,
1359 1561 1423 1602 eum
1446 1545 1533 1603 electo
1555 1545 1715 1603 innocentio
1738 1547 1796 1618 pri·

136 1649 208 1689 mum
221 1632 335 1691 lavisse:
352 1634 400 1689 sed
415 1650 479 1690 cum
493 1633 574 1706 legati
587 1651 688 1691 munus
701 1638 734 1691 ab
749 1634 808 1705 ipso
823 1634 968 1707 impetrare
983 1650 1036 1691 non
1052 1635 1197 1705 potuisset,
1220 1634 1255 1691 ad
1280 1634 1352 1690 Petri
1370 1633 1468 1690 Leonis
1491 1643 1582 1706 partes
1605 1635 1793 1706 mammisea,

134 1738 217 1792 aquo
231 1723 283 1794 ipsi
299 1738 367 1779 nova
382 1723 477 1796 legatio
491 1737 620 1779 concessa
642 1733 695 1792 est,
720 1730 749 1779 ut
775 1723 908 1796 quidquid
930 1725 964 1779 ab
984 1723 1100 1796 Alpibus
1124 1738 1209 1796 usque
1232 1722 1266 1777 ad
1289 1721 1355 1779 lines
1377 1721 1534 1779 Occidentis
1559 1722 1710 1793 interiacet,
1734 1725 1795 1793 eius

135 1808 232 1867 ditioni
256 1812 407 1881 subjectum
427 1819 513 1878 esset;
531 1811 729 1884 adiectumque,
755 1820 784 1867 ut
799 1831 812 1863 a
827 1811 982 1882 ubicunque
1002 1811 1115 1868 calcaret
1130 1828 1176 1881 pes
1192 1831 1206 1863 s
1223 1814 1292 1881 eiua,
1308 1811 1345 1867 ibi
1359 1812 1439 1867 ctiam
1455 1832 1467 1863 r
1484 1822 1557 1868 esset
1575 1811 1712 1886 legatio.»
1738 1812 1794 1870 ilae

134 1913 200 1956 vero
214 1898 341 1973 dignitate
354 1906 463 1967 accepta
477 1901 541 1954 satis
557 1899 657 1972 egisse,
674 1909 702 1954 ut
717 1899 866 1969 Anglorum
883 1910 910 1957 et
923 1902 1102 1971 Hispanorum
1117 1915 1196 1970 reges
1216 1899 1250 1955 ad
1275 1898 1397 1957 Auacleti
1420 1908 1510 1970 partes
1533 1903 1718 1973 pertraherem
1744 1900 1794 1956 sed

135 1986 243 2044 frustra.
258 1986 429 2041 pictaviensis
444 2002 476 2041 ae
491 1987 690 2043 Lemoviccusis
706 1989 884 2044 Ecclesiarnm
900 1988 1036 2060 episcopis
1048 1988 1141 2058 ejectis
1155 1987 1224 2043 alios
1238 1987 1357 2044 nefarios
1380 1988 1573 2045 substituisse:
1599 1989 1687 2059 ipsum
1710 1988 1793 2045 etiam

134 2074 278 2131 Girardum
293 2074 419 2130 Ecclesiae
443 2074 626 2145 burdigalensi
650 2075 803 2141 incubasse,
819 2077 979 2149 episcopum
994 2076 1075 2131 simul
1089 2083 1115 2131 et
1135 2076 1386 2148 archiepiscopum
1409 2077 1481 2149 quod
1505 2078 1585 2132 etiam
1612 2076 1746 2132 Ernaldus
1764 2077 1792 2133 in

135 2163 383 2220 librosecuudode
399 2161 457 2216 Vita
471 2163 557 2217 saneti
580 2163 718 2228 Beruardi,
743 2181 803 2234 cap.
827 2167 844 2219 5
866 2164 957 2220 tradit.
980 2163 1083 2219 Deinde
1105 2163 1228 2219 Anncleti
1254 2164 1372 2221 lautores
1399 2163 1530 2221 Arnulius
1557 2179 1728 2230 enumerans,
1757 2165 1793 2222 ita

134 2252 244 2310 sublit:
263 2273 274 2303 r
292 2250 411 2307 luiidclis
425 2251 588 2306 universitas
605 2251 657 2317 illa,
676 2268 755 2323 quam
771 2253 906 2325 sequeris,
921 2253 991 2309 Petri
1005 2253 1104 2308 Leonis
1117 2264 1167 2320 est,
1183 2253 1305 2308 nondum
1323 2254 1453 2309 termento
1471 2252 1589 2309 ludaicae
1611 2254 1794 2325 corruptionis

136 2341 241 2410 penitus
256 2340 379 2412 expiata:
397 2351 423 2394 et
438 2350 568 2412 tyrannus
584 2340 636 2408 ille,
653 2356 732 2410 quem
748 2342 826 2396 altrix
843 2350 1016 2413 tyrannorum
1031 2342 1122 2398 Sicilie
1148 2342 1297 2398 sustinet...
1313 2342 1382 2398 Huic
1399 2358 1511 2397 numero
1526 2343 1602 2397 solus
1616 2341 1793 2398 Pietatiensis

135 2445 226 2488 eomes
241 2431 374 2501 aljicitur,
391 2431 555 2500 voluptatum
571 2431 621 2496 vir,
637 2430 759 2484 animalis
773 2432 866 2496 laomo,
881 2447 978 2486 arcana
993 2431 1172 2503 spiritualium
1193 2446 1246 2486 non
1268 2430 1412 2502 attingens,
1436 2435 1471 2486 ob
1495 2432 1632 2504 repulsam
1658 2431 1793 2502 petitionis

135 2518 234 2576 illicite
249 2521 415 2590 mancipatus
431 2522 526 2576 errori.
545 2539 558 2571 a
574 2520 605 2574 Hi
625 2519 745 2575 Anacleti
766 2519 894 2576 lautores.
922 2540 932 2571 ι
959 2521 1063 2574 Partem
1075 2533 1141 2575 veto
1166 2529 1327 2584 nostram»
1362 2519 1448 2589 inquit
1472 2518 1612 2586 Arnullus,
1635 2520 1722 2576 curnis
1744 2519 1796 2573 im·

134 2619 252 2679 perator,
266 2608 356 2664 omnis
368 2624 426 2671 rer,
441 2608 531 2662 omnis
545 2609 682 2679 princeps,
699 2607 787 2662 omnis
802 2609 883 2663 homo
897 2608 1012 2676 denique
1027 2607 1176 2679 profitetur,
1192 2608 1348 2680 quicunque
1366 2606 1510 2664 Christiani
1540 2609 1656 2664 nominis
1679 2610 1794 2680 insigni·

136 2705 181 2752 tur
194 2700 308 2753 honore.
326 2719 337 2746 ι
356 2697 409 2752 Sed
425 2715 438 2748 r
455 2697 554 2752 luorum
569 2697 596 2751 in
607 2698 657 2752 hoc
672 2696 738 2750 mihi
752 2712 903 2752 consensus
919 2696 1073 2769 praecipuus
1087 2708 1138 2761 est,
1155 2698 1252 2752 horum
1269 2713 1311 2752 me
1331 2706 1429 2765 movet,
1455 2712 1558 2753 motum
1584 2699 1675 2763 trahit,
1691 2709 1792 2754 tracum

134 2791 209 2840 tenet
221 2785 374 2853 auctoritas,
393 2784 492 2857 quibus
506 2783 597 2838 datum
612 2793 654 2838 cst
669 2799 749 2840 nesse
763 2784 921 2854 mysterium
935 2785 1013 2857 regni
1040 2785 1098 2850 Dei,
1125 2800 1239 2857 quorum
1263 2786 1289 2841 in
1311 2786 1388 2841 ecelis
1411 2801 1472 2841 esse
1492 2786 1550 2856 jam
1570 2802 1603 2842 ex
1627 2797 1704 2855 parte
1727 2800 1794 2843 eon·

125 2875 252 2931 versatio
276 2873 448 2944 perhibetur:
465 2874 557 2944 quales
583 2888 676 2928 revera
700 2880 771 2941 sunt,
794 2875 840 2944 qui
863 2873 1011 2929 carthusiae
1037 2881 1180 2943 perpetuas
1194 2875 1269 2929 nives
1294 2874 1462 2942 inhabitact;
1488 2876 1574 2946 etqui
1593 2874 1792 2931 aCisterciensi

135 2962 177 3019 vel
191 2961 359 3019 cluniacensi
373 2962 536 3018 monasterio
549 2960 725 3033 profluentes,
741 2962 811 3019 lucis
825 2977 881 3017 suec
895 2961 986 3018 radios
1002 2960 1123 3033 undiquc
1137 2962 1316 3018 diffuderunt.
1333 2982 1346 3014 a
1364 2963 1427 3019 Haee
1442 2963 1572 3019 Amulius
1587 2963 1615 3019 in
1633 2963 1791 3031 Girardum,

135 3065 217 3122 quem
230 3056 320 3105 tamen
336 3049 382 3104 alii
395 3048 538 3105 nonnuulli
550 3048 678 3106 laudant:
693 3049 741 3105 sed
756 3048 861 3106 Aruulii
877 3049 1023 3121 praevalere
1034 3049 1118 3104 debet
1130 3050 1283 3107 auctoritas.
1300 3070 1313 3104 a
1329 3051 1403 3106 Nihil
1426 3053 1497 3108 enim
1522 3052 1630 3124 scripsi,
1650 3073 1661 3100 ι
1687 3051 1790 3122 inquit,

139 3139 304 3209 equodnou
318 3138 364 3193 vel
379 3139 437 3209 ipse
456 3138 641 3210 cognoverim,
656 3138 696 3193 vel
718 3145 825 3194 auctore
847 3137 981 3210 probabili
1005 3151 1058 3193 non
1073 3138 1209 3204 haberem,
1235 3138 1276 3195 val
1299 3140 1372 3211 quod
1395 3140 1490 3196 saltem
1514 3140 1584 3195 lama
1607 3138 1714 3213 publica
1738 3155 1790 3195 non

135 3225 260 3282 allirmet.
277 3227 342 3282 »De
357 3242 390 3283 eo
403 3228 482 3296 plura
495 3227 522 3280 in
537 3226 608 3281 uotis
622 3227 654 3281 ad
674 3226 816 3298 epistolam
840 3226 1015 3283 centesimam
1036 3227 1193 3299 vigesimam
1219 3229 1374 3298 septimam.
1400 3230 1506 3287 interea
1527 3229 1643 3285 moritur
1661 3229 1792 3285 Girardus

135 3330 205 3372 auno
221 3316 300 3371 1136.
315 3316 390 3373 Tunc
402 3315 553 3371 Gauiridus
567 3315 741 3371 Carnotensis
759 3315 904 3389 episcopus
926 3316 1050 3373 mandato
1072 3316 1223 3373 iunocentii
1250 3332 1386 3373 «omnem
1410 3318 1506 3375 Galliae
1532 3318 1681 3392 regionem,
1706 3317 1792 3389 ipsius

136 3419 244 3478 quoque
258 3405 419 3477 Aquitaniae,
435 3406 556 3460 studiose
570 3403 713 3470 circuiens,
729 3405 820 3458 omnia
844 3413 998 3460 sanctarum
1020 3404 1196 3461 ecelesiarum
1219 3407 1320 3474 altaria,
1346 3422 1406 3480 quae
1429 3407 1469 3463 vel
1494 3406 1623 3463 Girardus
1647 3406 1692 3461 iile
1715 3405 1791 3461 sedi-

133 3494 216 3549 tionis
230 3501 324 3550 auetor
344 3500 371 3548 ot
395 3493 532 3560 obtestor,
557 3494 599 3548 vel
621 3492 684 3548 Gilo
708 3493 915 3549 Tusculanensis
936 3493 1089 3565 episcopus,
1115 3504 1160 3549 aut
1184 3510 1278 3551 eorum
1302 3495 1457 3566 complices,
1482 3493 1632 3551 chrismalis
1656 3494 1792 3549 unctionis

134 3582 324 3639 benedictione
337 3582 488 3637 scirisvnatis
503 3590 624 3652 tempore
640 3591 875 3648 consecraverant,
894 3581 1021 3653 propriis,
1042 3584 1165 3638 manibus
1178 3583 1329 3655 dissipavit,
1345 3605 1359 3633 ι
1377 3590 1406 3637 ut
1420 3581 1519 3653 legitur
1532 3581 1558 3636 in
1573 3579 1698 3637 chronici
1712 3582 1790 3636 Mau-

133 3670 291 3728 riniacensis
305 3670 373 3727 libro
400 3687 438 3729 tu.
469 3669 523 3726 Sed
538 3670 697 3727 diutiushis
715 3670 902 3726 immoramur.
917 3672 996 3726 Plura
1022 3671 1069 3744 qui
1090 3672 1124 3726 de
1151 3672 1296 3728 innocentii
1328 3680 1355 3727 ot
1373 3670 1494 3726 Anacleti
1527 3669 1710 3741 professione,
1736 3671 1791 3725 uita

133 3769 161 3816 et
172 3760 293 3815 moribus
306 3763 376 3815 scire
388 3760 512 3825 voluerit,
529 3761 599 3831 legat
621 3756 726 3813 Arnullt
741 3758 894 3814 Tractatum
917 3774 980 3815 mou
996 3758 1145 3816 laudatum.
1163 3760 1297 3816 Paschalis
1312 3758 1336 3813 ll
1350 3757 1447 3813 littere
1462 3758 1496 3813 de
1516 3757 1652 3829 legatione
1674 3755 1791 3814 Girardo

133 3850 279 3904 commissa
293 3857 399 3904 exstant
414 3850 441 3903 in
455 3847 593 3923 Spieilegii
609 3855 682 3903 tomo
698 3846 794 3903 tertio:
810 3848 934 3918 Synodus
948 3847 1131 3903 hosdunensis
1157 3848 1208 3904 sub
1224 3863 1256 3904 eo
1272 3846 1364 3904 habita
1385 3863 1456 3903 auno
1480 3849 1561 3913 ll09,
1587 3857 1659 3902 tonm
1683 3853 1789 3918 quarte

168 3937 274 3994 ittlltl.
296 3937 343 3992 Per
358 3937 464 3992 funesta
478 3952 510 3992 ac
528 3937 653 3991 diuturna
668 3936 818 3991 schismatis
840 3936 911 3991 illius
935 3946 1064 4008 tempora,
1087 3945 1200 4009 quantos
1224 3935 1379 3993 bernardus
1402 3937 1511 3992 labores
1532 3935 1699 4002 sustinuerit,
1723 3949 1791 4007 quot

132 4024 401 4095 itineraooniecerit,
417 4026 525 4096 exejus
542 4025 642 4081 Vitaet
661 4025 794 4097 epistolis,
819 4036 848 4080 ut
868 4025 926 4095 jam
950 4025 1076 4090 diximus,
1102 4025 1270 4100 intelligitur.
1294 4025 1382 4095 Hujus
1405 4025 1446 4079 nei
1468 4039 1549 4080 causa
1571 4032 1612 4078 ter
1634 4023 1662 4077 iu
1687 4023 1790 4078 ltaliam

135 4117 272 4185 proiectus
286 4123 337 4182 est,
353 4116 471 4187 ejusque
487 4114 594 4169 tandem
613 4129 695 4182 opera
708 4114 828 4168 schisma
841 4129 1037 4184 compressum,
1062 4121 1170 4169 mortuo
1193 4113 1324 4168 Anacleto
1347 4126 1419 4167 anno
1448 4111 1536 4168 ttae:
1558 4111 1602 4167 eui
1626 4110 1791 4166 schismatici

133 4202 271 4260 Victorem
286 4205 440 4274 antipapam
461 4201 672 4268 substituerunt,
689 4222 702 4254 r
717 4218 773 4257 non
797 4212 850 4257 tam
871 4200 1020 4273 pertinacia
1043 4199 1206 4268 schismatis,
1235 4215 1315 4271 quam
1338 4207 1367 4255 ut
1390 4201 1574 4270 opportunius
1597 4214 1647 4270 per
1671 4199 1790 4270 aliquam

132 4293 264 4364 temporis
280 4306 381 4347 moram
394 4305 470 4361 papae
484 4289 642 4347 innocentio
656 4293 907 4347 reconciliarentur.
926 4310 938 4340 r
954 4289 989 4346 Et
1002 4304 1031 4343 re
1044 4288 1157 4360 quidem
1175 4288 1235 4356 ipsa
1258 4288 1353 4344 Vtcior
1378 4289 1439 4343 aad
1463 4287 1552 4345 virum
1573 4298 1707 4355 sanctum,
1726 4307 1737 4337 r
1763 4286 1790 4341 id

132 4391 175 4437 est
186 4379 361 4445 Bernamum,
381 4401 392 4431 ι
410 4387 490 4434 nocte
504 4395 533 4434 eo
548 4380 674 4451 contulit;
691 4388 718 4433 et
731 4379 775 4435 ille
784 4395 856 4445 eum,
871 4379 1002 4434 nudatum
1016 4377 1126 4449 quidem
1139 4375 1277 4449 usurpatis
1291 4377 1455 4452 insignibus,
1469 4379 1504 4433 ad
1517 4376 1622 4433 domini
1639 4374 1790 4431 iunocentii

133 4471 217 4539 pedes
231 4467 342 4523 adduxit
358 4469 425 4540 (³8).
442 4490 455 4517 ι
472 4468 504 4521 Ει
518 4467 563 4523 lric
576 4467 679 4524 funesti
694 4483 726 4522 ae
738 4468 862 4524 diuturni
876 4467 1029 4524 schismatis
1043 4464 1113 4521 finis.

169 4557 287 4613 Xcvlll.
306 4557 383 4612 Tanti
402 4553 540 4622 beneficii,
563 4558 680 4613 maxime
693 4573 742 4627 per
771 4557 940 4612 bernardum
959 4556 1074 4626 accepti,
1099 4569 1201 4610 memor
1222 4554 1406 4622 Innocentius,
1430 4552 1652 4613 cisterciensibus
1674 4550 1793 4606 decimas

133 4662 167 4704 ex
181 4648 306 4702 omuibus
321 4660 388 4718 quas
402 4645 537 4701 habebant
564 4645 781 4716 possessionibus
806 4646 915 4718 propria
938 4644 1095 4701 auctoritate
1119 4644 1260 4716 relaxavit,
1282 4645 1440 4702 inconsultis
1462 4645 1494 4698 iis
1514 4642 1547 4697 ad
1571 4656 1639 4712 quos
1659 4634 1793 4710 ejusmodi

132 4735 244 4791 decimae
267 4735 448 4806 pertinebunt.
475 4736 507 4790 lit
531 4735 589 4789 baec
613 4749 681 4790 nova
707 4734 883 4789 dissidiorum
913 4747 1004 4798 causa,
1027 4748 1090 4804 quae
1110 4747 1165 4788 nou
1189 4749 1283 4804 parum
1310 4732 1437 4790 molestiae
1471 4729 1609 4787 bernardo
1641 4728 1791 4785 accersivit.

133 4822 280 4896 Conquesti
293 4834 356 4880 sunt
369 4823 539 4895 potissimum
565 4823 659 4878 baeda
681 4837 710 4877 re
732 4822 933 4890 Cluniaeeuses,
950 4821 1047 4892 quibus
1065 4836 1166 4894 magna
1187 4821 1226 4878 rei
1251 4821 1390 4878 familiaris
1411 4821 1516 4889 jactura
1540 4831 1578 4870 ex
1606 4815 1724 4889 gratuita
1746 4815 1792 4870 illa

132 4912 281 4968 iunocentii
296 4912 453 4967 liberalitate
475 4910 655 4968 afferebatur:
671 4925 758 4982 eoque
774 4926 918 4981 progressa
932 4920 975 4967 est
987 4926 1081 4966 eorum
1096 4909 1254 4982 indignatio,
1270 4918 1299 4965 ut
1314 4906 1435 4964 monaehi
1455 4903 1651 4977 cigniaoenses
1672 4901 1792 4959 vicinum

133 5001 186 5056 sibi
214 5001 431 5057 cisterciensium
459 4999 665 5062 monasterium,
696 4999 859 5055 lliratorium
887 4999 1005 5067 dictum,
1032 4998 1225 5069 susquedeque
1254 4995 1389 5053 verterint.
1413 4995 1509 5049 Totam
1539 4991 1620 5059 huius
1653 4992 1792 5062 tragoediae

134 5089 273 5146 historiam
288 5091 423 5163 explicant
435 5089 558 5163 epistole
587 5086 757 5158 potissimum
789 5091 865 5153 duae,
880 5103 934 5143 una
948 5087 1019 5143 Petri
1034 5085 1215 5156 Venerabilis,
1230 5085 1313 5140 altem
1331 5083 1360 5139 S.
1381 5081 1520 5149 Beruardi,
1547 5095 1608 5152 quae
1636 5089 1699 5136 sunt
1723 5081 1792 5137 inter

132 5177 313 5236 Bernardinas
335 5180 518 5235 ducentesima
537 5175 671 5249 vigesima
689 5183 820 5231 ocmvaet
837 5174 1024 5231 ducentesima
1036 5173 1204 5246 octogesima
1222 5171 1352 5239 secunda,
1367 5180 1393 5226 et
1407 5171 1485 5227 Notae
1499 5180 1600 5226 noshae
1615 5169 1648 5224 ad
1662 5169 1786 5226 easdem.

133 5269 227 5338 Neque
241 5283 304 5326 aeto
318 5269 408 5326 statim
428 5266 558 5323 exstincta
571 5271 615 5323 eat
628 5263 663 5320 lis
677 5261 732 5330 illa,
748 5263 797 5320 sad
813 5279 944 5334 processu
959 5262 1087 5334 temporis
1101 5262 1135 5318 ad
1148 5261 1217 5317 alias
1235 5259 1315 5316 etiam
1330 5259 1457 5332 regiones
1473 5257 1647 5333 permanavit.

168 5357 269 5414 xstx.
293 5358 323 5414 ld
338 5364 413 5429 patet
426 5370 460 5410 ex
482 5355 598 5427 epistola
616 5353 784 5427 octogesima
807 5351 936 5422 secunda,
961 5366 1042 5424 quam
1067 5349 1193 5408 Richardi
1213 5346 1429 5423 archiespiscopi
1451 5346 1651 5407 Cantuariansis
1670 5343 1793 5412 nomine.

170 5445 227 5518 (³7)
240 5445 399 5518 Ordericua,
409 5443 460 5500 lib.
474 5455 523 5513 xtt,
539 5459 603 5517 pag.
618 5443 684 5500 698.
962 5441 1031 5514 1³8)
1052 5440 1121 5499 tce
1133 5436 1204 5497 libro
1217 5451 1250 5506 tt,
1265 5455 1294 5496 n.
1309 5439 1358 5498 tt.
