3728 5940
43 254 98 316 605
775 244 955 306 atttnblx.
1628 256 1682 319 686

38 388 66 434 et
78 377 205 448 albugine
217 384 421 446 praeoccupante
435 374 571 448 pupinam,
583 373 617 427 ad
632 371 757 426 intuitum
773 370 829 428 reri
847 384 870 461 Α
891 371 950 427 lans
969 375 1100 440 eamdem,
1116 382 1247 446 quatenus
1261 376 1365 432 ancillae
1389 386 1494 447 restra,
1518 396 1558 448 ac,
1578 398 1684 456 quasso,

40 467 149 523 luminis
174 467 304 522 tremulus
326 465 436 537 palpitat
456 473 482 520 et
504 462 603 518 deficit.
631 461 724 518 Sciens
747 461 830 532 igitur
890 458 953 516 filiae
977 462 1133 518 memoriam
1158 465 1287 535 habeatis,
1320 482 1381 537 quae
1404 466 1431 520 in
1460 467 1566 541 signum
1589 470 1682 530 incor-

41 555 70 610 in
94 553 202 624 (lampis
223 554 337 624 amplius
362 569 403 608 me
427 568 523 624 pacem
544 552 645 607 babere
668 565 721 604 non
744 565 834 620 posse,
890 556 978 620 ruptae
998 550 1070 623 tidei,
1087 567 1142 607 non
1166 551 1193 606 in
1212 568 1308 607 munus
1323 570 1372 625 per
1385 555 1495 611 latorem
1511 558 1685 626 praesentium

43 641 137 705 titubo,
154 640 352 705 falconiorum
367 641 399 696 ad
416 640 611 696 monasterium
627 637 837 693 llanriniacense
891 638 1035 693 enxenium
1052 638 1150 708 ot'iero,
1170 647 1196 694 et
1218 652 1363 710 praescnto,
1379 640 1546 707 desiderans,
1560 652 1586 699 et
1600 645 1685 702 anhe-

43 732 160 794 redeam‚
177 731 223 785 ubi
245 746 288 786 me
311 730 499 800 juranisdedi
516 736 543 784 et
558 729 584 783 in
605 727 742 783 communi
762 727 837 796 capi·
891 724 958 795 lans,
983 738 1129 800 antequam
1153 729 1261 796 moriar,
1286 731 1384 786 rastris
1406 732 1595 804 conspectibus
1617 749 1686 791 con·

44 819 100 875 tulo
124 835 167 874 me
189 817 248 875 steri
271 821 431 875 monachum
451 817 558 883 devovi,
579 833 612 871 an
639 817 672 872 ad
697 816 837 872 ecclesiam

43 906 261 974 Columbenscm,
277 906 304 960 in
324 922 378 977 qua
401 906 561 978 quibusdam
586 905 674 961 crusis
693 921 838 977 emergen-

46 994 118 1050 tibus
131 993 256 1049 monachi
276 1002 364 1050 vestes
378 992 453 1050 indui
474 1002 500 1049 et
521 991 716 1063 professionem
735 991 797 1059 ieci,
812 1001 840 1048 et

45 1099 106 1138 cum
122 1082 239 1137 mitterer
253 1081 288 1135 ad
307 1082 442 1137 abbatiam
457 1079 710 1151 lteuriniacensem,
727 1094 770 1135 me
782 1080 839 1135 Co·

46 1171 149 1225 lumbes
179 1169 338 1234 rediturum,
360 1170 383 1225 si
408 1185 468 1224 cam
493 1170 669 1241 reliquissem,
696 1168 839 1240 spopondi.

48 1260 122 1314 l¹luat
135 1273 202 1329 crgo
226 1257 292 1311 milri
313 1258 385 1313 Deus
411 1273 458 1328 per
472 1273 519 1312 tos
542 1258 681 1314 crelestcm
703 1273 800 1321 rorem,
816 1265 843 1313 ct

45 1347 119 1418 quod
136 1346 234 1401 devote
257 1354 355 1414 exopto
370 1355 395 1399 et
411 1347 525 1416 supplex
544 1354 649 1415 expeto,
665 1354 760 1400 restrae
775 1360 843 1399 eon-

47 1433 192 1488 solationis
207 1449 310 1488 mercar
324 1433 423 1487 babere
439 1433 607 1503 rescriptum.
619 1433 719 1489 Valcte.

261 1545 428 1604 aetstota
448 1547 629 1603 cblxxvtt.

893 813 983 869 sotan-
1042 888 1211 945 EP15T0LA
1230 890 1413 947 GDLXXVHI
1432 892 1536 964 (lim

1080 1010 1107 1050 a.
1123 1009 1160 1050 ao
1175 1011 1198 1052 s.
1212 1012 1384 1054 aaauaaumr
1398 998 1502 1072 (1133).

1042 1102 1078 1158 Dc
1093 1101 1309 1175 indisciplinato
1322 1106 1457 1162 moecho
1471 1107 1540 1179 epit.

935 1205 1117 1263 Dilectissimo
1141 1209 1212 1264 Patri
1231 1210 1394 1276 Baesaaoo,
1411 1212 1460 1267 Dei
1479 1211 1566 1285 gratia
1589 1212 1690 1269 Clarae-

900 1296 1034 1351 Valieusis
1060 1298 1160 1363 abbati,
1191 1298 1273 1356 stater
1293 1301 1323 1355 lt.
1351 1301 1419 1357 sicut
1443 1301 1591 1359 ablactatus
1608 1318 1692 1375 super

902 1395 1013 1440 matram
1030 1401 1117 1453 ettam,
1134 1396 1233 1442 terram
1248 1388 1373 1443 lluentcm
1389 1390 1430 1444 lae
1447 1390 1549 1446 etmel.

938 1477 961 1526 1,
992 1473 1106 1543 iujurias
1135 1491 1208 1532 meas
1235 1478 1409 1532 decreveram
1437 1479 1544 1548 operire
1574 1477 1691 1547 silentio,

899 1559 949 1615 nisi
965 1560 1026 1631 quia
1041 1561 1151 1631 dignum
1178 1563 1252 1630 duxi,
1279 1563 1392 1620 veritate
1407 1565 1573 1622 mendacium
1590 1582 1694 1636 praeve·

91 1669 233 1711 carnosa
251 1669 393 1712 eoruscare
411 1673 447 1712 au
466 1671 595 1714 sanarunt
613 1671 797 1713 asanaanurr.
868 1648 972 1741 gnirt‘·
997 1645 1082 1704 3⁷⁸
1101 1648 1222 1723 Οῑιθῑίθθ,
1255 1664 1282 1708 et
1305 1670 1385 1723 <tuam
1407 1662 1530 1725 proterve
1552 1654 1633 1713 stater
1660 1657 1694 1715 R·

49 1769 209 1842 [aaanuzzc
231 1769 373 1826 anecdota
398 1772 543 1828 litterario
563 1787 600 1827 cc
618 1788 685 1828 nass.
709 1772 799 1828 codice

86 1845 182 1906 eruto,
199 1851 264 1894 tom.
281 1841 326 1905 tv,
344 1857 374 1911 p.
394 1844 457 1895 est.
472 1842 566 1896 Romae
582 1845 662 1910 ttae,
678 1847 716 1898 8⁰.
732 1842 851 1899 —Vide

89 1910 277 1982 praelationem
293 1912 325 1967 ad
339 1912 480 1982 epistolam
498 1911 572 1985 tea]

87 2016 235 2090 Angustiae,
260 2014 361 2084 fateor,
386 2016 451 2070 milri
480 2026 542 2073 sunt
571 2017 699 2090 undique,
724 2016 851 2090 quoniam

54 2122 134 2178 quem
151 2104 239 2176 diligit
250 2104 340 2159 anima
356 2120 415 2159 mea
425 2107 595 2162 sermonibus
606 2107 722 2163 excitare
735 2106 854 2179 compel-

52 2195 84 2251 lit
94 2209 181 2260 amor,
194 2194 337 2263 impatiens
352 2194 505 2250 intellectus
520 2197 639 2267 scaturit,
651 2195 776 2252 dilatatur
789 2194 857 2253 aiio*

54 2295 124 2349 ctus,
142 2297 234 2338 rerum
250 2297 365 2336 censura
383 2283 482 2338 silentii
502 2284 633 2355 reprimit,
646 2285 710 2340 dum
722 2288 786 2342 nota
800 2300 854 2342 non

54 2371 180 2443 exprimit
207 2371 300 2445 lingua
325 2371 485 2441 balbutiens,
515 2373 607 2429 cbarta
635 2372 740 2441 deficit,
765 2382 856 2430 retun-

57 2456 130 2517 ditur
154 2459 282 2525 calamus,
298 2475 397 2518 manus
419 2476 529 2531 quoque
547 2462 583 2517 ab
604 2463 712 2535 antiquo
731 2479 787 2518 non
805 2463 856 2518 im·

56 2552 137 2622 pipra
158 2549 317 2604 retardatur.
335 2550 402 2607 Evae
427 2566 522 2622 nempe
541 2552 701 2622 maledictae,
717 2567 771 2608 non
792 2566 856 2608 eor-

57 2653 137 2709 pore,
167 2637 213 2692 scd
244 2637 342 2707 spiritu
375 2638 528 2710 parturiens
564 2640 719 2706 doloribus,
750 2655 857 2713 premor

57 2740 156 2797 magna
171 2723 354 2781 sollicitudine
370 2724 453 2793 Sarae,
465 2728 552 2783 anxias
565 2727 696 2784 Rebeccae
709 2729 858 2796 desiderio,

59 2814 230 2869 aemulatione
254 2813 387 2880 limbatis,
404 2814 458 2868 Liae
472 2826 637 2887 contemptu.
655 2819 743 2890 Atque
757 2818 859 2875 utinam

795 1771 849 1827 ,m
904 1739 978 1793 intus
1009 1747 1035 1794 ct
1063 1750 1139 1795 extra
1157 1742 1349 1797 monasterium
1382 1759 1490 1800 mecum
1517 1745 1696 1817 contenderit,

903 1836 970 1900 quot
982 1837 1010 1883 et
1032 1840 1131 1900 quauta
1158 1830 1282 1885 scandala
1300 1831 1388 1887 sciens
1413 1841 1440 1889 et
1462 1833 1581 1903 prudeus
1603 1849 1696 1890 coram

907 1916 1005 1989 pusilio
1021 1933 1103 1990 grege
1127 1917 1257 1990 posuerit,
1282 1934 1365 1989 quam
1380 1929 1468 1976 erecta
1481 1921 1594 1991 cervice,
1608 1933 1636 1979 et
1648 1939 1697 1979 sx-

907 2012 980 2060 tento
994 2006 1061 2061 collo
1077 2004 1193 2079 regulari
1209 2005 1357 2074 disciplinae
1372 2016 1399 2063 ct
1413 2009 1657 2068 consuetudinibus
1669 2025 1700 2068 se

906 2095 1073 2164 opposuerit,
1091 2095 1213 2150 testisest
1223 2095 1268 2150 ille
1278 2096 1325 2166 qui
1335 2094 1455 2152 laborem
1465 2107 1492 2154 et
1505 2098 1628 2157 dolorem
1637 2114 1701 2157 con·

909 2182 1014 2238 siderat
1030 2205 1037 2253 3
1054 2184 1128 2239 testis
1142 2193 1182 2239 cst
1196 2191 1250 2239 tota
1264 2185 1440 2258 congregatio
1454 2185 1577 2259 fratrum,
1593 2187 1621 2244 in
1634 2203 1702 2261 quo-

909 2288 968 2327 rum
981 2272 1092 2329 auribus
1108 2280 1135 2329 et
1145 2273 1230 2329 oculis
1245 2273 1331 2329 eflusa
1341 2276 1527 2330 estcontcntio
1537 2277 1609 2346 ejus;
1625 2277 1704 2333 testis

909 2369 951 2416 est
967 2367 994 2416 et
1008 2377 1055 2416 sua
1069 2361 1153 2431 ipsius
1167 2361 1342 2425 conscientia,
1357 2362 1463 2417 etianui
1478 2362 1548 2418 aliud
1561 2363 1653 2436 lingua
1662 2364 1702 2421 lo-

908 2459 1014 2522 quatur.
1031 2449 1140 2504 Gratias
1154 2464 1206 2521 ago
1217 2450 1274 2504 Deo
1290 2465 1360 2516 meo,
1377 2450 1515 2522 quoniam,
1527 2459 1656 2523 quantum
1668 2451 1703 2506 ad

909 2538 1037 2608 iniuriam
1054 2553 1140 2593 meam
1156 2537 1281 2609 pertinet,
1298 2538 1322 2592 si
1345 2538 1433 2610 aliqua
1449 2539 1506 2610 luit,
1522 2539 1556 2592 ab
1574 2539 1634 2611 ipso
1653 2537 1704 2596 tuta

911 2626 1039 2699 patientia
1057 2642 1128 2681 mea.
1155 2625 1256 2681 Audiri
1275 2625 1358 2682 multa
1379 2628 1461 2685 verba
1488 2644 1549 2700 quae
1572 2643 1626 2684 non
1642 2628 1705 2686 lieet

915 2715 1047 2772 monacho
1063 2715 1136 2786 loqut
1150 2730 1158 2783 ;
1174 2725 1201 2770 et
1224 2715 1311 2770 iactus
1334 2731 1396 2772 sum
1410 2716 1479 2772 sieut
1494 2717 1576 2774 bomo
1589 2732 1645 2774 non
1658 2731 1705 2773 su·

913 2805 1002 2875 diens,
1018 2811 1045 2860 et
1059 2818 1113 2859 non
1129 2804 1230 2858 babens
1250 2803 1277 2858 in
1300 2819 1347 2860 ore
1361 2820 1410 2860 suo
1428 2805 1637 2879 redargutiones.
1653 2806 1707 2863 llo·

60 2903 127 2957 milri
143 2901 285 2971 prudentia
307 2902 416 2957 daretur
438 2903 549 2969 iniretis,
568 2904 756 2977 importunitas
774 2906 857 2976 Ruth,
916 2894 1013 2968 gaham
1030 2893 1166 2949 ¹1⁰¹¹¹i¹¹0¹¹¹
1179 2892 1270 2948 [⁰⁰¹¹ss
1291 2893 1417 2966 precibus
1436 2904 1636 2967 01500101020‘
1653 2911 1707 2967 9¹¹·

58 2989 153 3045 Julitlr
170 2988 293 3055 andacia,
319 2990 410 3060 placor
433 2990 547 3058 Edissae,
571 3002 601 3048 ut
619 2994 752 3062 operirem
778 2995 858 3065 pallio

60 3078 196 3146 Sisaram,
226 3077 350 3132 amicirer
378 3079 481 3144 Boozo,
513 3079 667 3150 deciperent
695 3083 864 3155 aggrediens

62 3167 250 3232 llolol'ernem,
265 3166 291 3221 in
311 3167 413 3223 bonum
438 3167 490 3223 lroe
504 3168 541 3223 nil
565 3168 635 3224 ultra
654 3169 740 3226 simile
754 3170 808 3226 illis
821 3179 862 3226 at·

64 3263 187 3324 tentans,
210 3265 238 3311 at
259 3255 360 3310 adirem
383 3257 534 3313 assuerum
556 3256 585 3312 in
611 3259 707 3315 tbrono
726 3261 863 3316 sedentem

63 3345 217 3417 languentis
247 3344 342 3400 animae
378 3347 493 3401 salubria
523 3348 648 3419 petitura.
678 3349 701 3406 Ο
729 3350 865 3407 indicibile

66 3433 231 3505 llagdalenae
253 3434 393 3503 gaudium,
410 3450 426 3490 o
446 3436 581 3503 solatium,
597 3451 614 3492 o
631 3437 789 3510 tripudium,
804 3454 865 3508 quae

65 3521 128 3579 tesu
154 3519 257 3576 fructus
282 3520 391 3594 uirginei
415 3521 497 3592 pedes
521 3525 695 3592 deosculans,
715 3526 805 3598 riguus
827 3526 866 3580 la-

72 3608 183 3679 crymis,
198 3607 302 3678 capillis
326 3616 443 3681 tergens,
460 3626 565 3682 ungens
589 3624 739 3686 unguento,
760 3613 866 3669 antido-

69 3707 125 3753 tum
144 3695 290 3766 reportarit
309 3695 416 3751 salutis!
434 3696 502 3750 Crem
523 3698 582 3753 haec
596 3714 685 3766 serto,
701 3716 778 3756 serto
792 3700 865 3756 lesu.

68 3785 95 3840 Si
112 3784 173 3838 data
197 3782 312 3845 licentia,
328 3793 354 3837 et
379 3784 520 3840 honestate
544 3785 717 3852 concedente,
739 3787 868 3858 inpende-

69 3890 127 3928 rern
153 3871 186 3926 ab
207 3871 338 3933 ubertate,
353 3872 536 3940 jucunditates
559 3874 737 3944 conciperem.
752 3874 866 3941 Florem,

71 3961 201 4031 arbitror,
213 3975 271 4031 praa
296 3958 483 4034 magnitudine
502 3962 586 4036 gaudi
603 3962 743 4020 semiviva.
758 3962 869 4020 Gaudeo

71 4050 136 4122 quia
150 4048 245 4105 scienti
269 4048 357 4122 legem
381 4048 486 4123 loquor,
503 4052 546 4107 cui
563 4051 652 4106 omnia
668 4062 748 4122 prout
761 4059 869 4124 sonant,

72 4138 190 4211 sapiunt,
206 4143 233 4191 et
246 4135 357 4208 figuras,
374 4147 400 4193 et
424 4138 568 4212 aenigmata
588 4139 724 4212 intelligit,
740 4149 767 4196 et
787 4156 870 4211 cupo-

878 2946 900 3025 Β
916 2983 998 3048 blico,
1012 2989 1039 3037 et
1053 2982 1140 3047 solus,
1155 2992 1181 3036 ct
1195 2997 1256 3037 curn
1271 2982 1352 3049 aliis;
1378 2991 1407 3037 ut
1420 2992 1546 3052 parceret
1561 2991 1587 3038 ct
1604 2982 1665 3051 sibi,
1681 2992 1709 3039 et
1751 2966 1755 2973 ’

915 3070 994 3126 uobis
1020 3087 1026 3123 :
1052 3077 1081 3125 ut
1103 3069 1273 3125 conscientiae
1289 3086 1344 3125 suae
1358 3070 1543 3140 misereretur,
1568 3070 1669 3142 pariter
1682 3079 1711 3129 at

917 3157 998 3213 iarnae
1012 3167 1112 3213 nostra*
1131 3156 1159 3211 in
1179 3165 1247 3212 terra
1263 3156 1360 3223 aliona,
1376 3173 1410 3212 ne
1429 3168 1482 3214 tam
1497 3173 1568 3215 noca
1582 3159 1710 3230 plantatio

916 3248 1005 3318 aliquo
1020 3247 1126 3302 turbiue
1150 3261 1377 3303 commoveretur.
1393 3247 1558 3321 arguebam,
1581 3246 1710 3304 obsecra·

918 3338 989 3406 bam,
1016 3336 1197 3407 increpabam,
1219 3337 1336 3392 miscens
1356 3336 1506 3393 terroribus
1519 3335 1711 3407 blandimenta,

920 3441 954 3480 ne
969 3433 1079 3496 poneret
1096 3440 1144 3481 nos
1163 3425 1413 3497 subsannationem,
1431 3435 1457 3480 et
1473 3425 1591 3483 derisum
1610 3426 1654 3483 his
1667 3424 1714 3498 qui

919 3513 1079 3570 incircuitu
1100 3521 1193 3569 nostro
1214 3521 1286 3569 sunt.
1310 3513 1471 3570 Vulneribus
1493 3512 1613 3571 semivivi
1627 3514 1714 3571 nostri

919 3602 1011 3656 vinum
1038 3600 1135 3670 pariter
1148 3599 1233 3655 infudi
1253 3608 1280 3658 et
1293 3601 1401 3673 oleum,
1422 3601 1470 3658 sed
1490 3601 1647 3658 insanabilis
1663 3601 1717 3660 tuit

920 3690 1007 3745 dolor.

960 3781 987 3834 2.
1010 3777 1076 3832 Cum
1090 3776 1144 3846 J'am
1169 3792 1238 3848 pone
1253 3777 1345 3833 omnia
1363 3779 1539 3851 correptionis
1558 3787 1718 3854 argumenta

922 3870 1083 3934 consumpta
1096 3873 1197 3931 essent,
1217 3881 1267 3922 nec
1280 3866 1377 3923 vulnus
1391 3867 1494 3924 veniret
1507 3869 1541 3924 sd
1555 3869 1716 3944 cicatricem,

926 3955 1001 4010 timui
1026 3971 1059 4011 ne
1075 3954 1178 4012 scabies
1194 3961 1222 4010 et
1241 3955 1356 4025 putredo
1376 3954 1456 4011 unius
1468 3956 1583 4014 membri
1601 3959 1718 4030 reliquas

923 4050 1014 4117 partes
1037 4045 1162 4116 corporis
1181 4051 1333 4115 occuparet.
1356 4045 1411 4101 Sed
1425 4045 1487 4116 quia
1509 4048 1623 4104 verebar
1635 4063 1720 4119 opera

925 4151 997 4205 mea,
1012 4134 1061 4190 diu
1071 4133 1219 4205 supersedi,
1233 4142 1358 4190 metuens
1370 4150 1406 4190 ue
1421 4136 1478 4200 ille,
1488 4135 1536 4207 qni
1549 4136 1577 4191 in
1591 4136 1719 4208 angeium

76 4227 126 4284 nit.
150 4225 220 4294 Quid
250 4236 340 4283 nostra
369 4230 558 4300 paternitatem
592 4239 706 4286 nestram
732 4230 869 4301 epistolari
926 4226 995 4282 lucis
1021 4222 1263 4296 transfiguraverat
1285 4239 1326 4289 se,
1343 4223 1378 4280 ad
1405 4224 1565 4296 inJ‘uriarnm
1590 4225 1719 4285 ultionem

73 4315 197 4371 distendo
218 4316 355 4386 angustia,
369 4332 432 4372 cum
452 4317 486 4372 ad
511 4333 615 4382 vocem,
629 4318 732 4374 dudum
754 4319 869 4391 loquelae
890 4297 1055 4379 flmearum,
1070 4314 1120 4368 sub
1135 4311 1190 4369 zelo
1203 4311 1312 4383 justitiae
1325 4320 1353 4368 et
1365 4328 1458 4371 amore
1472 4313 1581 4371 Ordinis
1594 4331 1639 4372 me
1652 4331 1719 4390 pro·

75 4403 186 4478 grandis
201 4403 227 4458 in
245 4419 287 4459 me
312 4404 384 4477 ignis
402 4406 501 4462 amoris
515 4406 590 4462 omni
613 4409 766 4464 narratione
786 4410 869 4479 major

77 4493 191 4561 exarsit,
213 4492 248 4546 ita
263 4499 292 4547 ut
306 4491 421 4550 fructeta
435 4494 563 4552 vanitmis
585 4496 676 4552 omnia
699 4506 793 4553 crusta
807 4496 871 4570 aiut,

77 4589 180 4638 etcum
196 4596 297 4652 sponsa
307 4583 450 4639 clamarem
465 4601 517 4640 una
528 4600 614 4644 voce:
630 4585 704 4642 Filiae
713 4585 871 4655 Jerusalem,

78 4672 197 4728 nuntiate
213 4671 322 4737 dilecto,
339 4672 402 4745 quia
414 4689 506 4730 amore
520 4676 644 4750 langueo.
657 4675 724 4745 Quis
738 4677 803 4733 mihi
817 4676 873 4745 det,

79 4770 110 4816 nt
120 4761 317 4834 languenteset
329 4777 391 4832 vos,
402 4773 428 4817 et
443 4763 545 4820 bibatis
555 4766 681 4836 poculum
697 4779 752 4836 quo
767 4766 873 4837 potatis.

79 4850 229 4919 Indulgere,
254 4850 341 4918 Pater,
359 4851 514 4923 indulgete3
538 4854 620 4909 stulta
642 4853 712 4911 iacta
731 4871 803 4921 sum,
828 4871 877 4913 vos

80 4954 124 4992 me
141 4937 276 5007 coegistis.
293 4939 486 5011 charitasque
501 4949 542 4997 cst
557 4942 584 4996 in
599 4942 715 5010 Christo,
730 4952 808 5021 urget
822 4962 877 5016 mc,

83 5025 162 5097 plena
177 5024 285 5095 quidm
305 5044 362 5081 sum
379 5031 558 5098 sermonibus,
573 5039 600 5086 et
621 5032 689 5087 uteri
703 5034 756 5089 mei
769 5035 880 5106 spiritus

84 5130 127 5169 mo
141 5121 287 5170 coarctant.
300 5113 472 5186 Quapropter
482 5119 569 5176 verbis
581 5118 662 5174 finem
676 5119 818 5191 imponens
831 5124 880 5179 do-

84 5203 257 5258 minationem
283 5214 408 5274 restram,
429 5221 489 5276 quae
516 5207 595 5261 unica
622 5213 650 5261 et
674 5207 818 5280 singularis
841 5220 882 5267 est

86 5291 162 5358 milri,
172 5292 264 5364 llagito
281 5291 307 5346 iu
324 5293 429 5348 Cltristo
445 5295 508 5349 lesu
524 5309 573 5367 pro
586 5295 742 5352 vulneribus
756 5297 884 5370 interpel-

127 5433 222 5574 imi
240 5432 361 5504 Epistola
379 5447 458 5491 nova.

140 5506 210 5559 11311
242 5505 315 5560 Haud
340 5504 421 5560 dubie
446 5505 584 5574 Bernardi,
608 5506 656 5578 qui
680 5508 764 5566 abbas
787 5508 837 5567 fuit
855 5509 888 5567 ad

927 4410 1044 4458 vacaret.
1062 4402 1189 4457 luvocata
1213 4416 1278 4475 ergo
1297 4403 1324 4457 iu
1339 4402 1471 4458 auxilium
1487 4404 1609 4472 Domino,
1629 4420 1664 4462 ne
1677 4420 1721 4463 me

926 4500 1061 4562 pateretur
1075 4489 1209 4546 declinare
1231 4490 1266 4545 ad
1288 4491 1426 4547 dexteram
1452 4493 1496 4549 vel
1519 4495 1553 4549 ad
1573 4494 1720 4564 sinistram,

926 4581 1028 4638 bomini
1053 4581 1170 4652 superbo
1190 4590 1216 4637 et
1242 4582 1389 4639 contumaci
1408 4580 1503 4651 indixi,
1527 4598 1562 4639 ne
1588 4584 1721 4655 psalmum

929 4671 972 4730 vel
997 4670 1170 4740 auupshonam
1184 4669 1343 4743 imponeret,
1367 4673 1454 4727 donec
1472 4671 1640 4729 emendasset
1657 4670 1723 4729 illud

933 4760 1007 4832 quod
1022 4758 1154 4814 adversus
1167 4757 1238 4814 filios
1250 4760 1343 4816 matris
1358 4776 1414 4816 snae
1427 4761 1545 4833 ponebat
1556 4760 1721 4818 scandalum.
1743 4752 1746 4757 ’

931 4851 961 4904 ln
985 4848 1110 4904 omnibus
1132 4847 1174 4902 itis
1206 4863 1261 4903 non
1285 4859 1327 4903 est
1350 4865 1460 4906 aversus
1486 4848 1562 4905 luror
1590 4850 1660 4922 ejus,
1675 4848 1724 4907 ssd

931 4954 1027 4994 manus
1045 4939 1106 5008 ejus
1120 4947 1236 4993 extenta.
1252 4939 1319 4993 Nam
1340 4941 1385 5011 quei
1409 4941 1484 5008 prius
1499 4942 1606 4999 nolebat
1617 4953 1725 5000 cauare

932 5036 1052 5102 rogatus,
1069 5025 1220 5097 prohibitus
1235 5029 1359 5084 cantabat
1382 5047 1389 5086 :
1412 5030 1570 5101 antiphonas
1584 5033 1725 5105 imposuit,

934 5129 963 5178 et
982 5120 1089 5175 locutus
1110 5123 1152 5174 cst
1175 5125 1275 5187 mutus,
1292 5125 1320 5174 et
1339 5117 1478 5174 admiratae
1502 5129 1563 5175 eunt
1583 5123 1679 5179 turbae.
1695 5122 1726 5179 ln

938 5208 1058 5266 crastino
1099 5206 1226 5277 suspendi
1267 5207 1404 5262 hominem
1430 5223 1446 5261 a
1470 5223 1575 5265 ntensa.
1608 5210 1729 5281 Cumque

940 5297 1105 5355 ascendisset
1125 5312 1157 5352 cx
1185 5295 1307 5361 adrcrso,
1324 5300 1350 5353 et
1364 5296 1508 5369 oppositus
1523 5296 1587 5353 mibi
1605 5299 1632 5354 in
1647 5282 1751 5356 alters¹

943 5440 1259 5498 Sanctum-Anastasinm
1279 5454 1365 5512 prope
1380 5440 1502 5505 llomam,
1519 5440 1552 5496 de
1567 5456 1620 5510 qus
1637 5439 1666 5496 in
1680 5440 1734 5499 line

943 5511 1076 5584 epistolae.
1089 5513 1217 5583 Ejusdem
1235 5521 1298 5568 sutrt
1313 5512 1425 5584 epistola
1444 5515 1495 5569 313
1510 5522 1538 5568 et
1550 5514 1613 5569 311.
