3728 5940
74 193 131 255 116

805 187 982 253 eistete.

1665 188 1722 261 lli

74 319 112 375 de
126 315 328 383 manndomini,
339 318 502 389 boneqnere
516 330 571 375 non
584 315 912 411 suscipiamnstum·g
928 315 1007 373 minis
1030 314 1251 375 verecundissimi
1273 311 1447 381 confudistis3
1461 319 1490 371 et
1511 313 1588 384 cuius
1605 312 1664 371 iaus
1679 322 1721 372 est

75 408 226 481 quidecim
240 413 401 479 potestatem
428 407 532 463 habetis
549 407 685 479 deponere
702 415 824 478 potentes
838 407 873 464 de

75 497 193 561 661661
216 495 334 551 exaltare
358 495 471 553 humiles
490 510 545 551 non
567 495 693 552 habetis?
715 498 798 552 Porro
823 510 873 565 po·

75 594 171 642 testate
191 592 301 654 accepta
324 585 402 639 melle
417 584 444 639 in
469 584 551 648 malo,
573 600 655 656 qnam
676 584 703 638 in
728 586 800 641 bono
822 585 872 656 nti,

74 674 149 730 abuti
164 681 214 728 est.
241 673 372 728 Pretereu
396 672 504 744 angitur
526 672 624 727 debitis
638 673 739 738 multi,
765 673 874 730 666611

76 768 224 833 pauperet
246 762 324 832 inops
341 778 346 817 :
361 761 457 831 jubeat
478 761 622 817 auctoritas
636 770 726 817 vestre
744 762 874 819 derebus

75 848 276 920 episcopalibus
299 864 331 902 ea
352 847 433 904 solvi.
457 849 561 905 Durum
589 858 630 907 est
654 851 727 904 enini
747 850 827 907 simul
847 859 875 909 61

77 941 180 994 bonore
195 937 304 1008 privari,
320 945 346 993 et
360 952 443 993 onere
463 938 550 1007 premi
564 938 725 996 debitorum.

256 1057 422 1114 EPlS'l'Obh
445 1059 587 1116 ccxtvtt
611 1059 695 1130 (666).

165 1160 330 1202 16666666
345 1161 398 1202 666
412 1163 537 1204 66116661
552 1163 783 1205 incessetscoeo.

77 1237 210 1310 Displicet
225 1237 252 1290 ci
258 1252 382 1307 preceps
393 1241 421 1292 ct
434 1240 595 1294 severioris
612 1239 774 1295 86666666
785 1239 875 1297 orchi·

112 1324 274 1437 :megum
296 1309 459 1365 itememem
481 1311 635 1374 sententio,
657 1310 691 1364 dc
708 1311 797 1365 Pallii
821 1326 875 1367 asu

113 1465 305 1522 Amantissimo
320 1467 389 1537 patri
404 1475 432 1523 et
444 1467 554 1523 domino
573 1469 711 1541 Eucnnio,
728 1469 777 1525 Dei
788 1468 875 1542 gratia

77 1572 184 1613 summo
198 1553 330 1612 Pontifici.
342 1557 510 1613 6116616666
522 1557 752 1614 clarevellensis
761 1568 876 1616 vocatus

77 1647 172 1712 abbas,
190 1645 328 1700 modicum
343 1644 370 1701 id
385 1647 456 1717 quod
470 1654 522 1701 est.

928 423 955 462 in
982 407 1111 479 Ecclesia,
1135 406 1224 478 ipsum
1242 404 1271 460 in
1295 404 1363 461 fecie
1393 401 1518 459 66616616
1544 403 1720 462 humiliastis.

927 494 1092 551 Letificastis
1115 511 1209 551 omnes
1228 492 1352 549 inimicos
1373 491 1433 561 ejus
1454 490 1526 546 :sed
1544 498 1657 562 quantos
1673 507 1723 551 vos

927 584 1101 640 contristasse
1123 583 1246 655 putetis?
1269 582 1331 636 Nou
1362 591 1401 634 est
1429 580 1524 635 modus
1551 579 1722 648 condolendi,

927 672 990 742 quia
1004 672 1150 728 amicorum
1175 685 1227 726 uoti
1241 677 1283 725 est
1297 684 1436 725 numerus.
1457 668 1576 724 Dilectus
1590 682 1604 720 6
1619 667 1679 724 Deo
1694 678 1722 724 et

928 761 1096 825 bominibus,
1110 760 1221 832 grandis
1231 758 1349 815 ciiroinis
1363 757 1413 812 1611
1427 772 1530 830 poenes,
1547 756 1647 812 nullius
1658 771 1722 813 666·

927 848 1024 911 vietus,
1048 849 1147 905 nullius
1162 847 1312 904 confessus.
1338 846 1475 901 Tenemus
1493 845 1617 913 Phineas,
1635 843 1722 901 66611-

928 955 989 992 666
1021 939 1123 1005 66166;
1146 937 1281 993 israelites
1309 935 1467 1006 perfoditur,
1497 934 1545 989 sed
1573 948 1626 988 non
1656 949 1719 991 curii

928 1027 1108 1098 hfadianitide,
1141 1026 1289 1097 imponitur
1311 1024 1336 1081 ei
1360 1023 1432 1095 quod
1460 1024 1561 1095 Regem
1586 1021 1724 1078 coronavit

928 1116 1017 1187 (667);
1038 1116 1128 1172 sedin
1143 1115 1194 1173 hoc
1213 1131 1266 1170 nori
1281 1113 1417 1170 existinet
1431 1111 1581 1168 excessisse
1595 1125 1626 1165 66
1641 1118 1722 1165 teno-

928 1220 985 1259 rem
1001 1203 1202 1275 privilegiorum
1229 1217 1351 1259 suornm.
1367 1200 1500 1271 Objicitnr
1513 1198 1586 1271 quod
1605 1197 1723 1254 scienter

929 1292 1019 1350 divina
1046 1291 1248 1365 presumpserit
1274 1290 1412 1348 celebrare
1445 1289 1473 1344 io
1500 1286 1616 1344 ecclesia
1644 1284 1726 1340 inter·

930 1381 1023 1436 dicta:
1045 1390 1137 1452 negat.
1152 1380 1207 1436 Suo
1231 1389 1351 1451 ternpore
1375 1377 1531 1448 probabitur
1554 1373 1633 1443 illud,
1656 1389 1725 1443 pur-

929 1469 1034 1542 gabitur
1046 1469 1129 1526 istud.
1144 1470 1211 1525 Esto
1225 1476 1315 1525 tamen
1332 1476 1477 1539 :putemus
1487 1463 1579 1521 omnia
1589 1471 1722 1533 constare,

929 1572 1107 1629 quecumque
1125 1557 1154 1611 in
1168 1559 1306 1613 absentem
1321 1554 1480 1611 adversariis
1495 1555 1555 1623 ejus
1569 1551 1655 1619 licuit,
1670 1557 1720 1607 eut

928 1646 1007 1701 libuit
1015 1645 1100 1718 loqui.
1115 1645 1249 1701 Debuitne
1259 1647 1309 1701 666
1322 1644 1380 1700 6616
1393 1657 1514 1707 excessu,
1530 1641 1608 1709 cujns
1621 1646 1720 1695 enters

114 1738 139 1789 t.
156 1735 250 1791 Parcet
262 1734 339 1789 vobis
354 1735 429 1791 Deus
446 1752 454 1790 :
469 1734 536 1807 quid
555 1733 681 1791 tooisrtat
697 1736 802 1793 Faciem
818 1738 871 1792 hu-
923 1735 1072 1799 laudabilia
1093 1735 1263 1806 exstiterunt,
1285 1741 1339 1790 tam
1352 1733 1420 1788 dore
1443 1730 1528 1801 feriri,
1548 1740 1604 1786 tem
1623 1743 1715 1785 severe

125 1838 189 1907 666)
206 1837 314 1908 Scripta
327 1854 398 1893 anno
412 1837 510 1894 Christi
526 1840 605 1895 1116.
924 1841 1123 1915 Mogontinensi
1137 1841 1342 1911 archiepiscopo
1352 1839 1388 1896 cb
1402 1840 1430 1898 S.
1446 1835 1622 1900 bonifacium,
1639 1850 1717 1907 reges

126 1910 189 1978 661)
203 1910 265 1964 Non
283 1910 368 1966 semel
384 1909 548 1966 Lndovicum
561 1909 574 1962 1
579 1910 699 1965 unionem
713 1917 872 1967 coronatum
923 1912 1111 1982 Hispaniarum
1125 1914 1254 1969 Toletano
1262 1919 1374 1994 propter
1384 1909 1412 1966 S.
1428 1908 1625 1974 Eleutherion,
1638 1921 1719 1977 reges

76 1982 150 2054 lego.
163 1980 251 2035 Primo
261 1980 370 2052 quidem
381 1981 485 2036 vivente
501 1988 577 2051 patre
588 1980 680 2037 Remis
694 1980 872 2055 inauguratus
922 1982 1075 2056 Anglornm
1084 1983 1269 2041 cantuariensi
1283 1986 1319 2039 66
1328 1983 1356 2038 S.
1372 1982 1556 2053 augustinum
1571 1995 1578 2032 ε
1596 1975 1719 2048 quamvis

78 2066 206 2108 coronam
230 2051 335 2123 accepit
362 2053 397 2106 ab
421 2051 578 2108 Innocentio
602 2067 672 2124 6666
691 2067 763 2108 6666
791 2056 871 2109 1161,
924 2071 974 2126 pro
1000 2056 1121 2112 locorum
1141 2064 1345 2125 temporumque
1368 2049 1574 2107 necessitatibus
1591 2049 1643 2105 hoc
1660 2047 1717 2102 Re-

78 2122 182 2178 Deinde
196 2121 343 2177 Ordericns
357 2122 452 2178 vitalis
469 2123 536 2178 libro
550 2137 613 2187 xiii,
629 2124 662 2177 ad
676 2138 775 2178 annum
791 2127 871 2191 1136,
923 2127 1025 2181 mensis
1038 2124 1234 2195 archiepiscopi
1247 2123 1416 2196 privilegium
1433 2120 1559 2205 legitime
1572 2118 1718 2200 dispense-

79 2193 375 2268 Ditnrigiscoronatum
389 2193 523 2249 tradithis
536 2195 626 2249 verbis
641 2211 648 2251 :
666 2212 679 2245 v
696 2194 776 2250 6666
791 2199 871 2264 1136,
925 2196 991 2253 11661
1007 2198 1085 2253 fuerit
1098 2198 1255 2252 obnoxiam.
1271 2197 1327 2251 Noc
1341 2195 1412 2250 aliud
1428 2193 1556 2249 existimo
1570 2194 1719 2245 roten-hese

80 2265 173 2322 indict.
192 2269 217 2319 1.
234 2265 385 2321 Ludovicns
400 2281 446 2320 rex
461 2265 627 2321 Francorum
645 2265 716 2335 apud
730 2265 872 2322 Bituricam
924 2270 1032 2326 ivonem
1046 2270 1242 2324 carnotensem
1253 2268 1279 2321 iii
1293 2283 1341 2322 sue
1356 2267 1401 2321 1116
1414 2263 1515 2321 celebri
1526 2260 1642 2331 epistula
1656 2263 1720 2324 169,

79 2336 105 2391 16
124 2335 217 2391 Natale
231 2334 339 2392 Domini
352 2345 495 2393 coronatus
510 2343 560 2403 cst,
582 2336 674 2408 ibique
687 2335 785 2420 ingens
799 2338 873 2394 ouria
925 2356 978 2412 qua
997 2340 1122 2396 Ludovici
1134 2339 1169 2393 Vi
1183 2340 1332 2393 solemnem
1347 2334 1578 2407 inaugurationem
1598 2330 1719 2387 611616-

79 2406 209 2464 66611166
232 2413 259 2462 61
279 2405 451 2465 mediocrium
467 2407 586 2462 virorum
600 2407 634 2463 de
655 2422 728 2463 omni
742 2407 831 2464 Gallio
846 2414 874 2464 et
925 2411 1003 2466 berto
1016 2409 1211 2466 6666666666
1235 2408 1436 2478 archiepiscopo
1452 2403 1568 2461 huvelie
1588 2409 1722 2473 peractam

81 2477 233 2549 hquitanie,
249 2477 365 2548 aliisque
383 2478 544 2535 circumsitis
556 2477 712 2533 nationibus
724 2487 874 2550 aggregata
927 2489 1086 2562 propugnat.
1118 2479 1189 2534 61161
1203 2479 1288 2546 6616,
1312 2477 1396 2547 Epist.
1416 2479 1461 2541 16,
1487 2475 1558 2529 6666
1578 2471 1721 2529 Remeosis

80 2559 130 2614 est,
145 2551 212 2606 11166
236 2550 435 2619 metropolitani
449 2550 589 2622 presules,
610 2565 757 2622 eorumque
772 2550 874 2604 suffra·
926 2551 1045 2607 ecclesie
1059 2550 1269 2621 prerogativam
1278 2548 1410 2621 agnoscit,
1425 2547 1461 2602 ad
1476 2545 1613 2603 Urbanum
1623 2558 1721 2615 papam

80 2619 163 2693 genai
177 2627 368 2686 convenerunt,
380 2621 445 2676 illoc
459 2622 596 2689 consules,
607 2620 718 2692 alieqne
728 2622 874 2693 dignitates
926 2622 1059 2686 scribens,
1083 2622 1178 2676 eadem
1202 2622 1291 2675 sedem
1318 2641 1329 2669 ι
1345 2619 1471 2674 1161666
1487 2619 1560 2689 regni
1580 2616 1688 2675 habere.
1706 2633 1719 2695 ¹!

80 2691 420 2764 confluxerunt,suumqne
431 2691 590 2748 famulatum
600 2706 670 2755 nouo
681 2691 875 2764 rogiexhibne·
926 2692 1025 2749 16616
1044 2693 1097 2748 elia
1117 2692 1162 2747 illa
1180 2691 1324 2762 66161616(
1343 2704 1397 2746 non
1413 2688 1533 2745 invidere
1547 2706 1576 2746 se
1593 2690 1721 2745 Remensi

81 2773 151 2818 rnot.
175 2785 187 2814 a
212 2764 251 2817 lta
266 2763 420 2834 ordericus,
444 2762 491 2835 qni
514 2779 613 2819 novum
635 2778 727 2835 regem
745 2762 873 2834 appellat,
928 2763 1056 2829 ecclesie,
1073 2778 1125 2818 noti
1140 2778 1306 2835 repugnare,
1319 2776 1373 2816 non
1389 2760 1509 2816 dotare»
1531 2763 1720 2831 prostestatttr,

80 2834 154 2906 qood
168 2850 213 2888 rex
233 2833 385 2906 Aquitaniae
399 2841 473 2903 tone,
490 2841 596 2887 mortuo
610 2842 697 2902 petre,
712 2833 747 2888 sit
761 2848 875 2889 corona·
932 2835 982 2890 «si
1006 2834 1091 2905 Reges
1113 2834 1278 2890 Francomm
1301 2849 1365 2906 erga
1385 2847 1442 2886 eam
1466 2831 1608 2887 habuerint
1622 2835 1722 2885 166166

82 2914 135 2960 tus.
169 2906 218 2961 Hic
248 2905 343 2961 iterum
370 2915 524 2961 coronatum
552 2904 677 2958 videmus
704 2920 720 2958 6
747 2884 1154 2969 Samsooessdevotionem,ut
1177 2901 1600 2973 mattotametropotitaooejui
1623 2911 1722 2982 eonse-

80 2978 224 3032 Remorum
239 2977 443 3047 archiepiscopo
466 2984 528 3032 ante
541 2975 741 3047 expeditionem
764 2976 875 3032 Jeroso·
928 2977 1007 3041 erari,
1017 2992 1099 3047 qnam
1113 2977 1147 3032 ab
1162 2976 1214 3030 alio
1230 2993 1236 3032 :
1253 2996 1264 3026 i
1282 2975 1330 3029 sed
1346 2983 1436 3028 tamen
1451 2973 1599 3045 legitimam
1614 2973 1722 3040 dispeu-

80 3047 249 3119 fymitanam,
264 3047 332 3103 forte
357 3056 385 3101 ut
405 3049 584 3103 inconvento
608 3047 721 3101 solemni
742 3046 876 3102 fidelitatis
928 3047 1056 3103 sationem
1082 3048 1110 3101 iri
1132 3046 1279 3101 Daimberti
1296 3047 1365 3100 facto
1389 3051 1528 3123 1661666
1553 3043 1632 3114 Quod
1655 3054 1722 3121 eigo

81 3126 278 3174 sacramentnm
300 3119 469 3174 discessurus
484 3133 501 3171 6
524 3116 638 3172 subditis
662 3117 804 3186 exciperet.
820 3119 876 3172 116-
929 3117 1076 3177 fecimus.»
1095 3116 1121 3171 in
1142 3117 1190 3185 uit,
1207 3116 1286 3186 epist.
1304 3118 1365 3179 169,
1385 3115 1517 3169 «salubri
1531 3115 1723 3168 deliberatione

78 3190 125 3258 jus
145 3201 288 3258 postreme
302 3190 465 3245 celebritatis
486 3188 575 3244 locum
590 3188 712 3243 Horatius
726 3188 877 3258 suspicatur
929 3199 954 3244 et
987 3187 1097 3260 provide
1122 3134 1323 3258 dispensatione
1352 3185 1474 3253 fecimus,
1502 3183 1634 3239 Nimirum
1661 3181 1724 3263 quie

81 3260 166 3314 inisse
179 3262 273 3315 urbem
288 3261 490 3331 Camotensem,
506 3259 553 3314 ubi
568 3260 600 3314 de
615 3259 786 3330 expeditione
799 3261 876 3315 Jeru-
929 3266 1005 3315 erant
1019 3259 1129 3332 quidem
1145 3258 1220 3333 regni
1243 3256 1454 3330 perturbatores,
1470 3257 1514 3327 qui
1530 3256 1564 3311 61
1580 3257 1637 3310 bec
1649 3265 1724 3308 omni

80 3331 243 3401 solymitana
258 3341 346 3388 actum
366 3341 417 3387 est.
437 3335 472 3387 11
493 3333 561 3387 6666
579 3332 783 3389 coronationem
805 3331 875 3402 apud
928 3330 1019 3387 studio
1033 3331 1189 3402 vigilabant,
1207 3338 1237 3385 ut
1249 3338 1295 3385 aut
1310 3342 1422 3400 regnum
1442 3327 1470 3382 16
1485 3326 1564 3382 61166
1579 3337 1724 3399 personent

81 3402 216 3473 Biturigas
230 3403 325 3459 iactam
341 3402 508 3474 fuissepatet
522 3419 554 3458 eii
568 3402 689 3472 epistole
703 3411 840 3471 contextu,
852 3409 877 3456 et
930 3401 1130 3467 transferretur,
1157 3409 1204 3457 aut
1229 3416 1284 3458 non
1312 3397 1482 3472 mediocriter
1505 3399 1683 3452 minneretur.
1708 3412 1720 3444 i

81 3489 114 3528 ex
129 3474 224 3528 litteris
238 3473 355 3546 fingenii
369 3475 405 3528 111
428 3474 455 3528 16
477 3473 642 3529 Patriarohio
660 3473 818 3530 Bituriceosi
834 3488 876 3528 re·
929 3471 1007 3542 Quod
1023 3489 1088 3544 ergo
1112 3471 1284 3545 privilegium
1300 3469 1371 3525 istud
1391 3484 1441 3524 nec
1460 3468 1571 3531 ratione,
1592 3482 1641 3522 nec
1653 3480 1722 3522 con-

83 3544 145 3598 latis
170 3561 177 3596 :
202 3561 232 3599 ex
255 3544 357 3613 quibus
377 3544 552 3616 intelligimus,
567 3543 722 3616 Eugenium
745 3544 876 3614 sensisse,
930 3545 1082 3609 suetudine,
1099 3560 1149 3600 nec
1170 3544 1229 3615 lege
1242 3543 1364 3599 fulcitum
1383 3554 1446 3596 asse
1468 3538 1723 3619 6161666666661

83 3614 274 3669 bituricensem
290 3615 442 3676 ecelesiam,
458 3616 485 3667 in
504 3629 558 3683 qua
574 3614 692 3669 Samson
710 3628 787 3669 secra
802 3614 876 3669 fece·
930 3615 1049 3669 absolute
1062 3615 1260 3685 explicandum,
1276 3613 1322 3668 sed
1337 3627 1370 3667 oo
1383 3611 1511 3666 duntaxat
1526 3610 1610 3667 tendit
1622 3622 1724 3665 nervus

83 3692 135 3747 rat,
151 3684 292 3739 interdicto
312 3684 480 3754 suppositam
502 3683 597 3738 fuisse.
619 3684 811 3740 Patriarcbium
834 3683 878 3738 Bi·
932 3684 1096 3740 inductioois
1121 3700 1200 3754 quam
1214 3680 1400 3739 consuetudini
1412 3682 1533 3751 opponit,
1545 3690 1574 3736 ut
1587 3678 1722 3759 ostendat,

83 3755 220 3810 turicense
245 3753 344 3808 editum
371 3754 491 3822 reperies
515 3754 588 3823 apud
613 3754 750 3810 Lebbeum
764 3755 793 3809 in
807 3762 879 3811 tomo

82 3822 202 3881 secondo
217 3822 388 3879 bibliothece
403 3838 489 3880 nove.
504 3824 544 3878 Ex
559 3823 608 3878 hec
622 3839 704 3894 porro
718 3825 880 3894 6616161661

82 3910 115 3948 ex
131 3891 183 3948 alia
198 3893 287 3948 lvonis
302 3909 363 3949 mox
382 3894 489 3949 citanda
513 3904 634 3965 apparet,
648 3894 880 3964 arehiepiscopum

84 3967 248 4020 Remensem
272 3964 442 4021 contendisse
462 3965 509 4032 166
533 3966 681 4023 coronandi
701 3966 801 4038 Reges,
821 3965 880 4020 ubi·

82 4035 876 4163 6666661666666661666116116661616166666166.
1153 4104 1158 4114 Ι
1386 4102 1392 4114 ,
1456 4101 1463 4112 ‚

83 4107 161 4175 Quod
183 4109 277 4163 Petrus
299 4107 483 4178 bituricensis,
506 4117 533 4162 et
555 4115 616 4164 ante
630 4123 693 4163 eum
711 4107 757 4164 lvo
797 4123 878 4164 arno·
934 4118 960 4161 ct
984 4106 1019 4161 ab
1042 4105 1243 4176 archiepiscopo
1268 4104 1393 4159 Remeosi
1413 4100 1562 4158 faciendam
1581 4100 1632 4157 sub
1647 4115 1725 4171 prena

84 4179 167 4234 tensis
179 4180 323 4251 negabant.
346 4180 374 4233 fii
391 4179 441 4234 hac
464 4193 528 4234 vero
542 4179 658 4249 epistola
679 4179 708 4234 S.
724 4180 878 4236 Bernartius
894 4157 918 4237 ὓ
934 4176 1109 4232 anathematis
1130 4176 1164 4230 ab
1188 4191 1230 4239 eo,
1246 4176 1293 4247 qui
1308 4190 1389 4230 secus
1403 4171 1648 4254 quomodocunque
1663 4177 1725 4252 ten-

931 3755 1004 3824 quod
1030 3774 1041 3804 ι
1064 3754 1228 3810 Francorum
1254 3770 1281 3808 re
1303 3769 1332 3806 es
1354 3767 1407 3805 non
1431 3767 1524 3808 omnes
1547 3753 1574 3806 in
1596 3753 1724 3806 Remensi

932 3823 1054 3891 ecclesia,
1069 3823 1112 3879 vel
1131 3840 1146 3877 6
1161 3770 1339 3878 6666661666
1352 3822 1563 3893 archiepiscopis
1586 3821 1640 3877 sint
1657 3834 1724 3900 con·

932 3893 1036 3959 secreti,
1055 3914 1066 3944 i
1116 3894 1168 3947 nod
1195 3893 1265 3949 ultro
1289 3893 1412 3947 fatemur.
1430 3893 1458 3945 16
1473 3891 1499 3945 11
1515 3906 1579 3947 vero
1594 3897 1667 3947 totus
1680 3905 1725 3943 in-

933 3967 1059 4021 cumbere
1072 3911 1186 4030 6116166,
1211 3971 1240 4018 61
1255 3970 1347 4034 neget,
1364 3961 1471 4016 sublata
1484 3961 1602 4031 qualibet
1612 3960 1724 4082 (116666-

932 4035 1046 4106 satione,
1060 4035 1165 4104 Regum
1188 4032 1415 4090 consecrationem
1439 4046 1546 4100 semper
1558 4029 1586 4084 in
1613 4044 1726 4086 eccesia

84 4253 154 4306 hanc
168 4249 309 4305 hamensis
345 4249 541 4331 archiepiscopi
577 4250 785 4322 prerogativam
821 4266 876 4306 tion

85 4321 203 4377 omnimo
217 4321 359 4386 inficiatur,
375 4320 430 4376 imo
450 4321 593 4377 admittere
606 4321 722 4377 videtur.
737 4321 878 4392 Hujusque

85 4391 209 4447 meminit
226 4393 352 4449 silvester
371 4393 394 4447 11
415 4407 488 4464 6666
506 4392 534 4447 16
547 4394 665 4464 quadem
685 4391 759 4447 bulla
772 4394 805 4447 ed
821 4393 877 4447 AF*

85 4462 189 4519 nulfum
205 4465 347 4521 Remorum
369 4466 522 4533 presulem,
538 4479 619 4535 quem
634 4464 669 4519 ob
691 4462 812 4534 perfidie
826 4477 878 4519 no·

72 4533 139 4588 'tam
154 4550 325 4606 suspensum,
340 4549 411 4588 anno
435 4534 533 4589 99916
556 4533 695 4606 pristinam
718 4533 878 4607 dignitatem

86 4612 112 4658 et
125 4606 184 4672 jura
199 4608 289 4660 omitia
303 4605 427 4661 restitnit.
447 4626 458 4654 s
479 4604 660 4661 Concedimns
674 4604 730 4674 tibi,
752 4625 764 4656 6
781 4604 878 4676 inquit,

89 4697 101 4723 s
122 4690 169 4746 per
183 4677 264 4745 hujus
278 4675 412 4757 Pririlegii
425 4684 533 4739 statuta,
545 4676 639 4731 baculo
653 4677 806 4748 annuloque
820 4675 879 4731 red·

86 4746 150 4801 ditis
164 4746 387 4819 archiepiscopali
410 4746 499 4803 officio
522 4745 608 4819 fungi,
624 4754 650 4801 et
673 4748 797 4804 omnibus
810 4745 878 4802 insi·

86 4817 186 4942 gelbus
201 4834 377 4890 quecumque
390 4817 423 4872 ad
446 4824 545 4875 sancte
565 4817 737 4881 metropolim
750 4817 880 4873 Ecclesie

110 4890 224 4944 emensis
248 4889 392 4960 pertinent,
408 4888 489 4944 solito
513 4903 587 4944 more
604 4888 715 4960 perfrui,
737 4888 816 4960 661116
836 4903 881 4944 so-

87 4960 270 5014 lemnitatibus
290 4960 408 5015 assuetis
436 4959 531 5024 uteris,
557 4958 742 5014 benedictione
765 4958 878 5030 Regum,

86 5035 113 5083 ot
129 5029 310 5096 subjectorum
327 5031 528 5101 episcoporum.
551 5049 563 5079 i
580 5029 613 5085 61
631 5037 703 5087 certe
719 5030 881 5086 convenian-

88 5098 340 5163 666166666161
363 5115 455 5156 6666
475 5103 504 5154 R.
520 5100 646 5170 Remigio
668 5100 814 5156 Remorum
835 5117 880 5155 ar-

87 5170 258 5239 chiepiscopo
281 5171 463 5241 suscepissent
485 5172 573 5244 Reges
600 5171 815 5227 christianissimi
835 5187 880 5227 re-

89 5241 155 5308 galis
180 5241 323 5297 sacerdotii
347 5241 515 5314 dignitatem,
531 5242 645 5297 coelestis
666 5258 700 5298 ne
713 5255 821 5298 corone
840 5245 881 5312 61-

88 5330 158 5384 gnns
176 5329 223 5382 per
238 5311 404 5381 baptismum
418 5320 445 5367 et
457 5312 609 5367 christiane
629 5260 765 5386 religionis
779 5312 883 5383 protes·

89 5384 201 5451 sionem,
223 5383 258 5437 ad
278 5384 399 5454 ejusdem
414 5382 493 5440 etiam
508 5397 679 5438 successores
690 5385 884 5441 consecrandi>

89 5471 150 5509 rum
172 5455 441 5528 coronandorumque
462 5469 558 5524 regum
576 5453 781 5528 prerogativam
795 5455 884 5512 refori-

89 5526 184 5583 derent
198 5543 206 5581 2
221 5535 251 5582 ut
274 5526 355 5582 simili
378 5526 411 5582 16
430 5539 512 5583 66666
534 5524 711 5597 imperatores
730 5526 882 5584 tribuerunt

931 4256 1010 4313 taret,
1030 4246 1199 4310 incurrendi,
1219 4245 1292 4318 quod
1308 4245 1359 4316 ipsi
1374 4245 1519 4300 Remenses
1536 4243 1616 4316 legati
1632 4258 1661 4298 m
1673 4251 1725 4297 ista

930 4335 1013 4375 cause
1026 4333 1123 4392 urgere
1140 4317 1306 4382 videbantur,
1322 4323 1391 4371 16616
1409 4313 1528 4371 1166161
1542 4315 1726 4370 continuatore

931 4391 959 4445 in
975 4392 1022 4445 lib.
1037 4392 1053 4443 6
1070 4391 1104 4444 16
1117 4387 1210 4445 Gestis
1224 4388 1397 4452 Francorum,
1411 4401 1472 4458 666.
1487 4389 1532 4442 66.
1554 4384 1657 4443 Confer
1669 4384 1726 4439 Hu-
1791 4427 1795 4433 .

950 4477 1031 4516 oriem
1040 4461 1067 4515 in
1083 4461 1216 4517 Chronico
1231 4459 1458 4515 autissiodorensi
1474 4457 1507 4511 ad
1526 4472 1627 4512 annum
1643 4455 1725 4513 1161.

931 4478 1051 4588 {andem
1066 4546 1130 4586 vero
1150 4546 1184 4585 ne
1198 4546 1252 4601 qna
1268 4530 1300 4583 lis
1315 4529 1449 4585 haedere
1464 4527 1491 4582 in
1507 4539 1644 4597 posterum
1658 4528 1724 4582 sub·

933 4603 1057 4669 oriretur,
1077 4601 1229 4656 Ludovicns
1249 4600 1299 4656 vtt
1317 4600 1473 4656 66661119
1492 4597 1605 4653 solemni
1620 4604 1725 4651 senten·

933 4674 968 4730 tia
983 4676 1052 4729 hanc
1066 4672 1208 4729 Remensis
1221 4669 1416 4741 archiepiscopi
1432 4669 1646 4748 prerogativam·
1658 4681 1726 4746 cori·

932 4745 1056 4812 firmavit,
1072 4743 1217 4800 Alexandri
1239 4749 1266 4798 et
1288 4739 1436 4797 innocentii
1459 4739 1550 4794 itidem
1573 4739 1609 4793 111
1630 4740 1726 4792 litteris

952 4826 1029 4872 ostea
1042 4816 1253 4886 comprobatam.
1278 4813 1356 4867 Plora
1376 4810 1421 4883 qui
1440 4809 1522 4875 uolet,
1544 4809 1616 4887 legat
1629 4807 1726 4891 libram

932 4832 1067 4945 guilielmi
1077 4885 1193 4950 ifarloti,
1209 4883 1299 4938 Sancti
1312 4881 1413 4939 Nicasii
1428 4879 1569 4935 Remensis
1584 4879 1728 4959 66661666-

934 4959 981 5025 ris,
997 4957 1030 5013 de
1045 4958 1108 5011 lnau
1132 4955 1254 5011 oratione
1268 4955 1374 5026 Regum
1387 4952 1550 5007 Francorum
1561 4949 1659 5022 gallice
1674 4948 1729 5005 edr-

935 5039 988 5084 tnm
1004 5044 1075 5085 anno
1091 5028 1169 5094 1661,
1192 5025 1220 5079 16
1248 5041 1302 5096 quo
1316 5023 1471 5080 doctissime
1488 5036 1520 5076 ac
1534 5021 1645 5092 copiose
1658 5023 1729 5075 hauc

935 5099 1071 5155 materiam
1086 5096 1270 5167 pertrectavit.
1282 5094 1363 5164 Quod
1378 5093 1494 5165 pertinet
1507 5090 1623 5164 61661111
1639 5106 1728 5157 usum,

935 5186 1017 5244 quem
1040 5167 1161 5223 Pontifex
1190 5167 1314 5222 Samsoni
1342 5163 1526 5227 interdixerat,
1554 5162 1654 5218 mirum
1689 5163 1730 5218 eet

934 5256 988 5312 quo
1013 5241 1041 5294 iii
1065 5238 1153 5309 pretio
1171 5237 1253 5292 fuerit
1273 5253 1306 5294 eo
1330 5233 1499 5306 potissimum
1515 5236 1676 5299 66661661
1700 5232 1729 5288 S.

936 5311 1088 5368 Bernerdns
1117 5307 1285 5364 tolerabilius
1311 5306 1418 5362 duxerit
1439 5304 1564 5362 interdici
1592 5303 1642 5361 sibi
1661 5302 1729 5359 liis·

937 5398 1027 5439 earnm
1056 5378 1274 5444 celebrationem,
1300 5393 1381 5450 quarn
1408 5375 1574 5458 archiepisco
1602 5374 1730 5433 Remensi

957 5453 1009 5506 allii
1025 5466 1111 5519 risam,
1125 5465 1175 5523 pro
1189 5465 1244 5535 qno
1257 5449 1337 5506 etiam
1351 5448 1380 5505 S.
1396 5446 1538 5504 lfalachies
1557 5462 1592 5504 ex
1604 5444 1732 5504 Ribernie

936 5471 979 5582 616
991 5524 1103 5583 Romam
1116 5521 1250 5596 proticisci
1269 5536 1325 5578 non
1337 5518 1508 5577 dubitaverit.
