3728 5940
208 198 259 256 491
675 197 702 253 S.
724 192 892 253 BElililllllll
913 191 1050 251 nonalis
1066 191 1377 256 ultum-vatttitsts
1803 211 1856 271 492

208 324 309 378 bonum
332 333 369 377 ast
387 329 415 376 ut
430 328 519 376 vestra
542 319 697 376 arrctoritatc
721 318 851 375 firmetur.
876 318 1003 374 Similiter
1019 331 1042 409 st
1058 319 1212 381 tenderunt,
1237 319 1359 378 videntes
1376 339 1437 396 quac
1458 341 1536 382 nemo
1558 329 1647 385 adbuc
1671 332 1761 389 ridere
1785 335 1855 392 alios

206 420 234 469 et
261 427 311 483 pro
330 408 441 466 decanis
469 408 656 466 Suessionensi
684 415 711 465 ct
737 408 923 466 Cameracensi
956 423 1002 464 ro·
1057 408 1165 479 potuit?
1181 407 1323 481 Suspecta,
1352 411 1444 481 fateor,
1474 416 1540 470 mibi
1565 419 1657 475 borum
1681 422 1780 479 delatio
1801 437 1851 482 est.

205 518 312 575 gamus,
332 507 361 555 ut
380 498 470 574 dignae
488 514 581 572 preces
606 514 699 556 corum
720 498 905 556 exaudiantur.
929 497 1003 554 Peri·
1055 497 1143 568 blagis
1157 505 1243 552 autem
1259 499 1444 558 incredibilem
1465 505 1551 561 reddit
1571 522 1640 563 unus
1660 508 1781 579 illorum,
1798 530 1851 572 no-

204 591 296 647 clinati
328 604 422 646 sumus
447 589 476 645 in
508 588 584 645 falsis
601 587 739 660 iratribus,
767 595 794 644 et
829 587 920 644 multae
957 586 1002 641 lit·
1055 585 1127 642 mine
1153 587 1338 658 llaymundus,
1366 592 1411 662 qui
1438 602 1469 649 ut
1490 594 1575 663 aiunt,
1605 608 1685 669 caput
1709 608 1750 656 ert
1772 603 1854 674 trojus

203 689 268 738 terae
297 678 403 737 ialsotae
433 679 484 736 sub
518 677 614 736 falsato
642 676 732 752 sigillo
769 687 861 734 nostro
888 676 915 732 in
944 691 1000 732 ma·
1054 682 1189 731 attentatae
1205 676 1326 744 malitiae;
1348 679 1441 748 bomo,
1457 692 1486 738 ut
1506 686 1637 755 comperi,
1657 685 1850 763 uesperam

201 787 253 828 nus
279 770 424 828 multorum
449 768 573 826 exierunt
596 785 603 825 :
629 777 666 835 et,
689 768 763 843 quod
787 767 874 843 magis
893 781 998 836 uereor,
1053 764 1161 836 loquar,
1175 763 1243 820 elam
1259 781 1385 836 ausuram
1401 773 1480 827 anxia
1502 772 1672 842 ambitiosus,
1699 779 1850 840 adulatorie

201 862 283 918 etiam
316 874 402 932 usque
439 858 474 914 ad
509 872 557 914 vos
584 856 683 916 dicitur
709 855 809 914 falsitas
845 856 999 929 pervolasse
1052 852 1181 922 blandus;
1199 861 1270 911 totos
1284 859 1496 928 compositusad
1512 861 1668 935 fallendum,
1684 867 1716 921 ad
1738 878 1849 937 pervus.

200 951 288 1023 (tot).
308 950 364 1007 Hac
386 946 548 1005 necessitate
575 946 680 1018 abjecto
705 945 764 1018 illo,
793 945 901 1004 novello
925 945 997 1018 quod
1051 939 1169 998 bandum
1184 957 1239 998 non
1256 943 1356 1001 miuus.
1377 946 1474 1003 Notavi
1494 949 1544 1005 sub
1563 951 1633 1023 pelle
1646 954 1726 1012 ovina
1740 957 1847 1031 lupum,

200 1038 310 1098 cernitis
335 1039 369 1095 de
394 1051 465 1096 novo
488 1036 599 1109 utimur,
619 1035 774 1095 continente
797 1045 825 1092 et
848 1032 997 1107 imaginem
1050 1045 1081 1086 ac
1095 1030 1176 1087 certis
1189 1031 1328 1106 designavi
1342 1034 1459 1103 indiciis,
1473 1039 1848 1110 quojamautmordaranan

199 1136 331 1199 nostram,
355 1137 382 1185 et
398 1141 499 1184 nomen
520 1124 607 1200 (tvo).
622 1126 752 1201 Figuram
774 1123 854 1182 aliam
867 1129 996 1197 uuquam
1049 1119 1155 1187 audeat,
1172 1128 1331 1179 ³Ui¹10cere
1346 1125 1512 1182 nonantaat.

197 1232 230 1274 ex
249 1224 341 1275 nostra
364 1221 442 1286 parte
463 1215 522 1286 jam
544 1228 601 1271 non
614 1213 762 1286 recipiatis,
780 1211 833 1270 nisi
855 1212 925 1270 torte
945 1226 994 1284 pro
1207 1210 1376 1268 Evlsvota
1396 1213 1579 1273 cctxxxu
1597 1218 1682 1292 (769).

196 1305 325 1379 episcopo
340 1303 535 1373 Clari-Montis,
551 1304 594 1360 cui
618 1305 668 1361 sub
688 1304 771 1360 altero
786 1301 876 1376 sigillo
891 1300 995 1359 litteras
1254 1315 1291 1357 ao
1310 1316 1436 1366 sunnam,
1455 1319 1508 1360 nno
1527 1321 1633 1366 nouus.

196 1394 266 1460 dedi,
282 1411 344 1452 cum
363 1394 479 1452 necdum
497 1393 569 1450 istud
584 1392 723 1450 haberem.
1082 1386 1110 1443 Si
1145 1390 1342 1448 susurrationes
1377 1399 1404 1448 et
1431 1394 1618 1466 subreptiones
1654 1401 1846 1470 praestamina

408 1506 579 1568 EPISTOLA
593 1507 777 1565 CCLXXXV·
1046 1475 1179 1534 adversus
1190 1477 1315 1534 abbatem
1330 1478 1567 1556 Sancti-Dionysii,
1582 1486 1700 1545 muudus
1714 1506 1767 1565 ago
1780 1509 1841 1551 sum

1045 1579 1061 1620 a
1084 1565 1218 1639 sanguine
1236 1568 1306 1639 ejus,
1331 1569 1378 1643 qui
1398 1569 1493 1642 scripsi
1517 1573 1544 1627 in
1568 1573 1621 1631 alia
1634 1575 1693 1634 vice
1711 1580 1842 1642 adversus

192 1605 990 1678 asarubas,aaoonomasuanmsanari-monrsuitot).
1007 1617 1230 1726 nmaqissmmes·
1272 1655 1463 1714 verumtamen
1509 1676 1588 1731 quam
1639 1668 1838 1728 accusationem

192 1697 326 1757 Abbotem
351 1699 592 1770 Sancti-Dionysii
608 1694 730 1755 odorrem
755 1692 944 1761 conamendot,
960 1700 990 1751 et

227 1771 360 1828 adversm
384 1773 527 1843 suspectos
550 1769 674 1826 aliorum
696 1765 922 1836 criminationes,
951 1782 989 1824 ec
1043 1742 1161 1842 afsefum
1174 1745 1305 1800 ”dmm
1319 1745 1455 1803 hminem
1469 1745 1562 1804 inum!
1579 1750 1618 1805 An
1633 1754 1705 1825 <1⁰⁰⁶
1721 1770 1776 1812 ¹¹0n
1796 1756 1844 1814 111-

226 1840 334 1898 inoidio
349 1844 378 1898 et
396 1842 548 1897 sorbitione
560 1841 780 1906 antestaretur.
1041 1839 1153 1888 veniunt
1176 1833 1249 1905 quod
1274 1834 1422 1891 accusent?
1445 1835 1480 1892 Et
1500 1840 1637 1908 quomodo
1657 1841 1681 1898 si
1703 1853 1776 1901 rorte
1795 1846 1837 1903 isti

227 1932 253 1986 t.
269 1929 321 1985 Pro
341 1926 454 1985 ecclesia
474 1924 718 1996 Sancti-Dionysii,
744 1931 772 1980 ot
793 1940 844 1994 pro
870 1939 988 1997 persona
1040 1936 1102 1978 eum
1130 1930 1267 1990 accusant,
1296 1934 1439 1981 excusatur
1466 1940 1482 1980 a
1513 1925 1608 1984 vicinis
1634 1930 1761 1988 omnibus
1789 1935 1835 2006 qui

188 2014 293 2074 Odonis
307 2014 421 2082 abbatis,
436 2014 487 2071 etsi
502 2028 583 2070 nomo
598 2013 669 2068 nlius
691 2011 832 2079 scriberet,
848 2027 901 2084 ego
914 2013 985 2068 scri·
1039 2019 1112 2067 recto
1138 2022 1201 2070 suot
1227 2011 1328 2069 corde?
1356 2012 1507 2072 Accusatur
1534 2018 1607 2088 quod
1634 2020 1724 2077 debita
1750 2027 1836 2082 multa

186 2105 252 2163 bere
267 2120 322 2164 non
341 2103 502 2162 dubitarem.
529 2102 618 2160 Causa
632 2102 704 2157 hona
724 2109 775 2166 cst,
796 2109 825 2157 et
841 2111 936 2158 neutra
950 2116 984 2156 ex
1039 2096 1143 2165 iecerit,
1168 2098 1391 2173 impignoraverit
1413 2111 1508 2169 terras,
1544 2105 1730 2179 dilapidaverit
1750 2111 1831 2171 bona.

184 2201 265 2268 parte
278 2201 376 2251 nutans
391 2210 398 2251 ε
414 2191 530 2252 eeclesia
544 2189 654 2259 nobilis,
670 2197 698 2247 et
710 2186 795 2243 abbas
815 2188 880 2244 boni
903 2189 983 2245 testi·
1037 2183 1120 2251 Quasi
1135 2187 1194 2244 baec
1208 2189 1250 2245 vel
1273 2191 1444 2262 necessariis,
1466 2193 1510 2250 vel
1527 2193 1608 2263 justis
1631 2213 1664 2253 ex
1680 2201 1767 2256 causis
1778 2218 1832 2258 non

184 2284 271 2343 monii
283 2293 335 2342 εει.
350 2283 418 2340 lllnd
432 2283 502 2352 orbi,
523 2283 576 2340 boc
596 2279 686 2348 nobis,
705 2277 753 2352 qui
776 2277 857 2335 vicini
875 2292 981 2353 sumus,
1036 2274 1173 2345 potuerint
1188 2276 1348 2349 contigisse.
1364 2280 1495 2338 blardavit
1505 2283 1585 2338 nobis
1598 2285 1632 2340 de
1648 2286 1689 2343 bis
1699 2290 1831 2348 universis

183 2374 356 2433 notissimum
371 2380 422 2432 est.
437 2372 481 2430 nd
495 2373 553 2430 bec
566 2379 594 2428 et
612 2370 647 2439 is,
674 2376 702 2426 et
726 2369 772 2425 illa
796 2367 980 2441 specialiores
1033 2370 1180 2421 conventus
1202 2363 1275 2421 illius
1297 2367 1425 2434 ecelesiae,
1444 2376 1472 2425 et
1485 2386 1534 2442 per
1554 2369 1662 2427 fidelem
1684 2391 1829 2446 personam

181 2475 272 2523 vestra
286 2473 338 2522 cst.
364 2464 415 2521 Pro
435 2463 479 2519 his
500 2460 627 2518 omnibus
645 2459 689 2516 vel
713 2458 799 2528 solus,
822 2468 853 2514 ιιι
873 2457 938 2527 diri,
955 2459 978 2515 si
1032 2458 1145 2510 testatus
1171 2462 1212 2510 est
1235 2454 1323 2524 aliter,
1352 2459 1525 2528 quamvobis
1544 2460 1702 2531 dictasunt,
1724 2482 1753 2521 se
1776 2469 1833 2523 ha.

180 2568 250 2625 opus
272 2553 316 2620 sit,
332 2552 452 2610 scribere
476 2566 531 2608 non
545 2547 707 2607 confundor.
721 2546 800 2604 Nunc
823 2560 888 2603 vero
911 2546 980 2603 tales
1032 2543 1108 2598 bere.
1128 2542 1318 2600 Verumtamen
1332 2543 1497 2618 inquiratur3
1520 2564 1581 2606 nam
1606 2551 1706 2608 certios
1721 2556 1755 2611 de
1785 2558 1830 2616 bis

179 2657 287 2700 mecum
302 2640 434 2706 scribunt,
455 2640 554 2712 quibus
576 2637 687 2693 minime
705 2635 876 2705 decredetur,
892 2635 976 2691 etiam
1030 2634 1136 2706 oculus,
1156 2649 1240 2706 quam
1257 2635 1443 2704 juramentum
1464 2636 1544 2696 fidem
1567 2639 1669 2700 faciet:
1698 2645 1762 2702 etsi
1780 2647 1827 2704 in·

178 2746 222 2786 me
231 2745 287 2786 non
297 2729 440 2787 scribente.
451 2728 505 2800 lpsi
517 2733 591 2793 sunt,
601 2741 717 2800 quornm
731 2740 828 2780 manus
847 2723 974 2781 satissu-
1028 2731 1109 2781 venta
1123 2722 1222 2780 luerint
1241 2724 1470 2797 quemadmodum
1496 2726 1541 2783 isti
1556 2729 1688 2787 malitiose
1712 2748 1827 2807 compo-

176 2833 281 2891 parque
295 2823 477 2874 tractaverunt
499 2814 534 2871 de
547 2815 632 2872 verbo
654 2813 716 2868 boc.
740 2812 808 2868 licre
830 2811 859 2869 bi
886 2812 975 2872 seiont
1027 2819 1104 2878 nunt,
1120 2827 1231 2885 quoquo
1253 2814 1335 2870 modo
1362 2814 1517 2885 acciderint,
1533 2817 1617 2875 abbas
1640 2835 1695 2877 non
1709 2838 1826 2881 excuse-

176 2906 241 2980 quid
257 2906 461 2974 teceritabbas;
486 2910 514 2960 et
533 2902 606 2976 qnod
627 2901 728 2974 sciunt,
743 2902 902 2977 loquuntur.
919 2902 972 2959 Se·
989 2897 1011 2976 c
1028 2907 1082 2956 tur.
1115 2900 1144 2958 Si
1172 2914 1226 2957 non
1259 2900 1369 2970 tuerint,
1398 2904 1530 2962 delatores
1556 2907 1623 2962 nibil
1648 2910 1682 2965 de
1708 2908 1825 2970 falsitate

174 3011 240 3054 cure
253 2995 388 3068 prodeunt
404 3000 561 3066 porrectas
574 2991 654 3049 nobis
672 3006 770 3064 preces
793 3006 843 3064 pro
857 3006 902 3063 eo,
917 3000 972 3047 tam
1026 2988 1176 3046 lucrentur.
1192 2990 1350 3047 lnsimulant
1365 3007 1429 3048 eum
1444 2993 1478 3050 de
1493 3004 1579 3051 morto
1602 2997 1716 3071 bominis
1731 3016 1739 3058 ε
1755 3001 1778 3055 si
1791 3019 1825 3058 sa

172 3084 332 3143 indubitatis
346 3083 419 3141 inita
434 3081 605 3140 testimoniis.
620 3080 738 3138 Securus
750 3089 868 3139 vestram
882 3082 972 3139 solici-
1025 3093 1143 3150 purgare
1156 3093 1211 3135 non
1227 3087 1325 3151 potest,
1341 3081 1480 3138 moriatur.
1506 3082 1667 3156 Quanquam
1692 3088 1823 3160 quianon

172 3174 293 3232 tudinem
304 3188 353 3245 pro
363 3179 453 3229 vestra
462 3171 546 3241 ipsius
556 3169 720 3242 proprietate
729 3169 845 3227 sollicito
854 3177 883 3227 et
896 3185 972 3227 com·
1024 3166 1117 3225 videat
1130 3182 1181 3223 nec
1203 3167 1348 3226 verisimile
1361 3185 1434 3237 esse,
1454 3178 1485 3227 ut
1504 3188 1584 3243 quem
1607 3175 1687 3244 paulo
1710 3185 1772 3234 ante
1785 3181 1822 3237 de

171 3262 253 3333 pello,
265 3277 361 3332 nempe
374 3261 468 3317 invasa
480 3259 616 3330 nequiter,
628 3263 722 3314 vexata
730 3257 867 3315 atrociter.
878 3258 969 3332 Rogo,
1023 3264 1110 3312 morte
1128 3255 1276 3327 eripuerat,
1290 3256 1318 3312 in
1338 3266 1456 3314 mortem
1480 3261 1641 3318 tradiderit?
1655 3264 1715 3333 Qua
1733 3266 1823 3326 tronto

170 3351 295 3422 obsecro,
306 3351 393 3406 levate
406 3363 526 3410 manum,
537 3345 830 3416 caerimonialium,
841 3348 970 3419 opponite
1022 3343 1082 3399 baa
1094 3343 1197 3401 audent
1210 3343 1380 3402 insusurrare
1392 3346 1480 3419 vobis,
1488 3347 1536 3419 qni
1546 3348 1670 3406 viderunt
1680 3356 1710 3410 et
1718 3368 1821 3432 cogno·

169 3449 286 3499 scutum.
300 3435 414 3495 Gladius
435 3435 505 3497 Petri
528 3433 655 3492 defendat
676 3433 867 3508 patrimonium
883 3437 968 3495 Petri.
1021 3440 1118 3491 verunt
1144 3433 1232 3491 zelum
1259 3433 1364 3491 abbatis
1390 3434 1419 3490 iu
1441 3435 1599 3495 liberatione
1626 3439 1744 3510 illorum,
1773 3445 1820 3518 qui

204 3530 232 3584 2.
251 3526 362 3585 Frustra
394 3524 505 3599 quidam
533 3524 737 3582 insurrexerunt
760 3524 789 3581 in
820 3524 967 3599 bominem,
1021 3522 1098 3597 prins
1109 3522 1285 3580 homicidium
1308 3533 1536 3599 perpetraverant,
1560 3538 1587 3586 et
1606 3527 1634 3585 in
1652 3531 1755 3592 ultione
1769 3550 1820 3593 eo·

168 3632 249 3691 qoem
262 3616 332 3673 tama
345 3615 453 3687 publica
472 3612 538 3671 satis
556 3619 675 3681 excusat,
691 3614 746 3671 imo
759 3612 874 3672 celebris
888 3602 968 3674 com·
1021 3628 1092 3684 rum,
1106 3612 1154 3686 qui
1176 3613 1335 3686 sanguinem
1359 3614 1475 3686 proximi
1498 3614 1547 3673 ulti
1568 3620 1662 3676 erant!
1680 3622 1818 3684 Postremo

168 3705 279 3764 mandat
295 3704 398 3776 opinio.
412 3701 482 3760 Boni
499 3702 625 3760 videlicet
645 3701 704 3771 lilii,
724 3702 772 3776 qui
785 3704 873 3778 patris
886 3722 968 3765 vere·
1020 3702 1044 3758 si
1058 3703 1126 3759 bene
1139 3702 1257 3761 nossetis
1280 3703 1359 3778 istos,
1382 3714 1476 3776 posset
1499 3706 1620 3777 prolecto
1644 3710 1767 3770 sulficere
1782 3716 1816 3771 ad

166 3796 254 3854 cunda
267 3805 320 3851 tam
335 3792 444 3851 curiose
457 3791 570 3850 sorntmi
587 3799 661 3861 sunt,
677 3792 769 3850 nescio
787 3809 848 3866 quae
861 3811 966 3855 meom·
1021 3792 1221 3851 decredendum
1244 3792 1372 3867 quidquid
1395 3808 1450 3851 non
1473 3793 1594 3869 accipitis
1615 3795 1666 3856 nisi
1684 3815 1733 3872 per
1754 3814 1813 3864 eos.

167 3893 243 3958 perta
268 3882 397 3940 omnibus
414 3879 529 3938 crimino
556 3881 725 3937 somniantes
748 3882 835 3957 (768).
849 3884 967 3959 Stupent
1019 3881 1098 3939 adsit
1110 3882 1185 3938 Deus
1197 3892 1297 3940 sanctae
1311 3883 1394 3941 menti
1408 3891 1516 3950 vestrae,
1531 3901 1565 3942 ne
1587 3888 1650 3959 quid
1668 3887 1707 3944 illi
1722 3889 1815 3967 lingua

166 3975 213 4048 qni
235 3974 349 4031 audiunt
368 3970 402 4027 ad
426 3971 544 4028 subitam
564 3978 592 4029 et
608 3971 773 4043 inopinatam
797 3973 966 4035 criminatio.
1018 3970 1113 4029 dolosa
1126 3971 1255 4029 adversus
1268 3970 1451 4030 innocentiam
1464 3975 1607 4048 subripere
1618 3977 1715 4048 possit.

164 4081 238 4122 nem.
266 4061 446 4128 Brubesount,
480 4060 544 4132 quia
582 4075 719 4133 nunquam
760 4061 850 4122 dictus
876 4065 964 4125 luerat
1171 4060 1341 4119 epistota
1361 4061 1554 4122 cmxxxvii
1572 4063 1656 4141 (rto).

165 4166 256 4209 sermo
269 4149 460 4221 hujuscemodi
469 4147 504 4205 de
513 4148 619 4205 Odoce.
637 4148 1001 4265 Sancti-Dionysiiabbasn
1071 4160 1179 4206 oounto
1198 4163 1327 4206 osmensi
1347 4149 1434 4222 titt),
1454 4165 1507 4206 ruo
1525 4167 1622 4212 sonora
1639 4170 1757 4217 assare.

166 4252 336 4311 nequaquam
365 4236 417 4292 sub
443 4236 536 4291 modio
564 4235 638 4294 latet.
654 4236 742 4309 Super
768 4242 960 4302 candelabrum
1051 4244 1184 4304 Dominus
1196 4246 1281 4304 abbas
1293 4244 1527 4320 Sancti-Dionysii
1548 4263 1690 4311 accusatur
1710 4257 1745 4314 ab
1758 4255 1812 4316 ini.

164 4332 217 4385 stat
234 4343 242 4382 ι
256 4332 297 4396 ιιι,
312 4322 363 4381 etsi
381 4322 455 4392 velit,
471 4337 526 4378 non
538 4323 625 4394 possit
636 4322 808 4385 dissimulare
820 4332 894 4403 quod
907 4341 961 4393 ast.
1015 4330 1079 4402 quis
1089 4332 1214 4390 omuibus
1228 4333 1290 4408 :sed
1304 4349 1322 4391 a
1335 4333 1589 4412 bonishomiuibus,
1599 4343 1645 4415 qui
1655 4340 1683 4400 in
1695 4347 1811 4406 ecclesia

164 4415 198 4473 Et
216 4414 308 4471 lumen
323 4412 396 4484 ejus,
411 4417 441 4467 ut
456 4409 547 4467 lomus
565 4409 633 4484 ejus,
650 4413 684 4469 alr
698 4414 825 4473 omnibus
838 4418 961 4480 videatur
1014 4427 1043 4478 ει
1058 4419 1208 4480 incircuitu
1222 4422 1281 4494 ejus
1296 4435 1367 4491 sunt,
1383 4432 1533 4484 excusatur.
1550 4429 1602 4486 Pro
1616 4446 1670 4504 quo
1680 4442 1753 4492 tamo
1769 4437 1810 4493 ai.

163 4520 275 4564 necesse
289 4509 340 4560 est.
356 4499 492 4572 Numquid
506 4499 550 4557 isti
562 4499 673 4574 lynceos
689 4501 717 4559 in
731 4518 793 4562 eum
808 4508 901 4569 oculos
915 4511 960 4568 in·
1013 4509 1159 4568 iectuosius
1171 4527 1300 4588 rogamus
1313 4515 1477 4576 Charitutem
1494 4528 1620 4590 vestram,
1635 4533 1737 4595 quanto
1747 4544 1808 4588 ma.

198 4620 273 4689 (7⁶5)
288 4616 357 4699 Vide
370 4614 513 4686 epistolam
532 4617 595 4672 2⁹⁸·
842 4693 849 4706 ι
1049 4628 1124 4702 (tor)
1138 4628 1244 4704 Scripta
1256 4629 1327 4689 circa
1341 4648 1440 4690 anunm
1457 4638 1537 4694 litt.
1551 4665 1588 4678 -
1610 4635 1670 4693 Orto
1685 4655 1719 4697 ax
1743 4663 1806 4705 ma.

199 4690 275 4764 (⁷6⁶)
288 4689 357 4746 aaa
377 4692 451 4769 vetet
471 4701 526 4770 ιρι
545 4701 642 4771 aarum
662 4701 722 4771 ease
739 4691 811 4777 mou
824 4700 862 4750 aa
876 4695 959 4777 euri·
1011 4700 1099 4756 anuo
1113 4700 1343 4776 sanata-oronam
1358 4721 1441 4776 propa
1456 4706 1574 4763 ramim
1596 4709 1680 4765 aona
1695 4713 1806 4776 sanau-

164 4762 258 4821 ielnms
281 4761 363 4819 abbas
382 4761 579 4840 caturcensis,
591 4774 620 4841 ιιι
642 4760 756 4831 epistola
778 4763 822 4821 hrc
839 4766 911 4824 edita
924 4772 959 4827 ad
1012 4771 1128 4829 Cornelii
1147 4773 1218 4844 apud
1248 4773 1453 4847 compendium,
1478 4778 1541 4834 dein
1566 4778 1684 4853 sugerio
1714 4787 1805 4850 abbati

162 4833 350 4893 Ti0⁰b⁸¹d⁰m
360 4831 514 4914 Cimpimae
527 4836 666 4914 ⁰Qm¹i0ma
677 4847 774 4906 nempe
783 4832 882 4893 sebum
896 4855 958 4899 etse
1011 4842 1178 4914 Dionysiano
1191 4843 1320 4903 suiiectus
1329 4862 1400 4903 anno
1417 4852 1495 4904 titt.
1506 4850 1547 4905 lta
1559 4853 1621 4920 ejus
1635 4854 1805 4921 ordinatione

161 4906 279 4980 sigillam
299 4905 403 4962 abbatas
425 4907 460 4958 de
479 4902 589 4984 umero,
604 4916 632 4957 m
656 4917 711 4974 qno
735 4920 833 4989 nomen
854 4911 959 4970 abbatis
1012 4922 1040 4972 et
1058 4913 1184 4971 laudibus
1206 4916 1268 4974 vide
1294 4918 1458 4991 Sugarianas
1479 4921 1609 4991 epistolas
1634 4928 1685 4982 tto
1706 4935 1733 4985 et
1754 4947 1801 4989 aa.

161 4978 321 5062 impressum
348 4980 552 5055 mutassemus
578 4989 606 5028 m
636 4972 712 5059 nrrllo
735 4977 824 5050 srgrllo
848 4982 958 5042 Ordinis
1011 4995 1135 5059 quantes,
1151 4985 1266 5045 maxime
1288 4990 1429 5060 epistolam
1451 4995 1514 5058 tot,
1535 5009 1596 5063 quae
1617 5007 1659 5054 est
1679 4999 1801 5061 lietduini

160 5060 412 5178 aarum
427 5043 669 5189 stultulus
1009 5057 1717 5198 stativam‚istaturam

158 5190 215 5248 litis
236 5191 308 5246 inter
328 5187 491 5244 monasteria
512 5188 618 5244 Sanctae
643 5187 790 5248 Genovelae
815 5201 842 5250 et
862 5197 954 5256 Sancti
1060 5202 1256 5258 edictnmdicit
1269 5177 1395 5278 liug’enio
1408 5206 1540 5265 scribens.
1660 5157 1705 5209 ὀ
1734 5160 1799 5207 ⁸⁵⁰

157 5260 283 5345 Victoris,
302 5275 336 5329 ap
372 5276 450 5343 nsum
474 5265 515 5314 eat
536 5260 663 5315 Bemardi
684 5260 878 5349 sigillumtcum
893 5269 952 5340 ejus
1055 5275 1118 5339 768)
1135 5273 1202 5329 tica
1214 5274 1342 5343 epistolas
1356 5288 1506 5344 soquentes.

158 5347 265 5390 nomana
278 5337 330 5387 aa
344 5330 418 5403 flua
432 5331 531 5387 trorum
552 5331 656 5402 narra,
671 5341 770 5402 omum
787 5337 894 5397 soora
909 5351 952 5397 ra-
1052 5347 1118 5417 raot
1130 5343 1236 5418 Scripta
1249 5362 1320 5403 aava
1334 5347 1435 5406 como
1451 5352 1532 5411 ιιιε.

157 5412 248 5461 neoto.
258 5432 293 5449 -
308 5400 375 5457 Vide
389 5401 509 5458 notitiam
522 5404 557 5458 ds
569 5403 661 5476 sigum
674 5403 702 5460 S.
713 5405 853 5478 bernardi,
866 5410 949 5485 inira,
1052 5419 1118 5486 770)
1130 5416 1234 5492 Scripta
1242 5419 1336 5476 εοιιειιι
1346 5435 1427 5482 sano,

155 5471 342 5551 querurneiua
356 5481 429 5531 tomo
443 5475 549 5546 ultimo,
564 5482 623 5548 post
633 5472 718 5533 Vitam
733 5485 761 5535 at
771 5479 847 5540 dcta.
863 5482 946 5544 Eorr.
1038 5498 1047 5567 ι
1065 5489 1112 5564 tt)
1126 5488 1190 5550 Scit.
1207 5489 1323 5569 llognol.
1340 5490 1500 5572 impiet,
1510 5495 1573 5564 nrt,
1584 5497 1720 5575 tetam,
1731 5503 1795 5565 ιιι.
