3728 5940
56 208 60 215 ·
117 187 158 249 fssl
846 191 1026 254 evlsaubh.

1701 200 1756 261 282

113 309 214 370 omini.
231 309 281 366 liei
296 310 392 379 virtus,
407 319 435 369 et
458 311 506 369 Dei
527 313 661 385 sapientia
675 315 797 372 christus
810 316 906 374 vobis·
921 331 945 411 Α
997 320 1023 374 3.
1040 316 1144 375 Habent
1157 318 1208 392 (ol.
1225 319 1317 389 habet)
1333 327 1422 376 tamen
1437 320 1532 376 ducem
1551 319 1659 393 hpuliae
1669 322 1758 395 (ute),

110 416 166 458 cunr
187 407 240 469 est,
255 399 303 471 qui
327 407 354 456 et
376 400 404 454 in
423 415 507 457 causa
529 411 579 459 est.
595 402 736 470 confidite,
763 406 820 477 ipse
843 405 907 463 vicit

56 562 59 567 Ι
110 488 236 546 mundum
248 506 255 542 z
267 487 356 544 tidelis
367 496 417 557 est,
433 504 487 545 non
502 490 638 559 permittet
650 508 699 548 vos
714 493 810 548 tentari
825 509 907 565 supra

106 575 133 631 id
146 576 221 648 qued
239 576 366 646 potestis.
383 575 487 631 Videtis
501 579 612 633 stultum
627 577 704 634 firma
718 580 832 636 radice?
848 580 906 636 sine

106 664 189 721 dubio
217 664 309 720 statim
335 664 511 719 maledicetur
539 667 733 735 pulchritudini
756 670 823 739 ejus.
847 669 907 727 Non

103 753 175 813 euim
191 753 240 810 diu
260 753 428 825 derelinquet
451 755 583 812 Dominus
607 757 712 829 virgam
736 767 906 829 peccatorum

103 860 189 918 saper
202 852 304 899 sortem
324 845 472 913 justorum.
489 844 590 900 Verum
605 853 700 902 vestrae
714 847 820 903 interim
834 848 906 920 vigi·

102 929 198 986 lentim
210 937 261 995 est,
281 931 379 986 vestris
399 946 447 1001 pro
461 941 554 989 vestro
568 933 659 990 officio
679 935 792 992 sollicite
815 936 907 1007 provi·

100 1019 179 1083 dere,
194 1018 266 1074 sicut
288 1027 316 1072 et
329 1017 493 1089 providetis,
509 1031 538 1074 ut
563 1036 617 1076 non
632 1021 778 1077 extendant
794 1022 859 1091 justi
873 1024 906 1078 ad

101 1107 276 1178 iniquitatem
291 1122 388 1163 manus
410 1123 484 1163 suas.
499 1107 595 1164 Oratio
609 1126 657 1180 pro
672 1109 837 1167 Catholicis:
854 1114 907 1167 Bc·

99 1198 200 1267 ufar,
212 1196 340 1258 Domine,
351 1194 430 1250 bonis
439 1200 468 1253 et
476 1198 564 1252 rectis
574 1197 745 1269 cordctl'scl.
757 1212 853 1263 cxxxv,
867 1197 905 1270 1).

101 1284 157 1340 Pro
166 1282 348 1339 schismaticis
361 1298 367 1336 :
379 1285 478 1356 lmplc,
490 1287 714 1356 dominatorem
724 1302 823 1343 eorum
833 1289 908 1358 ipae

101 1373 209 1440 minio,
219 1375 253 1427 ut
267 1377 399 1445 querunt
414 1388 518 1430 nomeu
533 1377 616 1430 tuum
629 1374 716 1445 (Prot.
730 1390 835 1440 unxit,
849 1376 904 1446 ll).

342 1459 511 1517 EPlSTOLh
530 1462 666 1518 cxxvii.

101 1563 142 1607 ao
155 1563 339 1607 obruamur
362 1564 488 1606 comrarr
507 1565 687 1609 vtcravoanav
712 1554 795 1622 (aaa),
812 1505 946 1611 euersasB

137 1653 312 1708 spumantes,
331 1652 370 1694 ax
390 1653 518 1696 ransorva
536 1653 662 1695 numnis
680 1655 761 1696 necta
779 1654 907 1702 subsun-

136 1743 206 1785 praa.

103 1816 594 1890 enrtetmam,antipapoetuartrto
604 1820 758 1889 seumtem,
774 1818 907 1874 hortetur

116 1905 157 1963 od
168 1906 369 1962 innocentium
388 1921 486 1962 uerum
502 1907 666 1978 pontificem
684 1906 887 1978 recipiendum.

135 1993 306 2050 Germanae
319 1993 369 2049 Dei
382 1995 467 2067 gratia
486 1996 598 2067 egregio
613 1994 707 2050 comiti
727 1994 904 2063 Pictavorum,

99 2090 129 2138 et
143 2082 208 2138 duci
227 2082 440 2155 Aquitanorum,
454 2084 533 2140 lluoe
556 2084 651 2140 eadem
673 2085 761 2159 qratia
778 2085 906 2158 Burgun-

99 2169 157 2226 diae
171 2170 236 2241 dux,
250 2168 342 2226 timere
365 2171 522 2244 terribilem,
537 2179 564 2229 et
582 2189 644 2229 eum
658 2174 704 2244 qni
718 2172 808 2231 aufert
821 2174 905 2247 spiri·

101 2268 161 2316 tum
175 2258 340 2332 principum.

138 2356 166 2408 1.
191 2352 316 2409 Errorem
339 2360 460 2409 vestrum
483 2354 553 2411 ultra
574 2355 746 2412 dissimulare
767 2372 823 2413 non
838 2358 904 2428 lero,

961 406 1008 461 sed
1029 406 1116 462 solum
1141 408 1368 478 exprincipibus,
1395 409 1540 481 ipsumque
1557 417 1694 480 usurpate
1707 427 1757 466 co-

960 508 1035 550 ronae
1048 496 1173 551 mercede
1196 496 1308 552 ridicula
1330 506 1525 567 comparatum.
1550 499 1674 571 Denique
1693 500 1757 572 quid

960 583 1035 647 beni,
1063 583 1128 654 quid
1156 584 1280 652 virtutis,
1308 586 1372 658 quid
1405 587 1553 644 honestatis
1580 587 1696 645 afferunt
1724 589 1758 645 de

960 687 1067 727 summo
1081 670 1208 744 pontifice
1222 689 1284 738 auo,
1297 683 1323 729 et
1339 682 1368 729 ut
1387 689 1436 730 nos
1459 685 1608 748 provocent
1629 678 1661 731 ad
1677 677 1756 733 lavo-

960 759 1040 814 remi
1055 759 1083 815 Si
1098 775 1164 815 vera
1177 770 1240 817 sunt
1254 777 1316 833 quae
1331 763 1433 833 ultique
1449 764 1574 837 divulgat
1587 763 1689 835 opinio,
1706 779 1757 820 nec

960 846 1041 902 unius
1055 848 1154 922 dignus
1174 858 1215 904 est
1229 849 1312 905 viculi
1327 858 1476 920 potestate;
1496 851 1518 905 si
1534 867 1596 906 vera
1610 867 1664 906 non
1683 858 1755 916 sunt,

960 937 1036 992 decet
1059 937 1234 992 nihilominus
1258 947 1338 1009 caput
1360 940 1496 1002 Ecclesiae,
1520 956 1574 995 non
1594 941 1681 997 solum
1694 943 1756 997 vitae

961 1024 1059 1081 habere
1085 1025 1236 1095 sanitatem,
1266 1029 1313 1082 sed
1337 1034 1363 1083 et
1391 1028 1468 1084 famae
1494 1028 1630 1084 decorem.
1660 1028 1757 1083 Tutius

961 1113 1076 1183 proinde
1099 1114 1177 1170 vobis
1204 1122 1258 1180 est,
1284 1114 1321 1169 mi
1349 1125 1464 1188 cognate
1492 1116 1660 1184 charissime,
1675 1124 1704 1171 ut
1729 1116 1756 1171 in

961 1202 1131 1273 susceptione
1154 1203 1312 1259 universalis
1326 1219 1411 1273 papiae,
1435 1205 1470 1259 ab
1493 1203 1673 1261 universitatis
1691 1219 1757 1260 con·

961 1305 1043 1345 sensu
1057 1301 1083 1347 et
1097 1293 1211 1348 consilio
1225 1308 1278 1349 non
1302 1294 1433 1348 recedatis
1454 1311 1461 1348 :
1477 1299 1565 1364 'quem
1588 1292 1676 1350 omnis
1690 1292 1756 1347 reli·

961 1379 1017 1451 gio,
1030 1396 1112 1449 quern
1129 1397 1239 1451 regnum
1250 1380 1411 1437 universitas
1420 1389 1592 1453 receperunt,
1601 1380 1679 1437 vobis
1692 1395 1758 1451 que

960 1484 1013 1538 que
1027 1477 1055 1524 et
1073 1468 1249 1525 honorificum
1263 1477 1291 1524 et
1316 1467 1484 1526 salutiferum
1507 1477 1548 1525 est
1566 1476 1596 1525 ut
1609 1469 1755 1541 recipiatis.

961 1557 1068 1613 Domini
1084 1573 1160 1628 papae
1173 1558 1321 1614 innocentii
1344 1568 1371 1613 et
1384 1559 1515 1615 innocens
1528 1558 1593 1625 vita,
1610 1565 1636 1613 et
1650 1558 1757 1628 integra

961 1646 1040 1711 lama,
1052 1653 1080 1701 et
1093 1646 1193 1702 electio
1205 1646 1335 1702 canoniea
1349 1647 1520 1716 praedicatur.
1532 1646 1623 1701 Priora
1637 1646 1691 1700 duo
1706 1660 1758 1700 nec

959 1737 1053 1792 hostes
1075 1734 1245 1802 diffitentur;
1272 1736 1381 1790 tertium
1400 1735 1561 1791 calumniam
1582 1734 1685 1800 habuit,
1709 1733 1757 1789 sed

958 1839 1009 1896 per
1032 1822 1288 1879 christianissimum
1312 1823 1466 1879 Letharium
1490 1824 1564 1894 (350)
1589 1837 1675 1895 nuper
1697 1820 1757 1876 falsi
1816 1836 1820 1843 ·

958 1912 1167 1970 calumniatores
1181 1912 1209 1967 in
1232 1928 1282 1968 suo
1300 1920 1365 1967 sunt
1379 1911 1517 1968 mendacio
1531 1910 1702 1981 deprehensi.

1148 2047 1318 2106 averem
1331 2046 1468 2104 cxxvm
1484 2045 1570 2120 (aar).

1266 2178 1304 2220 tlt
1317 2179 1444 2221 EUHDEM.

959 2271 1035 2328 Serio
1059 2285 1123 2327 eum
1148 2269 1281 2327 hortetur
1304 2269 1337 2326 de
1362 2269 1529 2326 reducendis
1547 2268 1583 2324 ud
1603 2268 1755 2324 Ecclesium

1171 2342 1281 2399 clericis
1295 2357 1362 2412 quos
1381 2340 1542 2412 expulerat.

100 2441 204 2513 qnippe
217 2455 301 2498 carue
316 2441 487 2514 propinquus
509 2449 537 2498 et
558 2445 642 2500 corde
658 2445 772 2501 amicus.
793 2446 822 2502 Si
844 2446 906 2518 quis
994 2446 1024 2500 hx
1040 2459 1072 2499 eo
1087 2444 1177 2498 animo
1192 2444 1259 2499 etin
1275 2459 1306 2498 ea
1321 2444 1456 2498 voluntate
1470 2442 1579 2498 memini
1596 2458 1639 2496 me
1652 2442 1755 2497 disces·

100 2530 135 2587 de
148 2530 254 2604 popule
268 2530 366 2598 deviat,
382 2533 459 2587 solus
473 2531 559 2603 perit;
575 2548 668 2590 verum
686 2533 816 2606 principis
829 2550 905 2591 error
958 2532 1027 2589 aisse
1041 2532 1174 2587 duduma
1193 2541 1228 2596 te,
1253 2531 1380 2603 princeps
1395 2530 1501 2595 eximie,
1516 2538 1546 2586 ut
1569 2530 1632 2586 tetis
1651 2529 1756 2586 allecti·

101 2616 201 2677 multos
215 2617 337 2689 involvit,
353 2630 380 2674 et
395 2619 475 2676 tantis
489 2620 579 2692 obest,
594 2619 702 2692 quantis
715 2630 815 2692 praeest
833 2622 905 2693 ipse.
957 2623 1009 2677 bus
1022 2623 1091 2677 bene
1106 2620 1155 2675 tibi
1170 2620 1274 2691 tuisque
1287 2635 1427 2692 cuperem,
1443 2620 1506 2676 totis
1524 2618 1628 2674 nisibus
1642 2617 1756 2676 salntem

101 2707 159 2763 Nec
182 2721 343 2778 praesumus,
369 2705 440 2764 sicut
465 2707 550 2772 scitis,
575 2717 604 2761 ut
626 2707 782 2778 perdamus,
805 2708 852 2763 sed
876 2715 906 2763 ut
958 2718 1078 2767 vestram
1101 2718 1128 2766 et
1151 2710 1281 2765 honorem
1305 2717 1433 2779 vestrum,
1457 2707 1611 2778 ubicunque
1637 2721 1754 2778 possem,

101 2811 230 2867 regamus
239 2795 389 2866 subjectos.
400 2796 452 2852 Per
464 2810 545 2868 quem
556 2811 635 2869 reges
644 2807 771 2872 regnant,
787 2803 846 2868 lpse
856 2784 945 2864 nost
957 2799 1094 2869 juvarem
1118 2813 1151 2854 ee
1174 2796 1249 2869 qued
1281 2812 1336 2853 non
1363 2797 1479 2852 redirem
1504 2795 1641 2851 fraudatus
1669 2797 1757 2851 lruotu

102 2883 225 2957 praefecit
240 2885 351 2956 populis
370 2884 437 2950 auis,
458 2900 474 2939 a
490 2884 571 2940 nobis
586 2885 703 2951 tuendis,
722 2900 775 2940 non
791 2885 906 2940 subver-

103 2971 214 3041 tendis;
230 2973 310 3044 plane
334 2979 437 3029 sanctae
456 2988 513 3028 suae
533 2973 663 3029 Ecclesiae
681 2973 830 3038 ministres,
850 2986 906 3029 non

100 3061 240 3120 dominos.
264 3061 312 3116 Cui
335 3076 385 3118 vos
409 3061 559 3118 ministerio
582 3076 642 3118 curn
667 3061 747 3134 digne
766 3062 831 3116 alias
854 3075 905 3131 pro

101 3149 187 3208 restri
201 3150 387 3222 magnitudine
401 3156 564 3219 potentatus,
581 3157 609 3205 et
627 3149 797 3206 laudabiliter
811 3151 905 3205 deser-

100 3237 178 3295 visse
191 3239 350 3306 noemmini,
367 3236 448 3295 138
460 3238 545 3293 miror
558 3253 674 3310 quanam
688 3237 810 3294 versutia
823 3237 907 3294 modo

100 3332 196 3384 vestra
223 3324 268 3380 illa
294 3327 441 3397 prudentia
466 3327 650 3382 circumventa
676 3325 756 3382 fuerit
782 3326 906 3382 eamdem

101 3424 221 3472 matram
235 3424 353 3472 vestram
377 3423 404 3470 et
426 3413 563 3471 dominam
586 3414 711 3471 deserere
734 3416 761 3470 in
786 3424 906 3485 ternpore

103 3504 181 3560 male
200 3502 279 3559 taisi
293 3503 362 3559 forta
382 3510 410 3559 et
430 3504 483 3559 hoc
503 3502 582 3559 vobis
596 3503 677 3559 vestri
699 3503 738 3559 illi
761 3504 908 3560 consiliarii

101 3593 267 3665 pemuadere
282 3600 426 3661 cenentur,
442 3591 476 3646 ad
490 3592 574 3648 aelam
590 3590 662 3648 Petri
675 3592 772 3648 leems
786 3593 906 3660 domurn,

101 3681 285 3739 universalem
310 3681 459 3738 Ecclesiam
477 3695 540 3736 esse
555 3682 704 3736 redactam.
719 3681 776 3738 Viri
791 3680 904 3737 menda-

102 3785 160 3839 ces,
177 3785 248 3842 qnos
262 3770 377 3839 Veritas,
390 3771 459 3827 siem
470 3777 497 3826 et
512 3776 592 3841 capnt
602 3784 695 3824 eorum
709 3769 905 3836 antichristum,

103 3858 219 3915 destruit
231 3859 327 3934 spiritu
342 3859 398 3915 oris
411 3859 466 3923 sei,
485 3857 624 3914 affirmans
638 3873 697 3913 eam
711 3874 760 3928 per
774 3871 806 3913 os
820 3857 906 3915 David

103 3948 142 4004 sd
164 3948 306 4006 universos
327 3948 395 4004 fines
415 3958 506 4018 terrae,
522 3957 549 4003 et
571 3948 606 4002 ad
623 3948 766 4003 universas
787 3945 905 4002 familias

103 4037 231 4113 gentium
245 4037 350 4094 dilatari
363 4039 449 4108 (Psoi.
465 4051 529 4106 xxa,
545 4036 602 4108 28).

143 4155 220 4228 (318)
249 4153 353 4236 Se'pta
381 4153 454 4209 eirca
486 4169 586 4208 annum
623 4155 701 4208 tres.
730 4151 904 4218 Guillelmus,
921 4171 945 4249 n

960 2888 1091 2945 adventus
1104 2886 1158 2943 mei
1172 2887 1207 2943 ad
1222 2901 1278 2956 uos,
1292 2887 1339 2942 sed
1356 2887 1434 2942 laetus
1453 2895 1550 2957 praeter
1568 2901 1644 2957 spem
1658 2886 1757 2941 multo-

959 2993 1019 3032 rnnx
1043 2985 1208 3049 reportarem
1231 2990 1338 3032 mecum
1362 2991 1455 3046 pacem
1478 2974 1613 3039 Ecclesioe,
1634 2991 1694 3030 curn
1709 2990 1758 3030 ex·

960 3066 1106 3121 saltatione
1117 3065 1251 3120 universae
1261 3072 1349 3118 terrae.
1367 3062 1448 3117 Mirer
1462 3073 1550 3118 autern
1565 3077 1630 3133 qno,
1646 3063 1758 3130 cujusve

959 3151 1071 3212 consilio
1086 3151 1153 3206 mira
1175 3151 1220 3205 illa
1244 3151 1354 3205 minatio
1378 3151 1495 3206 dexterae
1518 3149 1623 3205 Excelsi
1642 3158 1696 3204 tarn
1710 3165 1757 3204 su-

959 3242 1016 3297 bito
1031 3243 1057 3295 io
1079 3240 1198 3296 deterius
1211 3246 1252 3295 est
1270 3247 1384 3309 mutata3
1404 3248 1433 3296 ut
1451 3255 1558 3294 rursum
1582 3240 1614 3294 ad
1630 3237 1758 3307 injuriam

959 3329 1087 3388 Ecclesia
1096 3328 1210 3386 elericos
1223 3329 1313 3384 Sancti
1327 3328 1418 3384 Hilarii
1432 3328 1584 3385 decivitate
1597 3330 1757 3397 expelleres,

960 3421 1066 3477 stiram
1082 3417 1132 3474 Del
1154 3418 1181 3473 in
1203 3426 1229 3474 te
1253 3417 1376 3490 gravius,
1398 3420 1594 3490 quamprimum
1615 3417 1757 3472 excitares.

959 3507 1028 3578 Quis
1044 3516 1069 3563 te
1097 3506 1238 3562 fascinavit
1253 3514 1308 3562 tam
1322 3506 1376 3563 cito
1401 3509 1528 3564 recedere
1549 3505 1625 3560 avia
1639 3504 1760 3561 veritatis

960 3608 988 3653 et
1015 3595 1134 3651 salutis?
1155 3594 1280 3651 Profecto
1301 3593 1432 3663 judicium
1459 3596 1574 3663 portabit
1606 3593 1758 3665 quicunque

960 3694 1001 3741 est
1015 3684 1068 3740 ille.
1085 3683 1192 3738 Utinam
1211 3691 1237 3738 et
1256 3683 1447 3737 abscindantur
1461 3684 1508 3756 qui
1523 3699 1571 3739 vos
1586 3683 1758 3740 conturbant.

960 3774 1116 3838 Revertere,
1133 3787 1236 3843 quaeso,
1252 3778 1400 3840 revertere,
1416 3786 1449 3826 oe
1473 3779 1500 3826 et
1523 3781 1562 3836 tu,
1577 3771 1650 3844 qnod
1669 3769 1755 3826 absitl

960 3859 1137 3916 abscindaris.
1161 3860 1314 3930 Revertere,
1341 3859 1460 3931 inquam,
1485 3867 1512 3914 et
1541 3875 1636 3917 revoca
1660 3860 1759 3915 amicos

960 3959 1021 4006 tues
1035 3949 1067 4004 ad
1084 3962 1186 4017 pacem,
1209 3956 1236 4001 et
1256 3946 1369 4003 clericos
1389 3948 1420 4002 ad
1436 3947 1588 4017 ecclesiam,
1614 3957 1758 4019 antequam

961 4037 1201 4107 irrecuperabiliter
1225 4038 1323 4093 reddas
1344 4038 1393 4093 tibi
1415 4053 1538 4092 aversum
1559 4038 1715 4102 terribilem,
1732 4045 1759 4092 et

960 4154 1004 4212 cui
1019 4154 1064 4209 alii
1079 4162 1203 4210 auctores
1217 4166 1357 4223 compares
1380 4150 1570 4226 suffragantur,
1585 4150 1758 4208 Guillelmum

101 4226 191 4297 hujus
211 4242 330 4282 nominis
358 4240 447 4281 nonus
469 4224 526 4297 (alii
550 4225 681 4280 decimum
705 4240 766 4280 esse
789 4225 904 4295 volunt),
958 4220 1229 4299 poenitentinmotaim
1247 4224 1280 4279 ad
1298 4224 1464 4280 stamnum
1480 4241 1593 4306 peregre
1608 4223 1757 4294 profectum

101 4298 164 4427 Ἇιιί,
182 4298 309 4353 suadente
323 4296 444 4353 Gerardo
457 4296 655 4371 Enqolismensi
666 4295 805 4367 episeopo,
819 4304 906 4364 partes

133 4368 232 4424 ancleti
254 4368 390 4432 tuebatur,
403 4376 430 4425 et
450 4367 607 4424 Innocentio
629 4368 799 4423 adhaerentes
814 4367 905 4438 gravi-

103 4448 149 4497 ter
163 4439 316 4498 inlestabat.
331 4439 403 4567 stipe
418 4438 507 4494 vitam
521 4440 550 4494 S.
569 4438 709 4503 Bernardi,
728 4438 776 4492 lib.
793 4452 823 4502 ιι,
844 4452 904 4506 cap.

103 4515 135 4569 e.
162 4510 242 4579 Quod
266 4526 330 4566 vero
380 4509 609 4577 almesburiensis,
631 4512 670 4565 De
693 4508 804 4581 regibus
824 4508 905 4579 angl.

102 4583 179 4640 libro
191 4597 221 4646 v,
238 4580 318 4637 refert
338 4585 373 4638 de
387 4581 500 4649 incesto,
515 4581 630 4650 aliisque
645 4579 805 4636 criminibus
828 4579 906 4635 Guil-

103 4652 186 4710 lelmi
200 4652 372 4708 Pictaviorum
383 4651 500 4716 comitis,
515 4651 542 4705 id
552 4653 586 4707 de
597 4650 741 4707 Guillelmo
753 4651 814 4706 lllll
828 4652 907 4705 istius

142 4734 183 4779 tre
214 4724 418 4797 intelligendum
446 4738 522 4791 esse,
552 4729 622 4778 recte
655 4723 757 4778 autaut
787 4723 906 4777 loannes

103 4740 224 4851 Eritne.
255 4795 324 4851 Nam
350 4795 441 4851 Petrus
465 4795 632 4850 Pictavorum
655 4794 809 4866 episeopus,
829 4793 907 4864 quia

106 4865 213 4923 Gemite
232 4864 258 4921 in
274 4865 400 4922 exsilium
424 4864 523 4921 missus
543 4865 581 4920 ibi
604 4875 777 4932 memoratur,
802 4864 906 4933 inipso

105 4937 204 4995 exsilio
218 4937 290 4995 diem
315 4936 410 4993 clausit
432 4952 503 4992 anno
523 4938 604 4993 lll'l.
618 4940 654 4991 nt
667 4951 730 4994 vero
749 4935 907 4991 Guillelmus

105 5009 150 5065 lX
167 5023 239 5066 anuo
262 5012 392 5068 duntaxat
417 5012 485 5063 llid
526 5008 575 5064 atri
597 5009 736 5073 successit,
761 5016 791 5061 ut
813 5008 907 5074 probat

103 5081 180 5136 idern
201 5091 295 5137 auctor
316 5080 342 5135 in
367 5079 482 5135 Historia
501 5024 603 5135 dalfina
626 5081 758 5133 Comitum
781 5077 906 5133 Pictanu-

102 5167 182 5217 rum,
206 5167 287 5224 quem
311 5152 432 5219 consule,
450 5151 473 5205 si
496 5163 592 5207 oaetera
609 5149 745 5205 Guillelmi
770 5156 857 5221 gesta,
876 5163 907 5203 ac

103 5222 245 5296 praecipue
258 5232 372 5279 mertem
387 5222 543 5293 diligentius
559 5223 632 5278 lubet
651 5220 823 5291 investigare,
839 5235 906 5274 nec·

103 5308 163 5351 non
177 5294 322 5351 baronium
341 5293 374 5348 ad
397 5309 498 5348 annum
519 5296 597 5349 1135.
614 5293 656 5347 De
679 5308 711 5348 eo
732 5292 790 5347 inse
818 5290 846 5344 in
869 5290 906 5345 li-

100 5366 156 5423 bro
170 5365 194 5422 [1
208 5365 243 5422 de
259 5367 317 5423 Vita
330 5365 470 5431 Bernardi,
492 5380 551 5435 cap.
575 5368 602 5433 6,
618 5365 664 5418 ubi
678 5366 737 5434 ejus
766 5362 907 5419 conversio

140 5436 342 5494 rhernardum
365 5436 434 5493 facta
461 5442 637 5492 memoratur.
661 5434 747 5490 Multa
769 5433 850 5490 daeo
865 5433 907 5487 fa·

125 5507 245 5566 alantur.
262 5507 373 5565 Certum
387 5518 439 5575 est,
451 5515 566 5566 testante
580 5505 710 5567 Orderico
723 5505 783 5575 ejus
797 5503 907 5580 aequali,

959 4314 1029 4368 esse,
1048 4316 1060 4350 r
1077 4303 1104 4351 et
1120 4297 1185 4350 feria
1200 4302 1276 4351 sexta
1292 4296 1566 4367 Parcsceves,qu1nt0
1581 4295 1644 4351 ldus
1657 4295 1758 4364 Aprilis

960 4385 1036 4424 saera
1055 4367 1243 4423 communione
1263 4366 1404 4431 munitum,
1420 4378 1483 4423 ante
1501 4384 1576 4423 aram
1594 4366 1663 4423 beati
1683 4368 1759 4437 Apo·

960 4439 1023 4496 stoli
1036 4439 1190 4494 defunctum
1204 4453 1266 4494 esse
1282 4458 1293 4488 r
1311 4440 1361 4495 sub
1375 4454 1474 4495 annum
1490 4442 1568 4505 1133,
1584 4453 1638 4510 quo
1653 4441 1711 4493 uec
1724 4439 1758 4491 ab

960 4510 1092 4568 Orderico
1106 4517 1301 4564 memorantur.

997 4581 1071 4651 (313)
1089 4581 1235 4636 hnacletus
1249 4579 1436 4652 pseudopapa,
1451 4587 1480 4634 ut
1494 4577 1639 4654 llogerium
1660 4576 1757 4656 ducem

959 4651 1065 4719 Apuliae
1089 4653 1255 4723 praecipuum
1280 4651 1405 4706 factionis
1428 4666 1484 4705 suae
1507 4651 1637 4705 fautorem
1660 4647 1757 4727 fortius

960 4723 1009 4777 sibi
1024 4722 1181 4793 devinciret,
1196 4723 1269 4792 regis
1291 4737 1352 4776 eum
1374 4720 1473 4777 Siciliae
1490 4720 1568 4774 titulo
1583 4720 1703 4783 donavit,
1718 4719 1757 4771 uti

958 4794 1051 4850 videre
1072 4794 1135 4850 lieet
1149 4797 1220 4865 apud
1243 4792 1386 4848 baronium
1400 4807 1470 4847 anno
1487 4794 1566 4859 1130,
1581 4808 1609 4844 n.
1625 4791 1652 4842 6.
1668 4786 1756 4855 Quem

960 4873 1051 4920 tamen
1067 4866 1092 4920 ei
1116 4877 1209 4935 postea
1228 4867 1410 4928 Innocentius,
1432 4861 1574 4916 infeliciter
1588 4867 1679 4916 contra
1694 4874 1757 4913 eum

959 4936 987 4992 in
1002 4936 1125 5007 pretium
1140 4951 1312 5008 progressus.
1330 4937 1450 5004 adeoque
1463 4931 1594 5002 captivus,
1611 4929 1756 4985 coufirma-

960 5008 1008 5073 vit,
1022 5023 1084 5063 cum
1105 5006 1181 5061 aliter
1196 5006 1335 5063 eluctarie
1356 5003 1479 5060 manibus
1500 5002 1559 5071 ejus
1582 5016 1636 5056 raon
1652 5009 1756 5072 posset.

960 5079 1066 5149 Quanto
1090 5077 1187 5132 melius
1207 5078 1254 5147 jus
1279 5092 1356 5131 suum
1381 5075 1468 5129 aliena
1492 5088 1571 5127 manu
1599 5085 1758 5144 prosecutus

961 5151 1054 5206 luisset
1067 5147 1198 5216 Pontifex,
1216 5149 1238 5202 si
1261 5147 1373 5202 ernnino
1397 5143 1479 5198 armis
1501 5159 1571 5215 opus
1590 5154 1656 5209 erat,
1676 5160 1758 5214 quam

960 5221 1056 5289 etipse
1071 5222 1104 5276 ad
1119 5218 1217 5274 bellurn
1233 5219 1394 5289 procedens,
1404 5224 1432 5271 et
1446 5215 1516 5270 hosti
1530 5216 1640 5282 cedens,
1656 5215 1689 5271 ad
1704 5216 1758 5270 iui-

979 5306 1028 5345 uas
1043 5291 1212 5346 conditiones
1230 5288 1399 5363 adigeretur!
1426 5287 1493 5343 Vide
1512 5289 1664 5354 baronium,
1683 5296 1757 5343 terno

991 5363 1027 5423 ΙΙ,
1040 5376 1111 5416 anne
1129 5364 1208 5416 1133.

1009 5433 1072 5502 330)
1088 5432 1282 5503 imperatorem
1296 5430 1458 5489 Romanurn.
1474 5430 1543 5488 Vide
1558 5431 1636 5504 epist.
1659 5433 1720 5487 139.

1010 5504 1074 5573 etl)
1088 5503 1193 5576 Scripta
1205 5517 1276 5561 anno
1295 5503 1393 5562 Christi
1408 5504 1489 5561 1133.
