3728 5940
137 99 142 109 ⁸
175 128 229 233 aas
659 167 686 227 s.
707 164 873 226 nennsnor
890 157 1027 222 annuus
1042 156 1356 220 eursu-vunonem
1771 146 1830 229 mi

175 295 250 367 varis,
266 293 314 351 sed
334 291 481 366 dignitatis,
501 288 548 345 sed
571 288 667 344 salutis
689 288 752 345 lacit
775 304 848 360 saepe
872 297 901 344 nt
919 301 968 343 nee
983 298 1008 379 Α
1023 281 1150 355 passione
1160 283 1279 350 Domini,
1289 283 1394 340 Christo
1404 284 1494 342 denno
1503 285 1631 356 patiente,
1641 287 1689 344 ubi
1698 289 1826 350 etaltera

176 385 350 443 manifestum
377 380 503 438 omnibus
530 379 654 435 advertas
680 378 840 448 periculum,
867 376 968 434 sentias
1023 372 1081 428 vice
1095 388 1194 442 passus
1208 381 1260 427 est.
1277 372 1584 444 Perquemautemnisi
1599 381 1735 448 perros?
1752 382 1823 439 Petri

174 475 312 531 damnum.
337 470 477 542 Colligitur
499 468 643 524 concilium
665 468 750 539 (698).
770 467 842 537 Quid
867 467 894 520 iu
918 467 970 522 hoc
1022 473 1137 532 uterque
1155 469 1206 530 est,
1221 461 1290 515 alter
1304 476 1354 516 sno
1366 472 1440 529 nutu,
1457 464 1523 520 alter
1538 481 1586 521 sua
1604 482 1697 536 mauu,
1714 471 1824 539 qttotiea

173 563 322 621 detrahitur
336 559 419 634 pegiae
434 557 541 631 glorian,
557 559 636 629 regui
655 556 842 613 utilitatibus?
857 555 895 609 lbi
911 551 970 607 uni·
1023 565 1132 605 necesse
1147 560 1197 618 est,
1214 549 1408 620 evaginandus.
1430 553 1463 607 lit
1478 554 1588 625 quidem
1604 555 1710 627 dequo
1732 558 1824 615 miuus

171 667 256 711 versae
279 649 408 704 Ecclesiae
431 647 665 704 commendabitur
687 662 719 703 ac
747 643 970 700 rememorabitur
1022 638 1175 703 videbatur,
1195 637 1300 708 deipso
1314 639 1346 693 ad
1362 640 1469 695 Petrum
1483 642 1584 699 dictum
1600 650 1660 698 este
1682 646 1822 708 Converte

171 736 339 798 excellentia
372 745 468 792 vestrae
495 748 617 809 prompta
649 745 675 791 et
708 733 834 805 specialis
854 733 969 798 devotio,
1022 726 1149 798 etodium
1164 728 1293 783 teernin
1312 731 1446 798 cupieram
1461 729 1552 800 (dean.
1569 747 1649 800 xvnt,
1671 735 1730 806 ll).
1749 736 1821 811 lugo

171 826 246 900 quod
262 842 358 898 regum
374 825 486 897 primus,
502 831 549 879 ant
567 833 640 881 certe
660 823 729 879 inter
751 823 863 894 primos,
885 819 969 876 rabiei
1023 816 1256 882 snuseratetille,
1268 817 1440 875 sednonsna
1451 836 1532 876 mann
1543 822 1821 894 utiqueedueeudus.

171 915 393 989 persequentium
417 914 541 969 eamdem
565 922 677 969 matrem
701 922 816 969 vespam
837 910 969 967 strenuis.
1059 908 1085 962 9.
1100 905 1218 975 Tempus
1232 912 1258 960 et
1273 921 1343 975 opus
1358 921 1419 962 esse
1440 909 1563 965 existimo
1587 912 1682 970 ambos
1696 914 1779 971 educi
1792 914 1820 971 io

172 1003 241 1058 sime
262 1010 290 1058 et
312 1001 540 1059 christianissime
565 999 737 1057 defendendo
759 998 898 1056 obviastis.
919 998 967 1069 lbi,
1022 992 1209 1049 defensionem
1225 992 1516 1051 01191111111119113111·
1532 999 1727 1068 01111110611111
1741 1010 1818 1061 tene·

172 1090 301 1163 gloriose,
321 1091 356 1145 ab
377 1089 480 1164 ingenti
502 1090 546 1145 illa
565 1089 734 1145 multitudine
756 1087 852 1143 debitae
875 1087 969 1162 gratim
1023 1082 1067 1148 tis,
1090 1081 1177 1138 zelum
1196 1082 1333 1155 1116116919
1357 1099 1411 1140 ⁰⁰⁰
1436 1086 1550 1146 1191111115·
1575 1089 1660 1159 Quale
1686 1099 1730 1147 0⁸²
1758 1095 1819 1163 1¹⁰0»

171 1180 325 1237 reserentur
338 1178 418 1236 vobis
434 1195 441 1233 ε
457 1177 494 1232 ibi
509 1193 524 1234 a
537 1177 657 1234 millibus
676 1184 831 1234 mororum
849 1176 969 1233 orabitur
1021 1171 1200 1242 principatum
1216 1180 1318 1238 unere,
1342 1182 1369 1229 et
1387 1173 1563 1231 ministerium
1585 1178 1748 1237 declinaret
1760 1181 1820 1239 Vox

172 1283 221 1340 pro
236 1266 313 1327 vobis
328 1272 355 1322 et
368 1266 474 1323 vestris.
1021 1259 1190 1317 clamantis:
1218 1279 1231 1312 ι
1260 1259 1344 1317 Venio
1372 1262 1570 1336 lerosolymam
1595 1266 1693 1324 iterum
1723 1272 1818 1328 cruci·

209 1359 235 1411 ι.
250 1353 326 1412 Alias
338 1361 431 1411 autem
444 1369 523 1426 quam
538 1354 573 1410 sit
587 1355 637 1411 boc
654 1361 777 1425 tempore
796 1353 968 1408 necessarius
1021 1349 1080 1419 figi.
1098 1370 1110 1400 s
1129 1351 1303 1420 (Ecnsrrrus,
1314 1352 1498 1409 Deeaeidltb
1509 1370 1550 1422 ur,
1561 1371 1621 1428 cap.
1632 1359 1673 1428 2.)
1684 1358 1819 1434 adquam

173 1453 321 1501 conventus
348 1444 549 1516 episcoporum,
574 1444 664 1498 nullus
693 1442 813 1515 ignorat,
843 1442 894 1497 nisi
922 1441 968 1514 qui
1021 1452 1116 1495 vocem
1143 1440 1192 1494 etsi
1222 1438 1267 1493 alii
1289 1440 1379 1510 tepidi,
1406 1441 1451 1497 alii
1472 1443 1548 1499 surdi
1576 1446 1637 1513 sint,
1665 1450 1818 1507 successori

172 1536 257 1592 durus
271 1535 353 1590 eorde
368 1533 461 1589 matris
474 1532 603 1589 Ecclesia
617 1533 756 1606 angustias
775 1547 829 1589 non
843 1531 965 1590 attendit.
1021 1525 1092 1581 Petri
1107 1524 1277 1583 dissimulare
1301 1542 1355 1582 non
1378 1529 1448 1586 ticet.
1463 1530 1600 1603 Loquetur
1616 1540 1643 1589 et
1659 1533 1743 1608 ipse.-
1758 1541 1820 1596 utet

172 1624 208 1679 At
221 1624 312 1694 ¹calor,
328 1621 461 1693 inquiunt,
478 1621 578 1677 nimius
600 1631 649 1678 est.
666 1620 748 1689 Quasi
773 1635 822 1677 urs
845 1576 1005 1693 glacialiaB
1022 1631 1117 1671 omnes
1130 1616 1320 1673 scandalizati
1341 1619 1463 1689 fuerim,
1485 1619 1533 1676 sed
1554 1637 1612 1679 nou
1632 1640 1679 1696 ego
1702 1627 1818 1698 (Metti.

172 1725 286 1783 corpora
300 1712 457 1766 babeamus.
472 1711 514 1764 dn
530 1710 612 1765 corda
627 1711 706 1765 nobis
725 1709 813 1782 magis
827 1708 968 1782 congelata
1020 1718 1101 1769 xxvi,
1121 1707 1168 1775 33)
1181 1722 1188 1773 ;
1204 1720 1254 1759 nee
1268 1707 1411 1762 terrebitur
1424 1708 1530 1764 damnis
1548 1711 1649 1781 prioris
1673 1717 1817 1786 exercitus,

172 1806 245 1868 snut,
262 1806 289 1854 et
303 1813 384 1854 nemo
397 1806 437 1853 est
451 1797 508 1869 qui,
516 1799 592 1867 juxta
607 1800 776 1868 prophetam,
792 1797 969 1868 compatiatur
1020 1791 1119 1863 quibus
1132 1793 1221 1865 magis
1235 1795 1415 1851 resarciendis
1436 1813 1545 1869 operam
1570 1799 1654 1856 debit.
1678 1803 1819 1878 Numquid

171 1902 255 1958 anper
268 1884 351 1943 257
377 1886 540 1942 contritione
560 1887 685 1959 loseph?
699 1886 793 1958 (Amos
807 1902 846 1956 ιι,
862 1888 902 1959 6.)
915 1884 968 1942 Sed
1022 1882 1083 1937 ideo
1100 1898 1154 1938 uon
1168 1882 1249 1939 debet
1267 1883 1357 1940 lucere
1372 1887 1454 1941 homo
1467 1888 1541 1958 qnod
1554 1890 1645 1956 debet,
1664 1894 1732 1964 quia
1746 1896 1820 1954 Deua

172 1975 232 2030 bec
246 1975 321 2029 alias.
334 1975 412 2029 Nunc
425 1980 516 2030 autem
531 1989 584 2045 ego
599 1975 726 2030 minimus
736 1976 762 2029 iu
773 1991 858 2046 regno
868 1983 966 2043 vestro,
1021 1969 1086 2027 lacit
1100 1971 1265 2043 quodvult?
1279 1974 1338 2047 Ego
1353 1990 1415 2030 roro
1429 1991 1479 2046 pro
1494 1978 1573 2034 tantis
1587 1981 1675 2047 malis,
1688 1987 1819 2056 tauquam

172 2067 222 2121 aed
237 2064 377 2138 dignitate,
388 2077 441 2118 uon
456 2062 594 2129 fidelitate,
607 2063 667 2118 dico
680 2063 850 2119 vobiszNon
860 2063 970 2134 expedit
1022 2059 1191 2116 Christianus
1218 2069 1245 2116 et
1274 2061 1371 2128 fidelis,
1396 2063 1506 2119 meliora
1529 2069 1656 2136 sperabo,
1683 2080 1710 2126 et
1738 2087 1820 2131 omne

171 2155 241 2212 velle
254 2153 386 2224 impedire
406 2160 510 2206 tantum
530 2160 557 2208 et
577 2160 632 2207 tam
650 2152 834 2209 necessarium
857 2153 967 2208 bouum.
1023 2149 1150 2223 gaudium
1165 2151 1313 2217 aestimabo,
1338 2153 1408 2223 quod
1423 2153 1451 2208 in
1464 2153 1551 2210 varias
1574 2158 1738 2217 tentationes
1750 2161 1818 2219 inci-

170 2243 228 2299 Nec
241 2241 341 2299 desunt
358 2240 496 2299 evidentes
518 2256 615 2310 eausae,
630 2242 728 2313 quibus
750 2241 777 2295 id
798 2240 970 2297 manifestum
1022 2239 1111 2294 dimus
1129 2240 1200 2308 (dee.
1226 2254 1246 2306 1,
1265 2240 1304 2310 2).
1328 2239 1431 2297 nevers
1454 2259 1550 2314 panem
1571 2246 1674 2304 doloris
1694 2252 1817 2308 eomedi-

171 2332 262 2388 lacere
275 2346 396 2403 possem,
416 2346 485 2402 quas
500 2337 527 2385 et
540 2347 612 2386 nuuc
626 2330 749 2401 prolerre
763 2331 789 2385 in
804 2331 922 2386 medium
936 2330 969 2385 ad
1023 2344 1093 2392 mus,
1109 2334 1136 2383 et
1154 2328 1238 2399 potati
1251 2344 1344 2383 sumus
1358 2329 1420 2385 vino
1434 2333 1656 2404 compunctionis.
1674 2336 1749 2407 Quid
1763 2340 1817 2397 dil-

169 2435 280 2477 manum
295 2420 361 2475 mibi
380 2428 431 2488 est,
447 2419 500 2475 nisi
519 2420 592 2491 quud
604 2427 646 2474 sat
664 2420 780 2476 arbitror
801 2420 903 2477 dictum
922 2436 968 2474 sa·
1023 2416 1093 2485 lidis,
1108 2418 1192 2472 amire
1206 2417 1309 2489 sponsi,
1325 2419 1401 2491 quasi
1420 2436 1474 2477 non
1501 2438 1576 2479 more
1589 2439 1639 2481 suo
1657 2425 1750 2483 vinnm
1764 2430 1817 2486 bo-

170 2508 265 2582 pienti.
287 2510 390 2564 Tamen
415 2507 438 2563 si
462 2506 528 2580 quid
553 2523 585 2562 ex
614 2507 773 2578 apostolicae
803 2508 969 2565 auctoritatis
1022 2522 1086 2562 nuru
1109 2507 1255 2564 servaverit
1278 2523 1364 2579 usque
1391 2511 1479 2566 adbuc
1502 2512 1635 2587 benignus
1657 2521 1685 2570 et
1707 2517 1819 2588 sapiens

171 2598 264 2671 rigore
279 2597 423 2668 processit,
440 2596 512 2651 unde
531 2611 560 2651 se
574 2596 671 2652 merito
687 2612 745 2652 esse
762 2597 896 2652 turbatam
909 2599 969 2654 cel·
1022 2597 1163 2667 sponsus‘.l
1177 2595 1243 2663 Quis
1256 2596 1306 2652 scit
1320 2596 1343 2653 si
1357 2607 1525 2656 eonvertatur
1538 2608 1565 2656 et
1585 2603 1710 2674 ignoscat
1732 2606 1815 2677 Deus,

170 2687 298 2744 situdinis
321 2696 415 2742 vestrae
438 2685 569 2743 serenitas
592 2686 754 2753 arbitretur;
778 2687 895 2758 qualiter
916 2688 968 2743 lroc
1022 2691 1049 2737 et
1064 2684 1199 2756 relinquat
1214 2692 1275 2755 post
1291 2700 1321 2740 se
1334 2686 1553 2746 benedictionem
1569 2692 1648 2760 (leel.
1665 2707 1694 2760 u,
1713 2696 1767 2765 tt).
1782 2697 1817 2753 lit

168 2777 259 2849 ipsum
275 2783 422 2846 revocetur,
444 2786 489 2831 aut
506 2782 679 2846 temperetur,
702 2786 781 2846 prout
803 2784 908 2847 oportet
931 2776 965 2830 ad
1020 2781 1093 2828 certe
1119 2772 1158 2829 sic
1188 2774 1306 2845 operari,
1331 2777 1372 2831 sic
1398 2776 1522 2846 indicare
1547 2796 1659 2852 superna
1687 2782 1816 2841 divinitas

169 2867 302 2923 honorem
325 2872 454 2931 vestrum,
477 2863 571 2920 fideles
594 2864 677 2920 vestri
705 2865 750 2936 qui
777 2866 892 2922 aderunt
916 2864 965 2939 [el.
984 2864 1104 2959 caolet:
1122 2863 1218 2918 scienti
1242 2864 1348 2936 loquor.
1373 2865 1486 2935 Quando
1510 2886 1607 2942 magua
1625 2872 1696 2928 bona
1713 2880 1817 2930 morta·

168 2957 255 3013 mule.
270 2953 418 3027 adhaerent]
438 2954 501 3009 totis
523 2953 628 3009 viribus
647 2953 795 3011 enitentur.
811 2956 885 3010 luter
898 2970 966 3026 quos
1021 2950 1092 3006 libus
1115 2963 1318 3022 nitriensium·
1344 2970 1404 3025 1111ω
1432 2972 1486 3012 11011
1515 2975 1614 3030 11119111
1637 2962 1818 3030 9181919611

168 3061 220 3102 nos
248 3058 366 3118 quoquc,
386 3043 410 3098 ai
432 3042 498 3115 quid
523 3057 676 3114 possumus,
697 3059 751 3098 non
780 3044 967 3100 dissimulabi-
1020 3039 1209 3108 mala‘lNam,
1225 3051 1365 3099 utcaetera
1381 3055 1491 3112 taceam
1507 3063 1597 3104 noune
1620 3049 1686 3106 illud
1710 3051 1817 3108 unicum

169 3150 239 3191 mus·
1022 3138 1050 3185 et
1079 3130 1215 3201 singulare
1242 3131 1401 3190 beneficium
1432 3143 1534 3189 nostrae
1562 3138 1656 3192 salutis
1679 3140 1819 3211 praecessit

374 3229 542 3286 EPISTOLA
560 3227 660 3286 ccttll
678 3230 766 3301 (699).
1021 3234 1095 3274 mors
1110 3216 1281 3273 Salutaris?

344 3339 381 3380 p„
395 3339 522 3383 pomp„
536 3341 628 3382 pm„
642 3342 797 3383 mmm
1056 3309 1082 3361 3.
1099 3305 1139 3358 Tu
1154 3319 1230 3374 ergo,
1247 3305 1334 3361 amice
1353 3307 1456 3380 sponsi,
1472 3309 1585 3366 anticum
1606 3318 1631 3366 te
1651 3315 1679 3367 in
1695 3319 1821 3374 uecessi-

174 3425 288 3482 Eecitct
303 3425 460 3496 Eugenium
474 3424 509 3478 ad
523 3427 669 3495 suppetias
684 3425 819 3481 emeretuii
838 3425 969 3484 Ecclesiae
1021 3401 1074 3449 ‘²¹⁰
1088 3392 1213 3463 pmbm·
1229 3393 1258 3449 Si
1281 3394 1440 3465 1111111110
1460 3412 1562 3465 ²m⁰f⁸r
1578 3398 1678 3470 (11111110
1693 3411 1760 3458 111111
1776 3407 1822 3462 i¹¹·

207 3495 360 3568 serendam
375 3494 763 3566 uecebjiet'endumereimum
777 3497 808 3553 ob
824 3502 969 3570 occeptum
1019 3490 1171 3552 1911061193
1194 3489 1235 3538 931
1257 3484 1440 3555 llfael¹⁰⁰⁰⁵⁵⁰r
1466 3487 1558 3558 (10⁰⁹2·
1583 3492 1766 3564 11191517),
1792 3504 1821 3552 111

208 3566 317 3623 cludent
332 3569 363 3621 in
385 3567 534 3622 animatore
556 3568 681 3624 ciuitatis
705 3568 823 3626 ecesse.
849 3570 969 3627 Miratur
1021 3585 1126 3642 quoque
1145 3579 1201 3627 tote
1223 3570 1316 3637 eorde,
1343 3579 1398 3627 tota
1419 3576 1518 3641 anima,
1542 3575 1626 3633 258
1652 3581 1820 3640 totavirtute

208 3655 271 3695 vssrO
287 3638 832 3698 1611119011111111116111181111111111111·
1020 3658 1155 3714 Christum
1169 3660 1270 3734 diligis,
1291 3668 1321 3715 ut
1344 3670 1461 3732 oportet,
1486 3665 1551 3719 nibil
1575 3668 1738 3735 reservabis,
1755 3672 1821 3728 nibil

211 3743 439 3800 l.Nonestleve
458 3743 568 3800 verbnm
587 3743 660 3815 qnod
678 3745 884 3802 sonuitrtriste
903 3747 968 3802 satis
1021 3748 1207 3804 dissimulabis
1235 3749 1263 3804 iu
1290 3758 1363 3804 tanto
1392 3751 1511 3822 periculo
1538 3768 1648 3826 sponsae
1675 3759 1754 3826 ejus:
1772 3760 1820 3815 sed

174 3840 201 3887 et
214 3847 296 3904 grave
311 3842 363 3889 est.
378 3833 411 3888 Et
425 3833 467 3888 eui
484 3833 578 3889 triste?
592 3833 649 3888 lmo
665 3835 709 3890 cui
723 3849 778 3890 non
801 3835 897 3891 triste?
913 3833 983 3892 Soli.
1023 3838 1135 3910 quiquid
1149 3838 1232 3894 babes
1254 3837 1365 3908 virium,
1378 3839 1507 3912 quidquid
1523 3844 1583 3908 zeli,
1607 3845 1738 3917 quidquid
1762 3849 1819 3905 sol·

175 3917 225 3974 lilii
251 3918 298 3974 irae
322 3919 389 3977 iram
412 3935 466 3976 nou
486 3930 616 3990 seuunut,
641 3938 691 3980 nec
715 3925 856 3981 tristantur
883 3926 969 3982 tristi·
1022 3928 1185 4000 licitudinis‚
1215 3928 1344 4001 quidquid
1368 3931 1554 4001 auctoritatis,
1583 3936 1710 4008 quidquid
1739 3944 1820 4010 pote-

175 4011 235 4079 bua,
250 4010 296 4065 aed
322 3996 445 4067 laetantur
466 4019 492 4065 et
515 4012 649 4068 exsultant
672 4012 699 4068 in
723 4016 804 4070 rebus
832 4014 967 4085 pessimis.
1023 4016 1109 4088 statis,
1133 4017 1283 4090 impendes.
1314 4018 1458 4091 singulare
1481 4023 1629 4094 periculum
1653 4025 1820 4098 singularem

174 4099 213 4153 lle
239 4105 336 4154 eaetero
364 4099 517 4153 eommunis
545 4099 650 4156 tristitia
678 4112 728 4169 est,
754 4102 817 4174 quia
843 4118 967 4158 eommu-
1024 4105 1246 4177 exigitoperaru.
1272 4107 1490 4164 Fundamentum
1519 4113 1681 4178 concutitur,
1704 4123 1734 4170 et
1762 4123 1823 4172 tan·

175 4185 217 4238 nis
244 4194 286 4239 est
312 4201 402 4242 causa.
431 4188 502 4241 Bene
539 4188 640 4244 lecistis
670 4190 852 4259 iustissimum
882 4195 969 4250 zelum
987 4185 1104 4266 nquam
1124 4193 1274 4250 imminenti
1298 4195 1382 4251 ruinae
1406 4197 1525 4253 totisest
1547 4200 1652 4255 nisibus
1673 4216 1821 4258 occurren-

175 4278 277 4326 nostrae
290 4273 432 4343 gallicanae
454 4273 582 4330 Ecclesiae
596 4279 784 4350 collaudando,
802 4294 828 4337 et
843 4282 974 4339 corrobo-
1027 4283 1103 4338 dnm.
1125 4283 1159 4340 Et
1183 4284 1240 4338 baec
1266 4293 1377 4355 propter
1403 4299 1463 4356 vos,
1494 4284 1609 4344 fidenter
1634 4288 1753 4363 quidem,
1773 4292 1822 4348 sed

176 4360 260 4415 raudo
283 4361 441 4416 anctoritate
464 4361 615 4419 litterarum
638 4375 802 4423 vestrarum.
831 4371 892 4428 Non
920 4380 971 4438 est,
1027 4371 1234 4434 fideliterdicte.

175 4449 237 4505 dieo
251 4448 339 4518 vobis3
351 4447 378 4504 in
392 4465 474 4507 cansa
489 4459 541 4505 tam
555 4454 675 4527 generali
684 4466 711 4512 et
722 4465 775 4512 tam
789 4460 865 4530 gravi
881 4462 972 4531 tepide
1064 4461 1239 4518 monestere
1252 4463 1365 4519 verbum
1382 4463 1526 4536 illudquod
1536 4466 1640 4537 jam,ni
1651 4467 1740 4537 fallor,
1751 4469 1827 4527 audi·

176 4539 322 4612 agendum,
338 4539 384 4593 sed
400 4554 434 4594 ue
451 4539 544 4595 timide
558 4541 677 4612 quidem.
695 4546 760 4616 Legi
780 4549 850 4618 apud
871 4565 970 4620 quem·
1027 4546 1090 4602 stis:
1104 4550 1408 4617 quomodovidelicetin
1424 4553 1584 4611 carnutensi
1599 4565 1731 4614 conventu
1746 4558 1827 4633 (tol)

177 4628 236 4682 dam
251 4624 404 4698 sapientem
419 4646 425 4681 ι
445 4630 530 4683 «Nou
545 4637 585 4685 est
600 4630 641 4686 vir
654 4632 740 4706 lortis,
754 4635 797 4690 cni
811 4652 863 4692 nou
879 4639 975 4696 crescit
1029 4635 1158 4707 (quonam
1175 4637 1280 4705 judicio
1293 4639 1358 4694 satis
1374 4640 1467 4713 miror)
1490 4660 1535 4700 me
1554 4644 1631 4717 quasi
1646 4645 1785 4704 indecem
1800 4657 1830 4708 et

176 4717 283 4773 animus
297 4717 324 4770 in
339 4717 398 4788 ipsa
415 4732 506 4773 rerum
530 4719 686 4777 dilliculmte
701 4723 837 4795 (sanam,
853 4726 880 4780 in
895 4728 972 4797 epist.
1028 4723 1181 4796 principem
1198 4727 1301 4782 militiae
1324 4731 1472 4802 elegerunt,
1493 4742 1598 4789 certum
1622 4734 1655 4792 sit
1672 4734 1753 4793 vobis
1776 4754 1829 4799 neo

177 4807 222 4870 22,
239 4805 275 4861 ed
289 4807 456 4878 Lucillum).
475 4827 489 4860 s
514 4810 574 4882 Ego
590 4820 677 4867 autem
693 4813 764 4879 dico,
781 4815 852 4870 lideli
875 4815 976 4873 homiui
1029 4812 1132 4871 consilii
1147 4815 1210 4883 mei,
1228 4831 1278 4873 uec
1292 4819 1433 4875 volunteus
1448 4836 1514 4876 mear
1528 4824 1612 4879 luisse
1626 4826 1666 4880 vel
1681 4840 1760 4899 esse3
1777 4828 1829 4885 sat

177 4894 264 4965 magis
277 4902 306 4950 et
318 4894 389 4952 inter
414 4898 520 4969 llagella
544 4898 690 4960 licendum.
711 4904 881 4960 intraverunt
899 4922 976 4977 aquae
1030 4918 1079 4958 uec
1094 4902 1279 4973 possibilitatis
1294 4922 1362 4962 meae
1385 4908 1525 4980 (qnantum
1544 4911 1639 4968 metior
1652 4928 1723 4968 ures
1741 4916 1828 4987 meas)

178 4996 263 5052 usqne
288 4985 322 5040 ad
352 4987 470 5042 animam
492 4987 601 5054 Christi,
623 4998 690 5045 tacta
712 5000 753 5046 est
774 4992 875 5064 pupilla
903 4997 976 5053 oculi
1029 4993 1172 5064 pervenire
1195 5011 1279 5067 usqne
1303 4997 1377 5053 illuc.
1400 4997 1467 5068 Quis
1487 5017 1548 5057 sum
1562 5016 1625 5073 ego,
1640 5002 1827 5075 uldirpenam

178 5073 248 5141 ejus.
267 5071 440 5131 Exsereudus
461 5085 488 5132 et
511 5093 583 5134 nunc
605 5090 719 5151 uterque
738 5080 844 5152 gladios
858 5084 933 5155 (700)
947 5085 976 5140 in
1028 5090 1178 5139 castrorum
1187 5099 1270 5155 actes,
1286 5096 1314 5142 ut
1327 5090 1452 5161 egrediar
1467 5100 1528 5146 ante
1542 5090 1627 5149 iacies
1638 5092 1828 5151 mmamruul

216 5246 293 5318 (698)
317 5249 445 5306 Pisanum
469 5253 589 5328 intellige
616 5271 687 5314 anno
716 5260 785 5314 llib
803 5261 974 5332 celebratum,
1047 5333 1051 5343 Ι
1068 5265 1144 5346 (709)
1159 5267 1197 5320 De
1208 5266 1308 5337 duplici
1322 5268 1372 5327 boc
1382 5268 1472 5341 gladio
1487 5271 1586 5343 legeris
1596 5272 1694 5329 libmm
1710 5273 1752 5330 lle
1763 5289 1830 5335 cou-

179 5316 214 5369 ad
228 5319 302 5390 quod
317 5336 363 5376 rea
379 5325 511 5393 presules
526 5326 680 5387 Gallicanos
701 5331 831 5390 accedere
849 5335 976 5407 probibe·
1031 5335 1202 5405 sidereoque,
1218 5354 1278 5409 cap.
1296 5343 1311 5395 3
1327 5347 1354 5395 et
1367 5342 1409 5397 Ad
1424 5342 1522 5398 milites
1537 5344 1649 5415 Templi,
1665 5359 1728 5416 rap.
1744 5349 1774 5403 9.

181 5386 227 5441 bet
242 5389 354 5446 obtentu
368 5395 464 5450 caloris
479 5398 625 5456 immodici.
1070 5408 1146 5479 (701)
1169 5411 1208 5464 lle
1233 5413 1282 5467 lroc
1300 5423 1445 5479 conventu,
1469 5415 1516 5485 qui
1535 5430 1605 5471 anno
1628 5418 1698 5472 tlte
1716 5428 1832 5477 coactus

219 5459 298 5533 699)
312 5461 415 5535 Scripta
426 5482 499 5526 anno
512 5470 611 5529 Christi
628 5474 692 5528 lte.
1031 5486 1074 5532 est
1088 5477 1208 5550 legendae
1223 5481 1292 5538 Petri
1306 5482 1473 5541 Venerabilis
1485 5485 1774 5561 etSugeriiepistoloe.
