3728 5940
166 188 217 250 851

635 177 663 236 S.
680 176 847 238 statuunt
866 171 1337 243 hBBthSAEthAENhLbENSlS

1764 175 1841 242 852..

163 317 228 375 totis
246 310 391 372 desideriis
409 304 567 364 allectauda.
589 306 652 360 llaec
667 305 741 359 enim
768 303 836 360 visio
862 302 999 402 courir-n
1020 301 1183 357 meduanam
1197 302 1326 374 possidet,
1343 302 1390 356 sed
1408 309 1437 357 ct
1450 302 1597 358 multorum
1618 302 1725 360 animas
1740 302 1827 359 lucri·

166 405 248 462 matio
273 410 323 468 est,
343 400 412 455 sicut
437 396 556 450 loannes
571 392 713 464 apostolus
731 391 768 446 ait
784 409 791 445 ε
808 392 890 447 Nune
905 389 961 459 filit
1019 389 1090 449 iacit.
1104 393 1220 463 Primus,
1245 401 1373 466 quantum
1399 393 1505 464 inipso
1529 400 1580 461 est,
1596 409 1691 465 pacem
1720 394 1823 467 habet3

167 497 217 553 ilci
225 507 331 554 sumus,
339 486 388 544 sed
399 484 525 542 noudum
535 485 670 555 apperuit
681 480 747 554 quid
761 481 881 537 erimus.
899 480 960 536 Sci-

166 601 230 641 mus
240 581 317 654 pule,
330 593 396 634 eum
410 573 588 646 apparuerit,
600 572 708 627 similes
723 573 750 627 ei
765 570 884 634 erimus,
895 570 963 642 quie

164 669 320 727 uidebimus
334 681 399 722 cum
412 664 502 720 sicuti
516 665 558 717 est
576 661 598 732 (i
608 664 688 718 loon.
705 674 747 726 ut,
765 663 804 729 2).
822 659 884 713 Haec
896 657 964 713 risio

166 758 220 815 rita
244 765 344 812 aeterna
370 759 421 821 cst,
445 751 513 806 sicut
543 750 601 820 ipsa
623 748 651 802 in
674 747 823 819 Evangelio
850 746 962 801 Veritas

169 849 226 905 ait:
247 849 308 903 llaee
326 848 367 902 est
382 845 441 900 ullu
462 845 581 905 aeterua,
594 843 628 895 ut
643 841 813 908 acquescent
828 841 854 893 te
869 835 970 911 solum¹

167 953 267 994 uerum
275 939 371 998 Deum,
382 937 409 990 et
418 947 498 1003 quern
504 930 611 986 misisti
615 931 708 985 lesum
717 927 862 983 Christum
869 926 878 987 l
881 926 962 982 locu.

167 1041 235 1094 xxtt,
251 1026 290 1096 3).
314 1020 430 1079 Odibilis
453 1018 571 1088 macula,
593 1033 653 1088 quac
682 1016 785 1072 beatam
800 1014 869 1068 hanc
884 1012 963 1067 nobis

168 1115 261 1171 adimit
287 1111 430 1177 visionem,
460 1117 488 1164 rt
511 1104 684 1162 exsecrabilis
708 1103 882 1176 negligentia,
908 1117 962 1171 qua

81 1246 84 1251 .
169 1201 371 1261 dissimulamus
388 1197 497 1252 interim
515 1194 587 1249 illius
609 1193 678 1250 oculi
699 1189 909 1247 mundationem.
928 1190 963 1245 Ut

169 1293 241 1349 cnim
255 1304 403 1360 corporeus
419 1285 497 1342 nobis
521 1283 596 1340 visus
618 1291 666 1338 aut
690 1283 802 1336 humore
826 1277 959 1351 interiori,

169 1391 214 1438 aut
228 1378 370 1436 exterioris
389 1375 537 1447 injectione
553 1370 672 1444 pulveris
687 1370 832 1441 impeditur
851 1389 857 1426 :
876 1369 915 1424 sic
936 1376 962 1423 et

168 1469 280 1525 intuitus
297 1465 447 1540 spiritualis
462 1462 597 1518 interdum
612 1459 722 1530 quidem
737 1459 854 1532 propriae
869 1457 961 1512 carnia

166 1557 307 1620 illecebris,
330 1552 464 1609 interdum
489 1549 643 1606 curiositate
662 1547 785 1603 saeculari
816 1555 843 1601 et
869 1545 958 1601 ambi-

169 1646 240 1702 tione
260 1644 394 1700 turbatur.
414 1638 492 1710 Quod
507 1638 614 1710 quidem
630 1653 684 1692 non
700 1636 789 1691 minus
810 1651 858 1690 nos
874 1636 998 1721 expe-fl

167 1733 265 1792 rieutia
293 1730 411 1804 propria,
430 1745 509 1802 quam
526 1727 616 1782 dirina
637 1726 734 1797 pagina
757 1727 844 1792 docet,
861 1725 906 1779 ubi
923 1724 961 1778 le·

167 1822 240 1894 gitur
253 1821 381 1891 scriptum
399 1837 405 1874 ;
423 1820 529 1890 Corpus
543 1816 614 1890 quod
638 1815 845 1886 corrumpitur,
860 1830 960 1886 uppre-

167 1915 218 1966 uct
235 1912 373 1975 animum,
389 1912 415 1964 el
425 1907 559 1979 deprimit
580 1910 694 1962 terrene
713 1903 884 1961 inhabitatio
903 1919 964 1961 sen·

167 2017 231 2057 tum
241 1997 336 2055 multo
352 1997 524 2067 eopltcuteru
537 1994 603 2065 (Sep
624 1994 771 2063 rx,15).ln
786 2001 902 2063 utroque
919 2001 963 2047 ta-

168 2103 231 2142 men
245 2084 335 2141 solum
349 2084 421 2156 quod
433 2082 541 2138 hebetat
555 2089 582 2137 et
597 2078 739 2136 contundit
754 2081 886 2148 obtutum,
901 2098 962 2152 pcc·

168 2184 256 2232 catum
267 2181 309 2229 est
320 2194 326 2230 :
337 2169 464 2228 necaliud
473 2166 792 2233 intercculumetluccm,
800 2169 869 2223 inter
878 2171 961 2224 [terrm

168 2274 196 2322 et
205 2263 344 2320 hominem
354 2275 477 2333 separare
490 2256 919 2326 ⁴91videtur.Quamdinenim
936 2259 962 2314 in

168 2354 220 2410 hnc
232 2366 348 2424 corpore
376 2364 478 2414 sumus,
499 2347 705 2419 peregrinamur
728 2347 884 2403 abomino.
901 2349 961 2404 Non

167 2440 260 2512 utique
273 2435 394 2509 corporis
413 2444 454 2491 cst
473 2434 565 2504 culpa,
581 2434 664 2504 hujus
679 2433 789 2505 scilicet,
805 2435 877 2506 quod
893 2436 963 2508 geri·

167 2543 336 2597 muscorpus
355 2525 450 2581 mortis
463 2542 469 2581 :
482 2522 569 2595 magis
584 2530 674 2578 antem
689 2521 762 2594 quod
782 2539 882 2594 corpus
898 2541 963 2597 pao.

170 2617 223 2675 cati
238 2616 273 2672 sit
292 2631 366 2685 caro,
381 2615 407 2669 iu
431 2628 484 2685 qua
499 2612 600 2668 bonum
616 2623 735 2678 nonest,
751 2612 798 2667 sed
813 2613 904 2684 potius
918 2615 960 2671 lex

168 2705 283 2778 peccati.
299 2706 438 2760 Interdum
453 2714 542 2759 tamen
566 2716 713 2773 corporeus
727 2701 832 2767 oculus,
849 2720 903 2759 non
918 2706 964 2761 ad·

167 2797 221 2852 huc
236 2794 339 2850 festuca
352 2799 491 2858 manente,
503 2790 550 2846 sed
563 2792 619 2861 jam
633 2792 737 2847 sublata
756 2792 795 2847 vel
810 2793 959 2864 exsufflata,

168 2881 325 2955 aliquandiu
339 2880 455 2953 caligare
469 2875 579 2935 'videtur
594 2898 600 2934 :
617 2879 689 2951 quod
705 2879 817 2951 quidem
831 2888 857 2938 et
872 2881 961 2957 ipsum

1018 484 1150 538 secundus
1165 500 1258 554 pacem
1274 492 1355 551 tenet,
1381 485 1477 541 tertius
1504 499 1597 557 pacem
1618 483 1691 542 iacit.
1722 485 1825 546 nerito

1019 571 1131 641 proinde
1156 572 1322 629 beatificatur
1347 573 1458 630 nomine
1485 571 1544 640 filii,
1570 573 1642 644 quod
1669 589 1739 645 opus
1768 573 1822 630 filii

1019 660 1179 729 impleverit,
1197 672 1224 716 ut
1246 669 1306 731 pust
1327 679 1403 718 suam
1426 679 1479 718 ιιοιι
1507 661 1633 732 ingratus
1659 664 1824 720 reconcilia·

1017 746 1128 813 tionem,
1144 747 1223 802 etiam
1238 748 1306 803 alios
1327 748 1482 806 reconciliet
1504 749 1572 805 Patri
1588 764 1638 804 sun
1655 764 1662 804 ι
1683 749 1824 822 siqnidem

1017 835 1063 908 qui
1077 837 1145 892 bene
1159 836 1361 906 ministraxerit,
1379 838 1480 894 bonum
1498 838 1612 910 gradum
1636 837 1688 894 sibi
1703 840 1823 912 acquirit

1018 926 1044 993 ll
1059 926 1127 980 Tim.
1146 940 1187 989 ιιι,
1204 924 1263 995 13);
1279 941 1329 981 nec
1352 926 1379 980 in
1393 928 1473 981 durno
1496 925 1579 996 patris
1603 929 1704 1000 gradus
1724 929 1822 985 melior

1016 1013 1169 1068 credendus
1184 1025 1233 1078 est,
1246 1028 1328 1086 quam
1343 1013 1403 1070 tilii.
1413 1015 1442 1069 Si
1453 1015 1525 1070 enim
1540 1009 1600 1080 filii,
1626 1022 1655 1069 et
1677 1017 1820 1073 haeredes:

1015 1100 1254 1173 haerelesjquidem
1268 1103 1328 1170 Dei,
1337 1104 1491 1160 cohaeredcs
1501 1114 1593 1160 antem
1604 1103 1704 1159 Christi
1719 1106 1816 1176 (Rom.

1014 1201 1076 1258 rut,
1087 1188 1142 1259 tt),
1159 1198 1187 1244 ut
1211 1191 1436 1261 quemadmodum
1454 1191 1511 1262 ipse
1526 1191 1601 1256 dicit,
1618 1191 1666 1246 nbi
1679 1193 1739 1263 ipse
1756 1201 1811 1264 est,

1017 1273 1053 1329 ibi
1069 1275 1143 1331 silet
1159 1277 1280 1334 minister
1294 1295 1361 1334 suus
1374 1279 1384 1351 (
1395 1281 1477 1337 toorr.
1491 1295 1542 1344 ιιι,
1557 1279 1614 1350 26).
1631 1280 1819 1352 Fatiqarimus

1018 1378 1066 1419 vos
1081 1365 1231 1434 prolixitate
1253 1367 1395 1433 sermonis,
1418 1376 1444 1423 et
1466 1368 1629 1424 detinuimus
1652 1367 1817 1441 ultraquam

1017 1461 1163 1522 oporteret.
1190 1455 1229 1509 Ex
1256 1455 1307 1511 hoc
1333 1456 1390 1525 jam
1418 1455 1499 1512 tinem
1525 1456 1679 1529 loquacitati
1703 1468 1817 1524 nostrae,

1017 1556 1095 1612 quem
1109 1557 1163 1599 non
1181 1544 1295 1612 imperat
1309 1546 1480 1610 verecundia,
1503 1543 1607 1600 videtur
1621 1546 1758 1615 imperare
1772 1549 1818 1604 ecl

1016 1630 1092 1685 hora.
1108 1633 1272 1687 Mementote
1295 1639 1385 1688 tamen
1408 1635 1542 1705 Apostoli,
1563 1651 1644 1707 quern
1669 1635 1817 1708 aliquando

1017 1721 1131 1776 verbum
1141 1720 1339 1792 praedicationis
1353 1740 1441 1794 usqne
1458 1723 1484 1778 in
1505 1723 1622 1778 mediam
1647 1733 1753 1781 nomem
1768 1725 1814 1780 le-

1015 1809 1079 1883 gitis
1103 1809 1277 1881 protraxisse.
1305 1812 1588 1879 raimundusque
1615 1813 1699 1885 ipsius
1722 1815 1833 1890 verbis*

1016 1901 1086 1967 utar,
1102 1900 1267 1974 sustinentis
1282 1900 1424 1958 modicum
1439 1901 1505 1976 quid
1537 1903 1713 1976 insipientie
1734 1918 1817 1960 meae.

1015 1988 1143 2045 AEmulor
1157 1988 1232 2045 culm
1247 2003 1293 2047 vos
1307 1990 1358 2048 Dei
1367 1992 1551 2050 oemuloliouc
1565 1992 1672 2063 (licor.
1683 2007 1722 2064 xx,
1736 1996 1762 2059 l,
1774 1992 1816 2063 h).

1304 2095 1418 2154 CAPUT
1437 2097 1514 2155 xlx.

1016 2188 1144 2243 Graviter
1157 2187 1330 2259 perstrinqit
1339 2188 1510 2253 ambitiosos,
1521 2190 1570 2260 qui
1578 2194 1683 2247 temere
1696 2192 1725 2246 et
1739 2190 1818 2246 iudi·

1084 2273 1242 2329 pncsncrcs
1258 2259 1389 2316 llcclesire
1403 2260 1567 2330 functiones
1584 2265 1741 2333 usurpant.

1051 2349 1096 2402 52.
1110 2346 1208 2417 Filinli,
1225 2346 1286 2419 quis
1300 2347 1492 2404 demonstrabit
1504 2348 1580 2404 vobis
1597 2348 1692 2419 lugere
1718 2367 1733 2404 a
1746 2365 1816 2406 vcu-

1018 2446 1077 2492 tura
1091 2436 1131 2491 ira
1145 2438 1159 2491 i
1172 2438 1257 2492 Nemo
1279 2437 1348 2494 euim
1382 2435 1470 2508 magis
1490 2437 1554 2491 iram
1574 2445 1704 2502 meretur,
1731 2454 1818 2509 quam

1018 2523 1133 2579 arnicum
1166 2523 1296 2580 simulans
1321 2522 1453 2580 inimicus.
1484 2521 1563 2596 luda,
1595 2523 1686 2579 osculo
1725 2525 1817 2580 tradis

1021 2613 1116 2669 Filium
1130 2613 1261 2683 hominis,
1278 2613 1359 2670 bomo
1373 2612 1515 2678 unanimis,
1530 2612 1576 2683 qui
1597 2612 1677 2669 simul
1701 2628 1816 2669 mecum

1019 2703 1113 2760 dulces
1127 2703 1255 2774 capiebas
1267 2703 1355 2773 cibos,
1371 2701 1417 2774 qni
1439 2702 1468 2758 in
1484 2701 1626 2773 paropside
1641 2719 1751 2760 manum
1767 2720 1817 2776 pa·

1019 2792 1085 2847 riter
1094 2788 1244 2846 intinxisti!
1270 2791 1332 2847 Non
1359 2789 1462 2848 esttibi
1478 2806 1539 2863 pars
1558 2789 1587 2845 in
1610 2791 1740 2862 oratione,
1758 2810 1812 2864 qua

1018 2888 1077 2938 orat
1091 2880 1126 2936 ad
1140 2880 1246 2937 Patrem
1259 2888 1286 2937 et
1299 2878 1364 2937 dicit
1379 2897 1386 2938 :
1417 2880 1512 2946 Pater,
1532 2881 1639 2951 ipsosce
1653 2880 1723 2949 illis,
1743 2883 1814 2955 quic

170 2974 197 3028 in
220 2969 345 3028 interiori
359 2969 439 3025 oculo
467 2969 513 3040 qui
542 2971 569 3021 in
588 2969 683 3039 spiritu
711 2968 840 3036 ambulat,
853 2961 1000 3048 supinat
1018 2971 1150 3028 nesciunt
1164 2969 1230 3042 quid
1239 2968 1440 3041 secluntltuc.
1454 2983 1533 3039 xxm,
1549 2971 1602 3037 stt.
1614 2969 1662 3025 Vae
1677 2969 1752 3026 vobis
1765 2971 1814 3043 qni

170 3057 316 3130 experitur.
327 3058 421 3129 Neque
435 3056 506 3112 eninr
523 3056 568 3112 ubi
584 3055 686 3112 terrum
702 3058 860 3126 extraxeris,
875 3062 962 3116 conti·
1018 3058 1121 3114 clarem
1141 3057 1235 3113 tollitis
1244 3071 1306 3114 -non
1321 3055 1440 3114 scientie
1453 3057 1551 3122 solum,
1564 3056 1613 3113 sed
1641 3066 1669 3112 et
1689 3059 1815 3116 auetori-

168 3163 224 3205 nun
239 3147 339 3204 vulnus
355 3145 489 3200 redditum
498 3154 540 3201 est
555 3144 662 3201 sanitati
679 3164 685 3199 :
703 3146 751 3201 scd
769 3157 833 3203 tuuc
844 3149 963 3220 primum
1020 3145 1097 3202 tatisl
1114 3161 1165 3202 nec
1185 3144 1238 3217 ipsi
1268 3144 1394 3216 introitis,
1420 3154 1447 3200 et
1470 3144 1651 3216 multipliciter
1674 3144 1817 3219 impeditis

169 3251 280 3292 necesse
302 3241 343 3291 est
370 3233 498 3289 adhibere
522 3237 639 3288 tomenta
658 3242 684 3288 et
704 3248 814 3304 operam
833 3236 898 3293 darc
914 3255 963 3296 cu·
1019 3251 1089 3308 quos
1103 3233 1273 3291 introducere
1285 3232 1426 3287 debuistis.
1439 3232 1545 3288 Tollitis
1560 3234 1633 3289 enim
1656 3244 1683 3290 et
1699 3249 1753 3290 non
1771 3250 1817 3292 ac·

168 3323 275 3382 rationi.
294 3322 378 3380 Nemo
401 3337 467 3393 ergo
494 3321 624 3378 sentinam
654 3322 774 3392 ejiciens,
808 3328 963 3384 mundatum
1016 3325 1104 3397 ciptus
1117 3324 1214 3380 claves.
1232 3324 1271 3378 Dc
1281 3321 1378 3394 quibus
1393 3321 1523 3377 Dominus
1539 3325 1661 3395 queritur
1678 3338 1726 3396 per
1743 3339 1811 3397 pro·

170 3425 232 3466 seso
246 3410 369 3480 protinus
383 3408 528 3464 arbitretur
541 3426 547 3462 :
559 3409 679 3480 quinimo
705 3412 807 3467 noverit
826 3429 855 3468 se
875 3417 966 3472 multis
1017 3418 1142 3487 phetam:
1155 3412 1211 3486 lpsl
1224 3414 1653 3484 reputaveruntmtuouecme:
1669 3415 1813 3489 principes

168 3498 278 3555 interim
292 3495 525 3568 purificationibus
541 3511 633 3567 cgere.
649 3497 705 3553 Nec
720 3500 801 3555 modo
816 3500 961 3560 lavandum
1014 3502 1097 3562 499
1113 3501 1337 3571 restiterunt,et
1347 3515 1394 3574 epo
1410 3517 1467 3560 uon
1482 3493 1579 3559 vecari
1593 3517 1638 3562 eos
1649 3503 1728 3572 (Osee
1750 3507 1823 3570 virt,

171 3603 252 3660 aqua,
272 3586 319 3642 sed
339 3593 366 3640 et
387 3584 560 3656 purgandum
584 3592 611 3640 et
629 3586 836 3644 examinandum
851 3592 918 3664 igni,
936 3602 965 3651 ut
1015 3597 1055 3666 i).
1071 3593 1147 3650 Unde
1161 3600 1251 3648 tantus
1267 3589 1434 3663 praelationis
1452 3589 1542 3659 ardor,
1559 3589 1630 3647 unde
1654 3592 1813 3649 ambitionis

170 3676 261 3734 dicat:
290 3675 478 3732 transivimus
491 3690 542 3746 per
562 3676 700 3747 ipsemet
717 3694 830 3751 aquom,
847 3686 875 3738 et
896 3684 965 3742 edn-
1015 3682 1183 3756 impudentia
1198 3689 1280 3746 tanta,
1299 3677 1575 3735 unde-vesanissima
1590 3681 1813 3753 presumptionis

170 3767 242 3824 nisu
256 3780 307 3821 nes
317 3765 538 3836 inrefriperlum
551 3764 638 3833 (Psul.
650 3780 717 3831 xxv,
736 3767 791 3837 tn).
806 3772 885 3826 Beati
898 3788 964 3845 erqo
1014 3777 1138 3831 humanae
1149 3771 1295 3828 ihudetnc
1301 3768 1399 3840 aliquis
1413 3776 1533 3825 vestrum
1550 3771 1649 3827 terreni
1662 3772 1809 3844 cujuslibet

170 3855 275 3912 munde
289 3854 369 3912 corde
383 3856 518 3925 quonium
533 3853 588 3925 ipsi
603 3855 691 3910 Deum
713 3856 847 3916 videbunt
870 3877 966 3918 :nunc
1014 3863 1112 3936 reguli,
1133 3877 1186 3919 non
1206 3857 1382 3932 praecipiente
1401 3864 1447 3912 aut
1467 3857 1549 3913 etiam
1572 3859 1735 3930 prohibente
1764 3877 1809 3932 eo,

170 3942 280 4014 quidem
290 3958 339 4012 per
353 3942 493 4012 specuium
504 3942 532 3996 in
548 3941 712 4017 aenigmate3
728 3943 757 3998 in
772 3944 861 4003 tuturo
876 3961 964 4006 autem
1017 3966 1148 4023 occupare
1176 3947 1333 4019 ministeria,
1349 3947 1496 4020 praeriperc
1521 3946 1662 4019 beneficia,
1695 3952 1812 4024 negotia

170 4031 238 4089 tacie
250 4030 284 4086 ad
299 4030 405 4098 taciem,
422 4030 469 4087 ubi
480 4029 605 4086 nimirum
617 4031 693 4087 taciei
703 4048 802 4089 nostrae
815 4035 966 4095 ineritcnn·
1017 4038 1271 4111 dispensareiNec
1299 4045 1327 4092 tu
1354 4038 1437 4092 ῡιιιιιι
1458 4034 1545 4108 putes,
1569 4052 1632 4108 quae
1655 4037 1685 4094 in
1713 4057 1811 4114 magna

170 4127 303 4178 summata
317 4118 472 4186 mundities,
484 4126 514 4175 ut
527 4117 578 4174 sibi
593 4134 655 4175 eam
669 4121 793 4179 exhibeat
806 4122 964 4200 gloriosam,
1019 4132 1192 4190 domnanae
1210 4128 1282 4184 rasis
1308 4124 1356 4182 irae
1379 4125 1448 4195 aptis
1467 4125 1495 4180 in
1527 4125 1665 4185 interitum
1688 4131 1814 4202 sustinet,

169 4224 224 4266 1¹⁰⁰
238 4209 380 4264 hibessleffi
396 4207 529 4265 maculam
550 4224 637 4280 utque
648 4226 753 4282 sugam·
1019 4221 1179 4294 approbare.
1196 4215 1269 4274 hinlti
1284 4213 1392 4287 quidem
1404 4213 1526 4283 veniunt,
1538 4215 1585 4271 sed
1599 4216 1743 4275 considera
1752 4220 1816 4292 quis

454 4295 567 4351 CAPUT
582 4297 680 4353 XVlll·
975 4285 1002 4372 fl
1020 4318 1140 4365 uocetur.
1160 4306 1288 4363 Ordinem
1304 4304 1394 4376 ipsum
1408 4302 1534 4359 dominici
1548 4305 1684 4362 sermonis
1693 4309 1816 4365 attende.

204 4382 338 4452 Pacificas
347 4384 449 4441 merito
458 4385 615 4453 bachicari
635 4389 751 4444 nomine
760 4390 887 4458 ultorum
902 4396 963 4454 llei.
1022 4394 1317 4467 lteotl,inquit,mumlo
1326 4393 1416 4457 corde,
1428 4393 1562 4467 quoniam
1572 4393 1628 4466 ipsi
1641 4397 1730 4454 Deum
1740 4398 1818 4455 vide·

206 4473 310 4529 cuttu
321 4479 472 4553 opportune
482 4472 554 4528 illice
564 4474 832 4538 subinfertur:ltecti
840 4487 962 4555 pacifici,
1020 4491 1091 4543 lunt
1108 4501 1159 4542 :ac
1173 4485 1283 4553 deindo,
1313 4485 1393 4540 Beati
1402 4484 1522 4557 pacifici,
1543 4485 1677 4556 queniam
1688 4486 1747 4555 filit
1764 4489 1816 4546 Dei

79 4595 83 4603 ·
170 4561 305 4636 quoniam
315 4560 429 4631 fililllel
444 4560 618 4619 uocabantur
629 4563 741 4635 (ltctth.
754 4583 781 4631 v,
791 4569 964 4637 9).Estcnim

169 4653 253 4707 homo
266 4660 388 4722 pacatus,
402 4633 448 4722 qni
463 4651 533 4707 bona
546 4666 597 4724 pro
609 4652 686 4709 bonis
695 4655 823 4730 reddens,
833 4669 962 4731 quantum

170 4739 198 4797 in
212 4754 244 4799 aa
253 4747 304 4806 cst,
315 4739 415 4797 nemini
429 4739 487 4797 vult
501 4756 610 4798 nocere.
630 4743 679 4798 Est
697 4743 767 4801 alius
780 4746 896 4822 patiens,
916 4753 962 4826 qui

170 4845 224 4887 non
239 4829 356 4887 reddens
370 4831 439 4886 mala
452 4846 502 4902 pro
517 4829 604 4899 malis,
620 4831 701 4888 ctiam
717 4846 812 4906 potens
831 4848 871 4897 cst
881 4843 964 4897 susti-

170 4935 236 4977 nere
250 4925 403 4978 nocentem.
421 4919 468 4976 Est
484 4927 510 4976 et
523 4920 720 4995 pacificus,qui
735 4923 808 4982 bona
820 4944 871 5000 pro
889 4932 967 4987 malis

171 5007 296 5080 reddens,
309 5009 336 5065 in
353 5019 479 5082 promptu
494 5010 577 5066 habet
591 5018 618 5066 et
631 5013 765 5084 prodesse
780 5021 898 5076 nocenti.
912 5021 968 5075 Pri·

170 5114 231 5154 mus
257 5099 364 5171 quidem
389 5100 577 5172 parvulusest,
601 5107 628 5157 et
650 5101 728 5160 facile
742 5105 963 5167 scandalizatur:

169 5202 220 5245 nec
234 5185 312 5244 facile
322 5189 368 5260 qui
385 5188 541 5259 huiusmodi
556 5198 607 5258 est,
625 5189 651 5245 in
668 5191 719 5247 hoc
734 5194 834 5251 smeulc
848 5213 963 5268 nequam

170 5282 198 5331 et
211 5275 294 5348 pleno
315 5276 448 5334 scandalis
457 5280 557 5349 poterit
566 5278 691 5336 obtinere
709 5281 832 5340 salutern.
857 5285 964 5344 Secun-

165 5361 241 5431 dns,
251 5371 281 5419 ut
293 5365 424 5438 scriptum
439 5377 490 5433 eat,
507 5367 534 5423 iu
555 5367 685 5440 patientia
699 5385 748 5426 sua
771 5373 892 5444 possidet
905 5377 964 5433 ani·

170 5463 243 5505 mam
257 5466 333 5509 auam
348 5458 424 5524 (Luc,
440 5470 498 5522 xxx,
514 5456 570 5528 ta).
586 5456 653 5512 Nam
669 5457 760 5514 lartius
777 5462 887 5531 quidem
907 5481 962 5525 non

1019 4575 1195 4636 vocabuntur
1219 4573 1366 4643 (dictitas,
1383 4573 1409 4637 8,
1435 4571 1472 4640 9).
1506 4571 1693 4628 Mundicordes
1719 4575 1815 4648 utiquc

1018 4675 1096 4721 vocat
1110 4665 1186 4718 Pater
1199 4661 1325 4728 eoelestis,
1339 4658 1386 4730 qui
1402 4674 1454 4714 non
1470 4665 1664 4730 quarumque
1673 4674 1723 4716 sua
1738 4672 1814 4731 sunt,

1017 4754 1066 4811 sed
1080 4767 1142 4824 quae
1153 4751 1216 4807 lesu
1227 4747 1324 4804 Christi
1345 4763 1351 4801 ι
1370 4761 1421 4802 nec
1431 4746 1503 4817 quod
1518 4747 1570 4802 sibi
1585 4747 1657 4816 utile,
1673 4748 1721 4804 sed
1739 4755 1824 4826 qnod,

1018 4842 1118 4900 multis.
1130 4842 1223 4905 Petre,
1236 4837 1413 4909 inquinemus
1423 4836 1483 4893 me?
1493 4838 1621 4900 Domine,
1634 4842 1665 4895 tu
1675 4841 1730 4898 seis
1745 4845 1812 4918 quia

1016 4948 1079 4988 nmo
1092 4931 1226 4995 tel’esce,
1241 4926 1289 4991 air,
1300 4941 1362 4983 ones
1372 4942 1450 4983 mres
1460 4926 1619 4998 (loomim,
1635 4926 1813 4999 mouendo

1017 5021 1089 5077 enim
1104 5018 1144 5073 sic
1162 5024 1264 5072 amatas
1283 5031 1349 5073 oves
1364 5017 1545 5071 committeret
1555 5030 1609 5072 non
1625 5020 1752 5077 amantii
1766 5021 1812 5077 Ni·

1019 5111 1115 5163 mirum
1133 5109 1184 5160 hoc
1207 5105 1338 5179 quaeritur
1362 5103 1431 5157 inter
1454 5103 1666 5174 dispensatores,
1683 5115 1712 5162 ut
1727 5106 1814 5166 fidelis

1015 5197 1075 5268 quis
1090 5193 1300 5252 inveniatur.Vae
1314 5191 1444 5246 ministris
1459 5189 1620 5262 infidelibus,
1636 5193 1683 5267 qui
1697 5197 1814 5252 necdum

1016 5284 1194 5352 reconciliati,
1223 5280 1447 5339 reconciliationis
1474 5279 1569 5337 atienae
1601 5283 1720 5354 negotia,
1737 5290 1812 5356 quasi

1016 5375 1139 5432 homines
1154 5370 1348 5444 quijustitiam
1375 5367 1499 5440 iecerint,
1521 5369 1739 5443 apprehendunt.
1765 5374 1813 5430 Vae

1016 5462 1078 5520 tiliis
1092 5461 1151 5530 irae,
1166 5461 1213 5532 qui
1236 5476 1267 5517 se
1281 5458 1421 5514 ministros
1452 5459 1546 5532 gratiae
1571 5458 1747 5532 protientur.
1767 5462 1822 5538 Vre¹
