3728 5940
631 173 659 232 S.
679 170 846 234 stuntabl
867 170 1003 234 toallis
1022 173 1339 257 claun-vattattsts

375 296 543 355 EPISTOLA
557 296 650 354 CLVII
665 297 751 368 (4445).

339 402 376 442 an
390 399 576 450 4444444444,
591 400 644 440 444
655 398 769 442 amosa.

203 477 317 549 Speciali
332 476 417 532 amico
432 490 481 530 suo
497 476 667 546 4444444444,
684 476 733 530 Dei
749 473 835 548 gratia
848 472 961 529 diacono

164 565 301 631 cardinali,
329 573 355 620 et
382 562 537 634 apostoticae
578 562 657 618 Sedis
683 561 855 630 cancellario,
880 559 962 617 irater

164 657 332 710 4444444444
347 650 381 706 da
401 651 574 716 Clara-Valle,
589 651 648 706 luce
658 651 799 723 sapientiae
815 658 843 705 et
857 648 963 707 virtutis

165 743 324 797 clarescere.

198 830 255 885 Nisi
266 831 330 900 quia
348 840 465 884 vestram
492 827 554 884 novi
577 835 604 883 et
617 826 687 884 circa
709 826 822 882 aiilictos
837 840 963 896 compas-

165 917 280 983 sionem,
310 927 335 971 et
362 925 457 971 contra
472 927 612 986 protervos
626 914 849 986 indignationem,
864 928 965 984 oppor-

166 1015 240 1073 tune,
257 1007 412 1075 importune
436 1005 563 1059 instarem
586 1002 664 1060 robis
677 1018 727 1073 pro
741 1004 870 1075 magistro
890 1002 963 1057 Wil-

166 1093 250 1149 lelmo
265 1092 440 1149 blendanensi
459 1093 535 1163 (4244)
546 1099 573 1147 44
586 1092 666 1147 sociis
681 1092 758 1161 ejus3
776 1090 964 1161 compellarem

165 1197 217 1238 vos
236 1182 368 1238 aduersus
391 1196 567 1251 oppressores
593 1190 619 1234 et
630 1178 837 1234 calumniatores
857 1192 963 1233 eorum.

165 1272 243 1327 Nunc
254 1280 344 1326 autern
359 1270 478 1326 sufficiat
501 1283 667 1326 memorasse
685 1285 692 1324 :
707 1277 826 1324 restrum
840 1275 881 1324 cst
894 1283 963 1339 opa-

166 1373 195 1412 re
211 1361 324 1428 probare
340 1359 393 1414 cito
407 1359 480 1428 quod
496 1372 592 1413 revera
606 1353 731 1410 sufficiat.

371 1447 540 1503 EPISTOLA
556 1443 658 1500 ctvttt
671 1445 754 1513 (424).

165 1550 204 1592 44
218 1550 346 1592 notamus
369 1550 460 1592 444444
474 1550 682 1600 inaccusatos,
699 1549 786 1589 sunna
811 1546 965 1588 44444444-

203 1622 289 1662 rtoa'tt
319 1621 449 1662 tlAGlsrilt
474 1622 578 1664 ’444οΜ
601 1620 711 1662 Palosis
723 1619 748 1661 S·
764 1618 895 1693 vtcrottts
912 1619 963 1661 ΡΑ·
1019 1641 1062 1695 ᾗ.

203 1679 435 1750 4444444444(428).

166 1767 359 1822 Amantissimo
383 1766 452 1835 patri
474 1778 501 1821 et
523 1765 635 1821 domino
664 1763 837 1819 tnnosnnrro
857 1777 964 1817 summo

167 1851 299 1921 Pontifici,
322 1855 493 1909 4444444444
509 1850 693 1907 Clara-Vallis
717 1851 799 1906 abbas
823 1849 965 1921 indignus,

167 1938 305 1996 minimum
322 1943 349 1998 id
365 1943 437 2014 quod
458 1951 508 2006 est,
524 1949 550 1995 44
563 1941 636 2011 quod
648 1947 734 2011 potest
745 1940 772 1994 in
786 1940 910 1995 Domino.

206 2034 229 2084 l.
251 2031 318 2086 Fera
337 2030 456 2100 pessima
482 2045 542 2100 quae
565 2027 704 2084 devoravit
728 2028 840 2100 loseph,
869 2043 964 2083 canum

168 2131 323 2174 nostrorum
351 2118 586 2189 importunitatem
612 2132 666 2172 non
693 2116 793 2180 lenens,
810 2115 844 2168 ad
871 2125 966 2170 rostras

168 2207 267 2263 dicitur
280 2208 448 2265 detensionis
462 2206 593 2262 auxilium
607 2203 773 2276 confugisse.
793 2205 822 2259 lu
838 2215 966 2277 quantam

168 2296 265 2352 misera
296 2298 405 2352 devenit
427 2295 581 2361 amentiam,
609 2302 638 2348 ut
660 2309 729 2366 uaga
758 2301 785 2348 44
812 2292 927 2367 profuga
941 2302 968 2350 44

168 2395 285 2443 tremens
308 2403 391 2456 saper
422 2393 540 2451 terram,
570 2382 636 2437 illuc
664 2380 835 2452 potissimum
875 2380 965 2455 lugam

168 2476 268 2543 inierit,
284 2475 331 2532 uhi
345 2476 405 2548 plus
420 2476 516 2530 timere
537 2471 685 2544 oportuit?
700 2469 921 2543 sceleratissime,
939 2479 966 2526 tu

204 2603 279 2674 (425)
297 2602 402 2672 Scripta
417 2615 489 2655 anno
502 2597 601 2652 Christi
618 2596 698 2649 4435.

205 2677 280 2745 (424)
297 2675 459 2727 hlaudunum
480 2685 528 2724 seu
556 2668 733 2738 llagduoum,
759 2665 896 2736 oppidum
924 2674 967 2722 est

170 2745 240 2800 inira
267 2744 427 2799 Aurelianos
447 2743 479 2795 ad
504 2738 620 2811 Ligerim
643 2736 689 2790 ubi
713 2735 826 2791 ccclesia
860 2736 965 2793 Sancti-

170 2815 273 2871 Liiardi
287 2814 437 2885 collegiata,
449 2821 474 2865 et
483 2806 683 2880 aedesepiscopi
696 2805 903 2862 Aurelianensis.

207 2885 283 3027 (424)
297 2884 402 2955 Scripta
416 2898 486 2937 anno
503 2880 602 2935 Christi
618 2881 697 2932 4433.

207 2958 270 3026 (428
290 2955 332 3012 Ob
350 2953 479 3009 nelariam
494 2953 592 3006 caedem
619 2949 729 3002 thoma
744 2946 842 3016 prioris
857 2947 964 3004 Sancti·
980 2924 1002 3002 Β

169 3028 286 3083 Victoris
314 3023 475 3081 Parisiensis
499 3020 650 3146 pontificem
678 3017 751 3074 serio
779 3019 830 3074 lrac
852 3022 965 3090 epistola

170 3099 329 3170 interpellat,
345 3108 375 3152 ut
388 3097 416 3150 in
429 3094 497 3150 sacri

1761 202 1814 276 atu

976 317 1129 399 'summae
1152 316 1285 384 equitatis
1298 319 1390 377 sedem
1406 327 1484 391 putas
1504 336 1563 378 ease
1585 323 1747 394 speluaaam
1778 327 1814 385 la·

1016 402 1133 467 tronum,
1149 413 1195 459 aut
1208 406 1294 464 cubile
1313 409 1446 466 leonum?
1461 417 1491 466 tu
1515 409 1564 466 lilii
1572 420 1710 470 recentem
1725 417 1815 474 adhuc

1015 500 1137 542 cruorem
1158 507 1206 550 ore
1220 495 1315 552 rabido
1330 513 1362 555 ac
1377 498 1454 555 ferali
1470 515 1599 570 spumans
1613 508 1641 556 et
1653 504 1814 575 masticans,

1016 573 1085 646 iugis
1099 579 1132 633 ad
1144 581 1230 638 sinum
1241 586 1344 653 matris,
1359 589 1443 660 patris
1450 589 1533 644 audes
1543 604 1672 662 apparere
1684 607 1816 666 conspec-

1017 663 1110 720 tibus?
1126 669 1224 725 Tamen
1239 673 1263 728 si
1277 675 1463 745 poeuitentiam
1477 677 1551 747 petit,
1569 680 1694 750 neganda
1711 681 1736 737 ei
1756 697 1816 740 non

1016 761 1056 808 est
1067 758 1179 826 ;quodsi
1193 760 1365 829 audientiam,
1382 764 1493 835 accipiat
1502 765 1575 819 illam
1586 767 1610 821 si
1621 767 1721 836 placet,
1730 787 1816 842 qnam

1017 842 1058 897 rel
1074 844 1181 917 lloysns
1201 849 1310 905 indulsit
1324 853 1424 926 populo
1445 862 1507 909 ante
1529 853 1665 911 contlatile
1689 861 1816 917 curvanti

1017 945 1088 1001 genu
1104 936 1202 1002 (44444.
1217 954 1304 1005 xxxta,
1321 941 1366 1012 25)
1382 963 1389 1011 ;
1407 941 1448 998 444
1471 942 1587 997 Phineas
1606 944 1749 1002 lomicanti
1773 950 1814 1005 ls-

1017 1019 1118 1076 44444444
1133 1022 1226 1093 (Num.
1240 1043 1302 1093 xxv,
1324 1029 1364 1099 8.)
1380 1045 1386 1082 :
1402 1031 1442 1083 rel
1466 1029 1627 1086 llatlrathias
1643 1031 1816 1092 daemonibus

1017 1106 1164 1166 immolanti
1176 1112 1203 1184 (4
1215 1115 1337 1174 44444444.
1351 1133 1382 1187 44,
1397 1119 1457 1189 44);
1473 1118 1515 1174 vel
1529 1108 1613 1186 44444,
1638 1130 1668 1176 ut
1685 1123 1765 1179 robis
1780 1124 1814 1183 da

1017 1199 1113 1254 vestris
1135 1201 1251 1275 aliquem
1281 1222 1474 1278 proponamus,
1494 1224 1605 1280 qaama
1637 1211 1718 1269 heato
1735 1215 1815 1271 Petro

1018 1286 1137 1343 Ananias
1165 1299 1191 1346 et
1218 1291 1350 1365 Sappbira
1377 1303 1532 1350 meruerunt
1557 1295 1632 1369 (Act.
1662 1315 1689 1361 r,
1714 1301 1813 1373 l-lil):

1017 1389 1096 1443 quam
1127 1377 1242 1450 denique
1275 1383 1437 1438 audientiam
1459 1383 1533 1439 dedit
1555 1386 1755 1458 negotiantibus
1787 1391 1815 1445 in

1020 1463 1118 1533 templo
1130 1464 1368 1537 Salvaaartttattt.
1385 1485 1442 1535 444,
1454 1469 1509 1541 42).
1526 1469 1567 1525 Aa
1584 1471 1817 1547 ignoramusquo·

1019 1553 1140 1608 rumdam
1158 1565 1265 1622 peccata
1279 1557 1434 1627 praecedcre
1445 1560 1478 1613 ad
1491 1559 1644 1628 judicium?
1659 1561 1687 1631 (4
1704 1565 1773 1618 Tim.
1788 1580 1814 1630 r,

1066 1639 1179 1711 lnonne
1193 1658 1244 1698 vox
1258 1646 1397 1718 sanguinis
1421 1646 1510 1702 fratris
1531 1647 1571 1702 tui
1593 1649 1690 1704 clamat
1717 1649 1815 1706 adrer-

1019 1746 1080 1784 sum
1095 1740 1120 1786 te
1136 1733 1169 1787 de
1184 1740 1253 1788 terra
1268 1735 1282 1788 ‘3
1295 1734 1436 1790 Credimus
1452 1745 1480 1791 et
1498 1737 1583 1792 nostri
1597 1737 1722 1808 hlartyris
1735 1740 1818 1809 spiri·

1020 1822 1086 1885 tum,
1115 1836 1197 1892 quem
1219 1822 1366 1880 nouissime
1393 1822 1490 1880 diebus
1516 1823 1572 1879 istis
1601 1832 1646 1880 tua
1668 1826 1818 1884 crudelitas

1019 1906 1099 1962 morti
1113 1908 1196 1973 dedit,
1216 1926 1278 1965 cum
1299 1911 1404 1966 caeteris
1430 1911 1571 1969 animabus
1599 1911 1816 1981 interfectorum,

1018 2008 1085 2050 voce
1101 1994 1186 2050 valida
1200 1998 1250 2051 sub
1273 1997 1349 2054 altari
1364 1998 1490 2067 clamare,
1519 2007 1547 2054 et
1566 1997 1685 2071 ilagitare
1707 2000 1817 2058 vindic·

1022 2090 1085 2152 tam,
1104 2097 1192 2153 eoque
1211 2082 1363 2150 instantius,
1379 2100 1433 2156 quo
1457 2083 1590 2141 recentius
1604 2086 1690 2159 ipsius
1704 2089 1817 2160 sanguis

1021 2169 1124 2226 al'iusus
1138 2181 1178 2227 est
1192 2189 1277 2243 snper
1291 2181 1401 2230 terrum.

1056 2299 1081 2349 2.
1098 2295 1152 2351 Sed
1179 2297 1300 2369 nunquid
1322 2314 1382 2371 eqo,
1409 2299 1505 2372 inquit,
1535 2299 1621 2356 occidi
1643 2302 1732 2357 eum?
1755 2303 1817 2358 Non

1021 2384 1116 2457 utique
1131 2393 1172 2451 tu,
1187 2387 1235 2442 sed
1251 2387 1300 2455 tui,
1327 2399 1354 2443 44
1366 2396 1479 2461 propter
1494 2399 1530 2445 te.
1545 2393 1587 2444 An
1609 2399 1636 2444 et
1649 2403 1698 2458 per
1713 2397 1751 2459 te,
1772 2391 1818 2445 vi-

1021 2474 1082 2528 deat
1110 2475 1181 2529 44444
1209 2475 1362 2546 etjudicat.
1390 2477 1420 2533 Si
1447 2476 1609 2535 excusabilis
1637 2486 1665 2532 tu
1682 2490 1724 2543 44,
1739 2481 1819 2550 cujus

1021 2600 1370 2672 nuuumum,impiorum
1388 2602 1518 2658 manibus
1531 2603 1694 2658 extinctam
1707 2602 1817 2667 4444444,

1020 2671 1223 2742 carrreqaidem
1236 2676 1393 2740 nrortuunr,
1403 2674 1503 2739 sedat
1517 2672 1716 2729 indubitanter
1730 2674 1819 2729 credi·

1020 2756 1094 2804 mus,
1105 2743 1244 2799 virentem
1257 2760 1324 2798 eam
1339 2744 1516 2800 Chrestodai
1529 2744 1606 2800 enim
1618 2743 1819 2801 Christaraere

1020 2814 1817 2886 caasaanoriendisuit,inqloriaornninodeessenonpate·

1018 2885 1074 2938 rit:
1085 2885 1315 2956 quoniamelr'pse
1325 2900 1391 2942 cum
1398 2886 1571 2943 ultimumin
1578 2887 1682 2941 nostris
1688 2887 1817 2942 monibus

1019 2955 1323 3027 eebalaretspiritum,
1343 2956 1430 3012 libera
1445 2973 1506 3013 uoce
1516 2974 1544 3013 se
1562 2957 1735 3028 projestitia
1745 2957 1819 3013 mori

1016 3027 1819 3099 protestatusest,certissimumpreteritoepraesentisqae

509 3109 574 3163 egos
591 3091 711 3146 debitam
737 3089 848 3158 justitias
869 3106 966 3147 censu·
1014 3097 1143 3166 justitie
1155 3099 1329 3168 numquam
1343 3100 1467 3154 Ecclesia
1484 3098 1697 3154 Christicontra
1718 3099 1819 3180 impios

171 3187 228 3226 ram
242 3179 268 3223 et
284 3169 411 3224 ultionem
426 3175 541 3221 exserat.
558 3162 734 3219 Occasionem
757 3160 837 3215 oaedis
851 3162 965 3218 Bernar·
1017 3168 1819 3251 pugnauerot‚teslirnoniumrelinquensquoniaminap·

172 3242 224 3296 dus
235 3241 278 3296 bic
291 3239 416 3295 insinuat.
433 3238 547 3306 Nempe,
562 3234 635 3304 quod
648 3233 766 3310 Thomas
775 3232 831 3287 arlo
846 3232 965 3303 discipli-

172 3328 214 3367 nae
227 3310 414 3366 ecclesiasticae
427 3306 567 3376 cupiditati
590 3313 650 3373 ejus
664 3313 692 3356 et
706 3304 804 3373 iniquis
818 3303 966 3358 exactioni·

173 3382 236 3450 bus,
247 3382 344 3452 quibus
358 3379 566 3435 archidiaconns
595 3373 750 3429 Parisiensis
765 3373 879 3428 clericos
902 3389 966 3453 pre-

172 3457 271 3518 mebat,
283 3453 436 3508 obsisteret.
456 3449 525 3504 Hinc
553 3447 616 3503 odio
631 3445 814 3499 inflammatus
838 3444 968 3498 archadia·

173 3541 256 3580 cortus
276 3525 422 3578 vindictam
449 3520 538 3576 animo
564 3518 708 3587 coquebat,
745 3514 832 3569 donec
858 3514 966 3569 tandem

173 3602 283 3666 nepotas
296 3596 366 3664 ejus,
380 3609 426 3649 seu
436 3591 483 3645 irae
494 3599 520 3645 et
535 3588 590 3643 odii
604 3585 758 3658 participes,
770 3584 842 3654 quod
857 3600 966 3641 causant

172 3666 281 3738 cognati
296 3681 372 3721 suam
388 3666 520 3732 putarent,
543 3675 592 3715 seu
619 3663 652 3711 ab
667 3672 699 3712 eo
725 3656 756 3709 ad
779 3655 883 3712 lacinus
901 3672 967 3713 con·

173 3739 246 3794 ducti
266 3744 294 3792 et
321 3735 432 3803 inducti,
449 3733 581 3787 Thomam
599 3728 624 3782 in
640 3727 746 3794 itinere,
773 3736 802 3783 et
813 3727 925 3797 quidem
941 3729 967 3781 in

173 3812 299 3864 connitatu
318 3807 438 3876 episcopi
452 3805 557 3874 agressi
572 3810 644 3856 sunt.
662 3799 813 3866 Stephanus
823 3800 967 3869 episcopus

175 3878 333 3933 Parisienais
347 3881 487 3932 auctorem
497 3873 579 3927 raedis
589 3881 616 3925 et
629 3869 775 3941 complices
791 3885 840 3926 seu
851 3871 968 3926 lautores

173 3966 236 4005 mox
252 3949 417 4004 anathemate
445 3945 567 4016 perculit.
582 3943 616 3996 Et
631 3943 695 3994 tanti
715 3939 822 3995 sceleris
840 3940 967 3996 immani-

171 4029 225 4077 tate
239 4018 396 4094 grarissime
410 4027 571 4081 corramotus,
583 4011 656 4066 reiut
673 4012 706 4065 ad
723 4015 845 4066 lovanren
867 4012 969 4068 doloris

171 4107 308 4147 secessum
338 4091 478 4160 paulisper
513 4085 541 4138 in
569 4082 736 4138 Clara-Valle
763 4083 837 4152 petit,
853 4084 970 4152 indeque

172 4163 303 4219 Gaulrido
318 4176 401 4216 sacrae
430 4160 557 4214 liornanae
570 4155 699 4209 Ecclesiae
721 4152 809 4232 legato
822 4161 847 4210 et
867 4154 971 4208 Carno-

176 4238 292 4289 tensium
308 4248 322 4285 e
345 4232 438 4311 iscopo
450 4233 496 4281 tras
511 4226 614 4280 litteras
628 4226 774 4279 transmisit

211 4305 310 4374 Gausri
331 4302 404 4358 oller
432 4299 506 4353 ratio
515 4296 666 4352 venerabili
677 4295 893 4352 Curnotensium
907 4310 921 4350 e
942 4294 969 4350 i-

173 4391 254 4446 sccpo
269 4379 296 4429 et
311 4320 472 4444 apendice
483 4368 561 4426 Sedis
578 4368 676 4438 legato.
693 4365 858 4422 Srnrsauos
873 4380 906 4422 ea
926 4383 970 4422 em

172 4446 269 4519 qratia
278 4445 449 4501 Parisiensis
464 4439 595 4497 Ecclesiae
606 4438 738 4493 minister
747 4436 971 4564 indignarentur

173 4521 271 4574 autern
281 4517 405 4573 miserita
418 4518 445 4569 et
460 4510 627 4583 afflictionis
639 4525 730 4579 preco
745 4510 806 4580 inse
818 4512 860 4576 ie,
876 4511 971 4568 ualere

173 4591 205 4645 in
220 4591 347 4646 Domino.

211 4657 507 4716 l.Calamitatisnoooe
520 4651 728 4725 pondus,quam
742 4654 840 4707 restris
855 4653 972 4708 44444444

174 4733 230 4787 imo
241 4731 319 4787 cordi
332 4733 423 4786 nestro
434 4727 570 4781 illaturus
580 4724 783 4785 sum‚nesciosi
793 4724 880 4780 uerbis
889 4723 972 4807 digne

173 4805 268 4860 ualeat
278 4801 428 4873 explicari.
440 4797 578 4853 Nuntium
592 4795 696 4849 durum
713 4797 741 4849 et
759 4810 842 4865 praue
856 4795 969 4857 auditu,

175 4876 311 4936 omnibus,
319 4873 418 4944 quibus
431 4869 534 4924 Christi
545 4867 610 4921 lesa
618 4868 757 4921 etsanatre
767 4866 868 4920 matris
881 4866 973 4920 liccle·

174 4949 225 5002 siae
239 4944 389 5016 opprobria
398 4941 473 4996 dura
483 4943 510 4995 et
524 4939 654 5007 proniora
668 4937 972 5008 sunt,precipuenolis

175 5017 224 5072 sub
240 5016 336 5071 talita
350 5014 462 5084 etsiqno
472 5006 902 5079 religioniscorastitutis‚quihus
914 5006 972 5062 44444

177 5090 257 5143 trunio
292 5086 334 5141 444
350 5081 479 5140 omnihus
503 5080 634 5152 praviora
646 5081 747 5149 futura
771 5081 850 5139 sunt,
866 5083 973 5150 quanio

175 5103 328 5231 speciniias
337 5156 373 5211 44
383 5157 516 5211 nostrum
529 5150 753 5222 pravnmenn'mo
765 5150 974 5220 oppressionem

177 5235 205 5285 et
224 5232 342 5287 ruinam
354 5227 483 5284 omnium
498 5225 785 5294 easpeetutnostrum
801 5220 889 5276 unius
899 5237 975 5277 orco

177 5291 976 5371 snallaqialruruTitomamprioremcoenolriiSancti-Vie-

179 5374 354 5436 torisairum
367 5365 753 5442 approbatum,omnibasqae
761 5365 841 5421 bonis
850 5365 975 5422 amicum

111 5486 114 5492 ·
178 5441 358 5507 etdilectum,
372 5454 404 5496 ac
416 5439 564 5495 insonate.
576 5437 708 5493 4444444444
718 5436 880 5506 defensione
891 5433 974 5492 illam

180 5507 976 5586 coadjutoremetpropapnatoremdeeotiraimumetstre·

1019 3252 1050 3291 ra
1060 3241 1315 3294 consummaretur.
1327 3241 1390 3293 ttae
1400 3255 1586 3311 emmeram,
1606 3240 1663 3294 baec
1674 3243 1702 3295 et
1715 3239 1821 3295 ultima

1019 3318 1107 3362 eausa
1120 3307 1181 3376 fuit
1189 3307 1292 3363 laboris
1302 3308 1393 3363 illins.
1405 3310 1476 3364 Nam
1486 3324 1535 3379 pro
1546 3310 1608 3377 ipsa
1618 3309 1739 3377 justitia
1750 3313 1821 3367 iane

1019 3377 1823 3450 mecamaderat.quenimipsiusproecipuaadmonitione

1018 3450 1105 3517 (44444
1114 3451 1141 3504 er'
1150 3449 1300 3520 semperde
1311 3449 1353 3505 lais
1362 3465 1432 3506 cara
1442 3450 1730 3519 essesotebattropatu
1740 3456 1821 3507 etar-

1019 3536 1102 3578 sensu
1115 3520 1209 3590 Rapis,
1219 3535 1270 3591 per
1284 3534 1463 3593 eumqaoqae
1476 3519 1513 3576 ad
1527 3519 1621 3591 ipsam
1630 3524 1774 3590 persuasi,
1784 3521 1821 3579 ad

1021 3590 1163 3648 abbatiam
1174 3592 1356 3655 raoniaiium,
1369 3609 1431 3664 quoe
1443 3596 1485 3649 est
1503 3590 1603 3655 Chelis,
1614 3589 1822 3656 emendandam

1020 3665 1048 3719 el
1058 3661 1247 3717 ordinandam
1254 3676 1447 3734 perrexeram,
1460 3660 1611 3743 assumptis
1631 3677 1744 3718 mecum
1753 3663 1823 3718 uiris

1021 3733 1170 3802 religiosis,
1185 3733 1282 3789 abbate
1296 3733 1406 3790 scilicet
1416 3732 1652 3790 Sancti-Variana
1665 3734 1694 3788 et
1713 3734 1825 3789 Sancti·

1022 3803 1194 3874 haploriiet
1204 3806 1347 3875 subpriore
1357 3804 1603 3870 Sancti-Martini,
1618 3805 1740 3875 aliisque
1749 3819 1825 3858 corn·

1019 3876 1151 3949 pluribus
1165 3875 1319 3941 monachis,
1342 3878 1487 3935 carmnicis
1501 3891 1534 3931 ac
1555 3875 1663 3930 clericas
1678 3894 1687 3931 r
1701 3889 1826 3944 eamque

1021 3963 1071 4020 pro
1087 3946 1193 4003 uiribus
1204 3947 1314 4017 negotio
1327 3951 1442 4018 peraeto
1454 3950 1616 4010 reverterer,
1621 3947 1709 4016 juata
1729 3942 1826 4000 domi·

1021 4019 1054 4072 ni
1065 4017 1200 4088 Stephani
1207 4017 1425 4088 castram,quod
1442 4014 1825 4076 Corniacumdicitur,sabito

1023 4090 1056 4144 ab
1062 4090 1123 4158 ejus
1132 4088 1413 4151 hominibus,sailiect
1419 4087 1565 4159 nepotibus
1575 4085 1721 4143 4444444144Ι
1731 4084 1826 4141 arciri-

1024 4159 1145 4223 diaconi,
1154 4158 1272 4213 insidias
1287 4160 1358 4215 milri
1374 4162 1406 4214 in
1419 4159 1465 4215 via
1474 4155 1724 4225 praestruentibus,
1732 4157 1824 4212 assui-

1027 4235 1088 4286 tum
1103 4246 1203 4301 possus
1217 4245 1292 4287 sum.
1313 4230 1435 4301 Cumque
1448 4246 1498 4285 nm
1519 4231 1652 4290 inermes.
1668 4230 1767 4298 utpote
1781 4226 1826 4282 444

1027 4302 1180 4364 dominico,
1204 4303 1232 4357 et
1271 4316 1350 4356 acam
1364 4303 1487 4371 [erentes
1508 4298 1721 4355 incederemus?
1735 4297 1826 4353 sabito

1024 4371 1214 4442 erraqinatisql
1253 4372 1507 4442 iisirruuntsuper
1521 4385 1581 4434 nos,
1594 4374 1623 4424 et
1636 4385 1687 4426 nee
1701 4369 1765 4432 lleo,
1775 4384 1828 4424 nec

1025 4445 1082 4499 diei
1092 4458 1244 4506 sacramen
1258 4443 1340 4510 mibi,
1353 4458 1404 4499 nec
1413 4443 1456 4498 ltis
1470 4443 1517 4513 qai
1531 4456 1643 4497 raecum
1656 4442 1742 4494 erant
1763 4436 1829 4493 reli-

1024 4515 1107 4585 giosis
1118 4512 1327 4570 oirislaonorem
1337 4514 1448 4575 4444444,
1457 4514 1533 4569 inter
1540 4527 1644 4569 manns
1654 4514 1768 4565 nostras
1781 4509 1828 4566 in·

1024 4587 1174 4640 rrocmrtem
1186 4584 1415 4648 trucidaverunt,
1427 4585 1551 4657 nrilaiqae
1565 4584 1689 4640 moriem
1702 4582 1827 4634 contrai-

1025 4655 1089 4710 nnti
1098 4658 1175 4716 sunt,
1187 4655 1247 4709 nisi
1261 4653 1435 4710 abscederent
1449 4673 1466 4710 4
1477 4671 1543 4710 cons
1563 4657 1626 4710 ecta
1638 4665 1738 4707 eorum
1751 4652 1829 4706 cele·

1025 4727 1106 4782 riter.
1119 4726 1278 4781 Nosantem
1288 4724 1452 4794 fiducialius
1466 4671 1594 4797 44444444,
1609 4723 1640 4776 44
1655 4719 1759 4775 medios
1768 4723 1829 4790 qlo-

1026 4798 1086 4853 dios
1099 4798 1335 4866 noseonjecimus,·
1351 4801 1379 4851 et
1389 4799 1452 4868 jam
1465 4795 1639 4856 semivirum,
1660 4790 1776 4862 direque
1788 4791 1828 4871 44,-

1026 4869 1140 4924 nictum
1153 4885 1171 4922 4
1184 4866 1313 4923 manibus
1329 4883 1428 4924 eorum
1442 4867 1633 4923 abstracturus
1656 4861 1830 4934 atqueandr·

1027 4956 1079 5010 qne
1089 4939 1298 4995 circumdantes
1308 4954 1373 4994 eam
1386 4937 1419 4995 de
1431 4954 1484 4994 sao
1494 4937 1679 5009 consessione,
1689 4931 1757 4990 etde
1767 4937 1829 5012 ejus

1026 5028 1112 5082 qurum
1124 5026 1225 5082 passas
1238 5011 1348 5080 (44444,
1374 5010 1558 5065 inimicorum
1574 5007 1722 5078 impietate
1736 5002 1830 5059 dimat-

1027 5081 1111 5137 tanda
1125 5081 1245 5138 allocuti
1266 5096 1375 5135 444444.
1396 5082 1468 5137 Tana
1482 5080 1532 5136 ille
1543 5078 1644 5135 libenti
1658 5079 1756 5133 animo
1772 5088 1830 5129 orn·

1027 5153 1121 5216 rrihus,
1139 5153 1229 5224 quiin
1244 5166 1272 5207 se
1288 5154 1483 5222 peccaverant,
1495 5150 1655 5213 dimittens,
1672 5150 1700 5203 et
1714 5159 1831 5217 suoram

1026 5227 1208 5296 peecatorum
1231 5223 1332 5278 intime
1362 5225 1556 5280 remissionem
1576 5225 1686 5294 petens,
1697 5218 1832 5296 percepta

1030 5295 1144 5352 intudem
1158 5294 1355 5351 communione
1369 5296 1475 5366 corprr's
1486 5298 1513 5350 44
1528 5292 1676 5364 saraquinis
1713 5287 1830 5350 Christe,

1031 5366 1118 5422 libero
1132 5381 1234 5424 taurese
1248 5381 1343 5423 coram
1354 5365 1481 5422 oranibas
1494 5381 1546 5437 pro
1551 5362 1670 5438 justitia
1680 5359 1756 5416 mori
1768 5373 1832 5415 con·

1031 5440 1152 5494 testatas
1170 5443 1221 5499 est,
1233 5440 1262 5495 et
1278 5439 1318 5494 sic
1332 5436 1454 5493 reddidit
1472 5437 1621 5509 spiritum,

1067 5514 1093 5563 2.
1105 5509 1174 5565 ilinc
1182 5510 1323 5579 amaitaei
1338 5510 1444 5564 nostra
1456 5507 1515 5577 spei
1527 5505 1634 5575 fiducia
1644 5504 1733 5567 certo,
1744 5516 1833 5574 quan·
