3728 5940
58 105 115 171 stt
795 104 972 174 sumtu.
1654 112 1708 177 stt

55 233 101 293 bit
114 231 164 292 nbi
178 247 212 292 cx
226 242 304 308 parte
324 240 418 296 nostra
431 234 592 295 (inilicitum
614 242 701 295 tuus:
724 240 799 303 tuus,
814 234 856 293 lu·
872 252 896 334 fl
911 237 983 310 quod
999 238 1026 297 iu
1048 243 1219 303 emendando
1240 241 1312 310 loco,
1328 237 1373 301 cui
1386 238 1475 316 made
1496 239 1546 300 liei
1569 242 1705 317 praeestis,

54 343 150 402 quam,
162 335 189 384 et
210 328 363 402 specialiter
376 339 437 387 tuus
451 330 479 387 in
497 329 647 388 uisceribus
668 329 733 388 lesu
756 328 856 387 Christi
911 328 1009 386 habere
1023 346 1072 388 ros
1085 334 1243 407 perhibent,
1254 352 1309 393 non
1321 348 1417 406 parum
1431 334 1705 394 uoslaetillesrerunt.

53 415 137 473 Posui
152 416 225 473 euim
239 419 320 474 rerba
342 434 404 476 mes
422 418 449 476 in
464 435 513 477 ore
532 419 601 490 eius,
617 429 645 477 et
661 416 751 489 ipsum
766 417 858 475 audies
910 419 1050 475 llonemus
1063 433 1153 478 autem
1168 433 1195 480 et
1208 423 1704 491 obsecmmusderotionemvestram.
1770 480 1773 485 .

51 513 182 578 tauquam
196 521 240 561 me
259 505 286 562 iu
302 508 412 580 negotio
427 507 489 566 isto.
510 507 691 574 flanarellum
715 502 857 579 abripiorl
910 506 983 578 quod
1011 507 1080 566 siout
1113 509 1266 568 reficiendis
1301 514 1440 581 domibus,
1471 513 1509 570 ita
1543 513 1707 570 renovantis

51 597 186 654 nonlicet
200 599 278 652 ultra.
303 600 405 655 avocat
428 599 481 655 diei
505 598 614 665 malitie,
652 607 759 656 revocat
782 597 860 653 turba
910 595 1032 654 moribus
1045 613 1158 668 operam
1177 599 1256 658 detis.
1279 603 1340 658 Nou
1353 603 1442 659 solum
1457 611 1546 657 autem
1561 602 1594 657 de
1609 617 1707 657 monu-

52 688 306 759 supervenieutium
320 696 346 744 et
359 687 600 760 epistolampotius
619 695 758 757 mmpuut,
777 702 859 758 quam
910 685 1003 753 sterio,
1026 687 1075 742 sed
1102 688 1185 744 etism
1200 690 1234 746 de
1258 690 1386 762 hospitali
1406 693 1489 748 domo
1507 691 1567 760 Dei,
1591 690 1635 747 cui
1658 691 1708 747 sub

51 773 165 832 finiunt.
181 776 234 830 Sed
251 777 371 850 uunquid
383 777 447 850 quia
461 777 568 834 faciunt
581 784 612 833 ut
626 776 719 849 paucis
741 775 859 833 scribam
911 788 993 828 manu
1003 781 1094 831 restra
1108 777 1229 848 praedicti
1241 777 1337 834 iratres
1351 779 1519 846 deserviunt,
1530 777 1708 836 intentissime

49 863 143 920 facere
161 872 286 932 uotorum
302 875 331 921 ut
345 882 441 939 parum
451 867 585 941 diligam?
599 866 698 923 Actum
714 866 862 922 excludunt
912 875 1025 916 necesse
1048 870 1089 918 est
1111 878 1205 919 curem
1229 865 1333 940 geratis
1354 874 1509 939 :quatenus
1534 865 1661 923 uidelicet
1675 865 1709 921 ab

51 968 72 1009 a
90 967 202 1008 menon
217 952 352 1012 aflectum.
376 955 426 1013 llle
439 972 547 1028 semper
567 966 654 1015 tecum
678 961 729 1022 cst,
745 954 792 1028 qui
819 970 851 1008 su
913 948 1136 1009 omniexaetioue
1145 962 1172 1008 et
1181 952 1354 1010 infestatione
1368 954 1551 1012 ministrorum
1567 971 1615 1011 seu
1625 954 1709 1011 alieu-

49 1042 124 1114 juris
143 1045 242 1106 est3et
261 1051 351 1100 tecum
365 1047 415 1102 erit
433 1044 553 1121 quandiu
579 1044 671 1114 luerit,
689 1042 763 1102 omni
784 1039 852 1097 milri
911 1043 969 1094 tum
991 1048 1144 1097 uestrorum
1170 1057 1294 1099 securam
1325 1060 1359 1102 ao
1387 1044 1502 1101 liberam
1530 1042 1708 1111 custodiatis;

53 1129 182 1189 amicitiai
197 1129 261 1200 jure
274 1133 396 1201 colende,
412 1135 465 1208 pie,
481 1149 514 1191 ae
529 1132 753 1191 reverendissime
771 1138 858 1205 pater.
911 1126 1041 1200 quodque
1063 1127 1172 1185 illorum
1186 1147 1281 1203 pravo,
1305 1139 1336 1189 ut
1357 1132 1522 1205 audirimus,
1543 1131 1655 1209 consilio
1668 1131 1710 1188 ei·

236 1248 405 1308 EPISTOLA
430 1249 557 1307 eccm
579 1250 683 1322 (1020).
912 1214 975 1271 dem
995 1215 1088 1274 domui
1110 1219 1146 1275 eb
1174 1217 1313 1277 sliisaute
1334 1237 1384 1279 ros
1412 1218 1555 1278 abbatissis
1579 1219 1710 1279 collatum

913 1303 1070 1373 abstulistis,
1096 1323 1239 1379 precemur
1262 1319 1291 1368 ut
1310 1309 1467 1367 restituetis.
1487 1310 1561 1368 Sicut
1582 1309 1656 1366 enim
1675 1309 1709 1365 ad

145 1382 183 1424 *Β
202 1381 376 1423 ¹⁸⁸⁸⁷¹⁵⁸¹¹¹
393 1380 645 1425 ¹⁴⁸¹¹N¹⁴⁰¹³⁸¹¹
663 1366 770 1434 (¹⁰²st
913 1402 1029 1450 vestram
1057 1395 1268 1453 sollicitudiuem
1295 1399 1411 1471 pertinet
1433 1397 1547 1456 aliarum
1570 1397 1711 1457 malefacte

59 1483 153 1540 lionet
172 1483 206 1540 de
223 1481 384 1552 reficiendis
400 1499 458 1540 non
479 1485 594 1540 tantum
617 1480 752 1546 domibus,
771 1480 819 1537 scd
833 1485 861 1538 et
911 1481 1052 1539 destruere
1068 1491 1115 1542 aut
1141 1486 1297 1559 corrigerer
1321 1487 1360 1544 sic
1377 1486 1495 1554 illamm‚
1521 1486 1544 1544 si
1564 1503 1617 1561 qua
1640 1489 1710 1547 bona

147 1554 324 1622 mononem
338 1553 372 1610 ⁶¹⁶
386 1554 519 1629 diliqenti
547 1554 683 1626 ’1011110111
696 1568 776 1610 Wa·
874 1564 1035 1646 legerunt,
1051 1585 1106 1627 non
1119 1571 1209 1628 solum
1224 1572 1302 1629 firma
1321 1582 1348 1631 et
1366 1572 1527 1632 inconcussa
1542 1581 1646 1643 tenere,
1660 1576 1710 1632 sed

90 1651 259 1708 assuimus
273 1657 383 1708 vocatus
395 1651 479 1706 abbas
491 1652 526 1707 de
540 1649 707 1708 Clota-Valle
720 1651 754 1704 A·
778 1649 860 1704 abba·
910 1659 993 1716 ctiam
1007 1670 1184 1734 augmentare
1195 1669 1223 1719 et
1237 1662 1415 1737 multiplicare
1432 1664 1548 1724 debetis.
1563 1665 1708 1737 Presbyte-

53 1739 131 1797 tissae
140 1739 358 1805 Faberniaeensi,
370 1739 505 1812 pudicitiae
518 1746 545 1795 et
560 1738 654 1812 gratiae
669 1737 790 1794 titulum.
911 1764 974 1805 mm
986 1764 1103 1823 quoque,
1119 1749 1164 1823 qui
1175 1752 1202 1807 (ῃ
1216 1750 1368 1823 ipsadomo
1382 1751 1514 1819 habitans,
1529 1769 1606 1809 susm
1621 1755 1710 1811 adhuc

90 1820 200 1886 llratres
212 1829 258 1884 isti
281 1843 331 1901 pro
342 1828 459 1886 consilio
473 1829 625 1885 euimerum
642 1842 755 1884 suerum
775 1833 862 1896 pater·

53 1920 167 1976 uitatem
187 1927 307 1974 nostrum
331 1918 475 1988 adeuntes,
490 1917 525 1973 de
549 1923 639 1975 restro
661 1916 735 1973 bono
757 1915 858 1982 studio,

91 2032 186 2105 (1010)
214 2033 280 2087 Vide
296 2032 447 2106 epistolem
462 2035 524 2101 280,
539 2049 568 2098 n,
583 2033 609 2088 i.

93 2107 187 2174 (1010)
201 2103 335 2174 Quidnam
351 2106 402 2160 troo
416 2104 538 2160 secreti?
551 2104 581 2158 ld
597 2102 677 2170 plane
695 2100 861 2157 mihisecre·

55 2184 114 2231 tum
128 2176 180 2232 uisi
194 2177 266 2248 quod
280 2177 350 2231 Saxo
364 2179 554 2246 grammaticus
570 2175 695 2245 idipsum,
705 2172 859 2256 uisi'lullor,

56 2247 300 2375 assistere
314 2245 860 2376 inditumsilendam

57 2361 141 2461 supra
164 2388 237 2447 uires
256 2360 373 2470 negotiis
397 2335 607 2456 latipulisdum
620 2360 704 2460 quie'ti
731 2385 859 2470 intentius

57 2461 184 2526 consulit,
214 2459 403 2530 proficiscendi
432 2459 541 2515 lieentia
574 2475 589 2512 a
614 2459 687 2529 llege
713 2456 860 2511 drinculter

59 2537 174 2595 extorta,
194 2530 285 2587 nobile
309 2531 455 2586 Galliarum
480 2528 636 2586 eoenobium
662 2528 734 2599 quod
763 2525 857 2582 Clara·

58 2603 145 2660 valtis
158 2612 329 2673 nuncupatur
343 2601 449 2673 petiuit.
466 2620 478 2650 r
494 2601 529 2656 Et
540 2615 633 2656 rursus
651 2597 748 2655 eodem
762 2597 831 2652 libro
848 2615 856 2652 ι

911 1835 977 1895 ioris
1004 1852 1061 1893 rem
1084 1839 1184 1896 babere
1206 1838 1321 1907 ridetur,
1346 1848 1393 1896 aut
1417 1838 1560 1912 proprium
1584 1842 1710 1901 deserere

911 1936 958 1981 aut
971 1925 1094 1982 dedomo
1107 1925 1182 1982 exire
1195 1926 1309 2000 cogatis.
1324 1927 1427 1997 Valete,
1443 1938 1470 1987 et
1485 1936 1596 2003 propter
1605 1931 1710 1988 bonum

911 2038 1083 2097 sensionibus
1098 2048 1125 2098 et
1135 2041 1256 2098 liberiori
1266 2043 1424 2101 monialium
1436 2045 1496 2101 uitae
1506 2052 1611 2116 pateret
1620 2045 1707 2113 locus,

911 2110 938 2165 in
950 2113 1038 2179 juset
1054 2118 1213 2182 potestatem
1227 2115 1422 2173 monachorum
1443 2116 1590 2173 Casus-Dei
1604 2116 1712 2173 transiit

912 2197 984 2238 anno
1002 2183 1081 2249 stat,
1100 2191 1130 2240 ut
1144 2191 1253 2241 constat
1272 2200 1305 2241 ex
1326 2187 1449 2256 sequenti
1464 2187 1620 2259 diplomate,
1635 2188 1710 2260 quod

912 2269 944 2310 ex
958 2255 1186 2326 chartophylacio
1202 2256 1349 2312 Casae-Dei
1363 2256 1538 2328 proferimus.

948 2356 1109 2414 Assaracus
1120 2361 1168 2416 llei
1180 2361 1275 2430 qratia
1290 2362 1504 2418 bisuntinensis
1524 2363 1620 2421 brebie
1641 2365 1710 2421 isco

909 2446 974 2554 ἕπε,
990 2429 1144 2513 venerabili
1158 2429 1313 2486 Srnrusuo
1330 2432 1469 2516 Casu-liei
1482 2433 1588 2516 abbati,
1607 2378 1710 2506 βαίη·-

911 2499 1435 2644 νῗὸεὲἔιξπᾝέιεὲἆξιωαὶαηέιῠω,
1446 2520 1559 2578 suisque
1571 2521 1710 2567 succmso·

62 2674 283 2729 «valdemarum
312 2687 404 2744 regem
428 2670 539 2726 Eskilus
572 2677 674 2725 secrete
696 2667 858 2725 allocutione
946 2669 1707 2757 llacommissanodispastoralisollieitndineoportet

58 2746 175 2819 petitum
199 2742 278 2798 enixe
303 2741 429 2813 deposcit
454 2739 554 2806 arcani,
570 2740 643 2814 qnod
668 2738 693 2796 ei
715 2740 857 2796 comittere
910 2755 962 2797 nos
975 2740 1011 2797 ud
1025 2741 1212 2798 ecclesiaram
1228 2759 1327 2816 pacem
1347 2749 1378 2800 et
1396 2743 1432 2799 od
1450 2746 1597 2818 reliqionis
1611 2761 1707 2804 anme-

58 2816 136 2879 velit,
155 2811 374 2883 intempestivam
402 2811 598 2868 contessionem
620 2826 674 2867 uon
706 2811 855 2884 arguett
909 2814 1040 2868 mentum
1048 2813 1178 2884 peroipili
1190 2829 1262 2870 cura
1269 2814 1424 2885 providere.
1437 2816 1613 2891 Quapropter
1623 2817 1708 2886 illam

58 2901 114 2960 quo
129 2884 265 2966 postulate
284 2897 395 2955 sperare
410 2884 513 2953 jussus,
527 2883 689 2956 jarrrpridem
703 2881 855 2953 deponendi
873 2890 894 2967 c
911 2881 1034 2938 nobilem
1048 2884 1302 2941 Fuoerniacensem
1318 2885 1560 2959 ecclesiamque
1578 2889 1707 2962 antiquis

60 2953 410 3029 pontificatusullutamsibi
423 2955 577 3024 cupidinem
591 2954 666 3022 dicit,
681 2969 762 3025 quem
781 2960 855 3010 tauto
910 2954 1080 3024 temporibus
1104 2954 1240 3025 relipione
1261 2957 1530 3014 sanctimonialium
1557 2958 1705 3027 tloruernt,

60 3027 137 3084 oneri
169 3026 299 3097 imparem
327 3033 392 3081 aetas
418 3026 519 3083 viribus
547 3024 674 3081 delunuta
696 3026 853 3080 constituat.
909 3024 1097 3092 visitavimus,
1109 3027 1143 3080 ut
1157 3027 1219 3096 ejus
1229 3025 1398 3084 desolationi
1408 3028 1523 3154 “ww
1531 3030 1708 3100 suffrapium

59 3101 155 3168 Neque
168 3099 238 3153 enim
254 3097 282 3153 iu
297 3095 412 3169 lastigie,
428 3097 476 3153 sed
493 3095 624 3168 priuatum
639 3112 670 3151 ac
683 3097 854 3167 procuratio·
907 3095 1105 3168 praeberemus.
1124 3096 1286 3154 Convocatis
1300 3097 1341 3154 itu
1360 3100 1431 3156 ucib
1479 3117 1507 3154 m
1517 3101 1641 3172 ejusdem
1652 3101 1707 3159 luci

61 3187 96 3226 ue
107 3171 222 3225 liberum
237 3168 370 3224 decedere
385 3168 471 3234 uelle3
488 3167 628 3237 preteritae
642 3168 855 3224 conversetiouis
908 3166 1061 3232 aduocatis,
1082 3165 1213 3224 videlieet
1233 3169 1337 3225 licinal
1395 3173 1519 3235 consule,
1545 3170 1655 3229 Widone
1674 3172 1707 3230 de

60 3241 181 3297 habitum
197 3239 532 3296 monasticamututururn.
551 3259 561 3287 ι
587 3241 649 3295 ltux
672 3238 763 3294 subdit
791 3254 855 3294 eum
909 3238 1007 3294 dunei·
1016 3238 1094 3304 l'llla,
1112 3242 1140 3294 et
1156 3239 1272 3296 lienrico
1286 3243 1379 3313 fratre
1388 3241 1458 3311 eius,
1479 3242 1591 3300 Tebuldo
1604 3242 1707 3300 deRu·

59 3314 95 3367 ab
108 3310 245 3367 Absalune
273 3327 332 3367 uem
344 3311 371 3365 in
387 3309 543 3382 pontificatu
552 3325 735 3366 successorem
751 3309 855 3375 babuit,
909 3308 1076 3373 bro-llonte,
1088 3309 1237 3368 llumbcrto
1252 3311 1285 3367 de
1299 3312 1422 3368 dualiaco
1431 3317 1460 3370 et
1470 3311 1603 3372 bodotriae
1613 3316 1706 3386 fratre

59 3392 195 3453 rogatum,
222 3404 235 3432 s
255 3329 326 3453 {uid
342 3382 380 3437 its
399 3382 507 3452 plebem
532 3380 659 3437 moestitia
679 3378 852 3436 eliceretis
908 3381 981 3451 ejus,
997 3379 1032 3435 ad
1046 3382 1126 3436 omni
1139 3382 1377 3453 reliqr'onircultu
1392 3383 1530 3452 alienam,
1544 3384 1617 3442 etad
1630 3385 1706 3442 inco·

60 3454 250 3525 respondisse:
269 3472 282 3504 s
298 3452 366 3507 Tum
380 3452 487 3508 senium
501 3467 581 3508 suurn
600 3460 657 3508 tum
671 3450 796 3509 exsilium
806 3467 855 3506 ne·
909 3451 945 3507 lis
959 3453 1019 3506 suis
1029 3467 1081 3524 pro
1095 3453 1263 3510 multimoda
1275 3454 1491 3526 perturbatione
1505 3455 1647 3514 desertam
1660 3471 1706 3513 re·

80 3535 152 3580 otum
167 3522 309 3595 dignitatis
332 3522 393 3586 sibi,
409 3521 556 3594 patrieque
582 3495 720 3577 iastidium
744 3520 853 3576 silerre.
905 3523 1046 3593 perimus.
1067 3522 1167 3577 Nostra
1179 3525 1267 3596 iqitur
1289 3525 1486 3581 sollieitudine
1500 3531 1529 3582 et
1543 3527 1705 3584 illustrium

59 3543 130 3652 iluic
145 3595 275 3651 accedere
289 3592 346 3647 uoti
359 3592 518 3662 religionem
537 3606 591 3663 qua
611 3607 641 3647 se
663 3592 764 3647 dudum
787 3591 855 3646 Ber·
907 3593 1034 3647 uirorum
1048 3592 1242 3648 admonitione
1256 3591 1402 3659 dissensio,
1414 3612 1476 3668 quur
1486 3599 1646 3668 praefatum
1662 3598 1704 3655 lo·

58 3667 147 3723 nardo
173 3662 407 3728 clerae-vallensi,
432 3661 587 3733 pontificatu
602 3663 671 3717 ultro
705 3677 854 3725 cessurum,
909 3677 976 3717 eum
991 3663 1245 3727 exterminaverat,
1262 3665 1316 3720 beu
1330 3668 1456 3732 anctore,
1491 3666 1622 3736 deificato
1637 3672 1704 3724 est.-

58 3734 337 3810 privatemqueritam
353 3743 378 3789 et
394 3731 543 3789 bonoribus
555 3731 711 3788 defunctam
731 3739 855 3813 acturum
906 3747 959 3813 pro
979 3732 1118 3813 reliqione
1136 3748 1200 3791 uero
1217 3736 1336 3806 praefati
1357 3682 1706 3812 maritimumque

58 3807 248 3890 spoponderit.
266 3823 279 3855 n
296 3803 335 3858 En
350 3814 496 3859 secretum.
517 3806 599 3860 Porro
613 3818 685 3859 auno
699 3804 768 3858 1178
783 3811 856 3858 vemt
909 3802 979 3859 dicti
988 3802 1117 3859 aduocata
1127 3804 1466 3876 eonsuetudinos‚quoain
1476 3807 1707 3867 uillaFooerniu-

16 3889 28 3906 ”
59 3880 168 3935 Eskrlus
195 3878 222 3932 in
258 3874 494 3940 Claram-Vallem,
527 3874 574 3930 ubi
604 3872 782 3954 quadriennio
813 3873 856 3943 pio
909 3873 1121 3956 censinetinfra
1136 3875 1273 3930 terminos
1286 3875 1429 3947 parocbia
1443 3878 1514 4003 Zur,
1530 3879 1587 3934 siue
1596 3882 1703 3952 justas,

60 3950 244 4020 religioseque
269 3955 402 4003 trausacto
426 3945 503 4011 obiit,
527 3960 599 4001 anuo
624 3945 750 4000 nimirum
774 3947 854 4000 itta.
909 3961 967 4001 saue
987 3946 1111 4014 injustas
1130 3944 1276 4010 iubebant,
1293 3948 1325 4001 in
1339 3963 1428 4004 mann
1465 3949 1579 4004 ainaldi
1592 3951 1705 4007 consitis

60 4022 131 4077 Vide
155 4022 288 4076 Sarouem
305 4017 519 4092 grammaticum,
544 4016 671 4072 ilistoriae
703 4018 770 4073 ban.
785 4015 854 4072 libro
908 4017 1024 4075 ornnino
1039 4014 1228 4086 deposuerunt
1242 4017 1454 4090 meminerunt,
1475 4023 1545 4075 etse
1559 4036 1706 4093 nunquam

61 4095 116 4160 tt3
134 4092 196 4147 vide
208 4089 290 4146 etiam
310 4091 407 4145 librum
421 4089 456 4145 de
477 4088 548 4145 lliris
571 4087 723 4144 lllustribus
745 4085 855 4144 Ordinis
908 4088 1707 4159 alteriusrepetiturosabjuraveruntdllosueroeonsuc·

59 4162 256 4227 cisterciensis,
272 4160 334 4218 dist.
358 4165 384 4226 ³,
399 4174 461 4231 cap.
477 4163 532 4231 255;
548 4160 636 4216 Vitem
660 4159 689 4214 S.
714 4158 853 4230 Beruardi,
910 4159 1035 4223 tadines,
1055 4174 1105 4214 uus
1114 4159 1146 4213 in
1156 4158 1231 4216 villis
1241 4162 1410 4219 Fooerniaco
1419 4162 1647 4235 appendentibus
1657 4165 1706 4222 bo·

59 4234 129 4291 libro
142 4236 169 4304 i,
184 4249 243 4299 cap.
261 4235 296 4306 43
312 4232 474 4296 drauscium,
490 4230 560 4286 libro
576 4230 787 4302 631lan.capp.
807 4230 852 4297 tt,
871 4215 971 4300 Blera
981 4175 1299 4294 oideiranturnimiliter
1310 4232 1341 4287 in
1351 4234 1705 4306 monnejusdemcoruulis

58 4309 111 4372 423
133 4304 282 4375 llenriquez
296 4302 324 4358 iu
345 4301 451 4359 lienolo
472 4300 509 4368 io,
524 4301 685 4358 diedecima
699 4299 855 4370 spritium
908 4301 1119 4374 uucrpioerunt,
1135 4304 1163 4357 ct
1177 4304 1283 4372 proeter
1294 4302 1401 4360 debitus
1411 4306 1624 4376 abjuraverunt.
1640 4307 1706 4363 illas

58 4392 167 4433 secessu
182 4374 263 4431 Eskili
286 4373 315 4430 iu
338 4319 556 4432 clarum-istim
577 4371 700 4455 legendae
714 4388 770 4455 prae
793 4372 854 4455 aliis
907 4388 973 4455 vero
987 4371 1098 4430 easdem
1109 4371 1311 4456 Ilielturdusde
1328 4375 1587 4434 dente-Faleberni
1601 4383 1707 4450 praeter

58 4445 181 4522 epistolae
195 4446 257 4501 duae
280 4445 352 4508 Petri
375 4445 518 4511 cellensis,
543 4460 638 4516 nempe
663 4444 723 4499 libre
745 4443 854 4517 septimi
910 4443 1147 4502 debitosinoillts
1158 4445 1708 4520 Favernraeensieecbsioeuppendeuti·

59 4513 854 4660 11011111100110111111111101110
909 4515 1708 4662 11111011110110101111011101011

57 4608 202 4718 semirieria
230 4660 263 4716 dc
291 4658 365 4715 omni
389 4673 489 4734 genere
516 4630 653 4715 secroruni
675 4656 809 4715 Ordinum
839 4677 850 4707 s
909 4659 1023 4716 culnia
1036 4673 1089 4714 sua
1102 4674 1194 4715 manu
1208 4658 1346 4731 depositas
1355 4661 1387 4716 in
1401 4662 1604 4717 nostramann
1618 4661 1710 4718 dona·

58 4731 229 4816 provinciam
260 4728 314 4786 sibi
346 4727 853 4855 commissam‘seminareddstatuispet
907 4730 959 4855 siit,
975 4733 1003 4786 et
1021 4746 1071 4787 nor
1085 4731 1140 4812 Deo
1157 4734 1185 4786 et
1203 4728 1292 4786 beatae
1307 4730 1401 4815 ilarius
1413 4733 1606 4857 superdalture
1624 4731 1708 4788 adtu-

59 4804 681 4954 itit'ttdtttitiittrnttiiil.t
705 4809 854 4953 silisis
911 4802 1712 4946 100001101011100100111010

59 4941 378 5013 Praemoustrateusi313t
396 4940 631 4999 carthusiensibus
645 4953 725 5013 quam
739 4954 857 5012 primum
911 4944 1049 5018 pariooee
1070 4947 1096 4999 et
1115 4956 1255 4998 consensu
1273 4944 1513 5014 acclamaverunt,
1535 4947 1571 4999 ut
1587 4943 1712 5003 corbeia

59 5014 162 5072 ibidem
177 5012 359 5068 instituendis.
915 5015 1055 5074 case-oei
1066 5012 1295 5071 Faverniooenris
1306 5015 1349 5070 ita
1358 5015 1494 5072 uniretur
1504 5018 1672 5085 eeclesiam
1681 5015 1715 5072 ds

97 5088 191 5158 (1010)
211 5084 286 5139 itlius
301 5081 413 5155 epistole
436 5084 512 5140 att:
532 5096 593 5154 que
614 5095 680 5138 uero
703 5082 854 5139 antestet
910 5085 1034 5158 capitulo
1047 5085 1190 5141 Casu-Dei
1198 5085 1344 5158 perpetuis
1355 5087 1524 5157 temporibus
1534 5087 1617 5144 obbas
1627 5103 1711 5145 ussu-

63 5165 130 5223 erat,
141 5172 212 5212 nunc
227 5155 288 5210 326.
912 5160 1022 5222 mator,
1035 5174 1053 5211 o
1070 5173 1122 5228 quo
1132 5155 1286 5211 secundnm
1299 5156 1432 5214 Ordinem
1439 5161 1468 5214 et
1477 5159 1714 5218 consuetudinem

97 5229 191 5299 (1021)
204 5225 397 5282 Faberniaeum
421 5241 469 5282 seu
493 5222 678 5291 Faremeium,
701 5224 858 5282 coenobium
913 5228 1036 5286 eeclesiae
1053 5227 1199 5284 uase-oei
1211 5228 1568 5301 Fuoerniucensisreqatur
1580 5232 1714 5301 ecclesia,

62 5301 189 5357 dioecesis
202 5296 410 5362 bisuntinensis,
419 5297 447 5355 iu
457 5295 752 5379 comitatullurgundiae
765 5295 855 5363 situm,
914 5301 968 5359 llos
978 5301 1066 5372 icitur
1077 5298 1304 5382 presoloenlebis
1314 5301 1510 5359 uoluntatibus
1519 5301 1662 5367 inclinati,
1671 5320 1714 5361 ee·
1801 5292 1807 5305 ’

64 5372 180 5442 primum
203 5366 341 5426 'uidemin
359 5368 474 5441 gratiam
499 5366 859 5426 sanctimontehumOrdinis
911 5370 1093 5431 clenoeCusoe
1101 5370 1569 5434 lleiFooerntacensomecclcsiom
1577 5376 1714 5441 amenis

64 5445 94 5500 S·
115 5445 170 5500 ileu
207 5441 252 5499 leti
271 5439 409 5499 conditum
432 5449 481 5512 est,
507 5447 601 5512 postea
623 5454 698 5508 vero,
713 5453 777 5499 oum
799 5438 858 5496 dis·
917 5442 1101 5516 appendiciis,
1119 5440 1196 5500 salvo
1213 5444 1372 5515 pontificali
1389 5445 1452 5514 iure
1467 5448 1496 5500 et
1514 5446 1713 5503 ministrorum
