3728 5940
98 173 217 281 ιιι

586 212 698 277 stabo
717 212 760 275 [ιι
771 209 1012 277 -itotttitiisiittttt
1028 215 1073 276 sb
1090 210 1273 275 demtos·
1696 210 1753 275 850

99 351 147 408 par
161 336 211 392 Dei
224 337 338 407 gratiam
347 337 480 396 obtinere.
490 339 585 414 Neque
597 339 671 397 enim
686 338 755 411 parit
768 339 838 396 benc
850 352 898 395 co·
916 350 997 430 prii,
1014 342 1060 411 37)
1076 358 1083 396 :
1100 339 1232 410 posthaec
1246 336 1275 393 ιι
1289 336 1368 394 terris
1380 335 1455 392 risus
1470 343 1519 406 ast,
1536 345 1561 394 et
1580 354 1643 396 cum
1654 338 1748 397 bomi-

99 423 397 497 pia,'sedcontemptus.
409 426 454 483 Sic
464 425 530 484 fatui
540 427 587 484 filii
598 427 696 497 Adam,
704 442 899 498 porcorumvo·
957 430 1036 485 nibus
1048 434 1224 484 conversatas
1238 428 1291 482 ιιι.
1315 425 1402 494 Hujus
1417 423 1584 495 indulgentia
1597 424 1670 483 delet
1684 443 1750 499 pec·

100 515 184 570 raudo
202 513 325 586 siliquas,
343 530 395 571 non
410 516 562 573 esurientes
586 517 698 581 animas.
720 516 768 574 sed
782 515 898 572 esuriem
953 525 1054 587 catum,
1069 529 1123 572 non
1137 515 1246 588 quidem
1260 524 1315 572 uta
1328 515 1459 571 memoria
1474 511 1683 583 dwexcidat,
1701 517 1748 592 sed

99 600 188 667 ipsam
201 603 311 674 pascitis
330 603 491 660 animarum.
509 605 574 662 Sola
589 606 715 662 nimirum
733 608 786 662 hoc
807 604 898 662 edulio
954 617 985 664 ιι
998 607 1071 678 quod
1096 607 1170 678 prius
1193 605 1281 661 inesse
1295 591 1394 676 pariter
1417 613 1444 659 et
1467 603 1578 659 inlicere
1592 606 1750 662 consueris·

97 691 190 747 inedia
208 700 297 749 vestra
317 695 442 760 nutritur,
465 692 523 750 sola
545 694 631 751 tames
650 693 732 750 alitur
747 694 809 751 cibo
822 692 899 748 inna—
953 705 1005 761 sat,
1022 698 1061 754 sic
1074 697 1108 752 de
1123 703 1221 754 caetero
1240 693 1303 749 insit
1319 692 1468 760 memoriae,
1485 700 1585 749 utram
1601 692 1750 749 nullatenus

100 780 190 835 rurali.
206 781 241 838 lli
255 780 315 837 dico
331 781 438 852 planius
448 783 566 856 exempli
578 784 679 857 gratia,
695 796 900 840 unumsumens
957 784 1104 841 decoloret.
1128 784 1273 839 Multorum
1297 782 1371 837 enim
1385 796 1458 837 nnnc
1480 791 1663 852 peecatorum,
1688 798 1750 853 que

100 886 115 924 e
130 868 297 943 multisque
310 873 425 929 hnmana
440 874 544 931 vanitas
561 875 740 949 concupiscit,
754 890 808 932 non
823 874 900 947 prius
954 874 995 932 vel
1012 890 1029 929 e
1049 874 1137 937 nobis,
1153 872 1195 928 rel
1220 873 1254 928 ab
1276 870 1337 928 aliis
1355 871 1498 927 commissa
1520 872 1645 926 norimus
1658 886 1751 927 recor·

100 961 275 1017 satiabuntur
288 963 370 1018 corda
386 964 526 1021 bominum
547 979 625 1035 suro,
640 981 722 1037 quam
745 981 809 1021 sura
834 978 898 1021 cnr·

102 1062 169 1126 pora
183 1049 323 1106 satientur.
339 1052 396 1107 Nec
414 1051 571 1125 indignetur
583 1059 682 1110 avarus
698 1070 705 1107 r
721 1052 797 1108 etde
812 1050 899 1107 ambi·

102 1135 179 1192 tiosis
197 1145 224 1192 ιι
248 1137 404 1212 luxuriosis,
427 1141 507 1197 etiam
527 1143 607 1198 etde
629 1141 789 1200 facinorosis
806 1141 898 1199 eadem

102 1225 295 1284 sententisest.
312 1229 340 1284 Si
363 1229 424 1302 quis
448 1229 514 1285 mihi
535 1230 674 1289 forte'nou
694 1229 788 1298 credit,
812 1245 898 1303 erpe-

103 1312 205 1370 rientlae
218 1316 320 1384 credat,
329 1316 372 1373 vel
385 1317 512 1391 propria,
527 1316 569 1375 vel
580 1320 737 1376 multorum.

139 1401 184 1457 st.
200 1400 267 1472 Quis
281 1404 307 1459 in
324 1405 403 1461 vobis
421 1413 471 1470 est,
493 1406 599 1476 iratres,
614 1406 660 1481 qui
687 1405 777 1463 satiari
795 1405 896 1478 cupiat,

102 1498 130 1546 et
141 1491 303 1547 desiderium
319 1509 396 1548 suum
417 1501 492 1565 optet
514 1493 644 1565 impleri?
658 1493 774 1566 Incipiat
796 1495 899 1552 esurire

98 1568 240 1647 iristitiam,
256 1586 282 1634 et
297 1593 352 1633 non
374 1582 473 1651 poterit
487 1596 539 1638 non
554 1581 654 1638 satiari.
669 1582 757 1638 Panes
775 1582 835 1639 illos
850 1581 900 1637 de·

102 1666 212 1736 sideret,
228 1665 277 1739 qni
295 1667 322 1722 in
335 1667 420 1723 domo
442 1665 530 1741 ‘patris
556 1670 697 1727 abundant
712 1688 720 1735 3
736 1678 764 1727 et
778 1670 897 1728 inveniet

953 963 1052 1020 damur
1072 980 1079 1017 ε
1097 963 1145 1018 sed
1160 963 1267 1033 pmpria
1288 959 1398 1033 quidem
1417 960 1569 1032 inquinant,
1591 960 1680 1015 alisna
1695 974 1752 1016 nou

953 1058 1061 1108 nocent.
1087 1052 1122 1108 Ut
1136 1051 1203 1125 quid
1217 1052 1279 1120 hoo,
1301 1049 1354 1105 nisi
1367 1049 1440 1123 quod
1454 1051 1482 1105 in
1502 1049 1544 1104 his
1563 1048 1750 1105 erubescimus

953 1139 1135 1213 singulariter,
1154 1140 1213 1196 haec
1232 1139 1313 1195 nobis
1332 1137 1505 1213 singulariter
1533 1136 1689 1208 imputanda
1702 1153 1750 1193 ve·
1775 1151 1779 1158 ·

953 1229 1065 1284 remuri
1094 1228 1171 1285 Tolle
1199 1227 1412 1298 damnationem,
1442 1226 1510 1282 tolla
1542 1225 1676 1293 timorem,
1703 1227 1750 1283 toll

954 1316 1247 1388 confusionemque
1270 1315 1379 1386 quidem
1403 1313 1495 1370 omnia
1519 1313 1600 1387 plena
1625 1312 1750 1369 remissio

955 1404 1023 1461 tollit
1045 1411 1095 1460 :et
1113 1420 1167 1462 ιιι
1182 1404 1262 1460 modo
1277 1419 1333 1460 uon
1354 1404 1482 1473 oberunt,
1507 1403 1554 1460 sed
1580 1402 1663 1458 etiam
1682 1416 1750 1458 coo-

954 1493 1121 1565 perabuntur
1130 1493 1156 1549 iu
1167 1495 1279 1563 bonurn,
1290 1500 1321 1548 ut
1329 1492 1442 1550 derotm
1454 1491 1481 1548 ei
1491 1491 1640 1550 referamus
1649 1491 1752 1565 gratiss

955 1582 1002 1654 qui
1015 1579 1128 1638 remisit.

1248 1669 1362 1726 CAPUT
1382 1670 1457 1727 xvi.

102 1769 164 1810 sese
186 1754 312 1813 ooutimm
331 1755 443 1831 siliquas
462 1757 583 1815 fastidire
609 1775 762 1830 porcorum.
784 1761 899 1819 Gustum
916 1757 1176 1852 [Misericordiam
1185 1757 1311 1814 divinam
1321 1756 1620 1826 obtineri‚miscread0
1628 1756 1683 1814 sibi
1692 1757 1747 1841 ipsi

100 1841 212 1914 justitiae
223 1845 264 1899 vel
277 1845 406 1919 exiguum
421 1845 525 1904 studeat
543 1849 669 1920 experiri,
686 1856 763 1905 uteo
778 1848 838 1920 ipso
852 1851 901 1907 dc·

102 1932 205 1989 siderei
218 1934 344 2005 amplius,
358 1943 384 1992 et
398 1936 514 2006 amplius
527 1948 667 2004 mereatur,
688 1938 759 1996 sicut
768 1939 898 2013 scriptum

101 2021 155 2076 est:
169 2022 289 2088 Qaiedit
302 2024 567 2093 maadtasesarim
578 2047 587 2097 ,·
597 2028 646 2100 qai
658 2027 727 2085 bibit
738 2045 791 2097 me,
807 2028 899 2087 adboc

99 2112 179 2168 sitiet
197 2111 295 2181 (dccli.
315 2127 392 2179 xxiv,
414 2116 469 2184 29).
487 2115 543 2171 Hoc
561 2116 632 2172 eninr
647 2126 789 2189 cognatum
813 2117 899 2190 magis

102 2197 220 2270 spiritui,
236 2206 261 2254 at
275 2200 423 2256 naturalius
436 2201 601 2258 desiderium
611 2193 800 2260 sabe‘mentius
813 2221 898 2263 occu·

103 2294 148 2358 pat
163 2302 210 2343 cor
221 2281 379 2358 buma'num,
390 2297 543 2365 caeteraqne
559 2291 673 2350 viriliter
686 2291 823 2351 desideria
837 2295 898 2367 pel-

100 2377 144 2434 lit.
160 2375 205 2434 Sio
217 2378 344 2435 nimirum
358 2380 595 2438 fontemarmstum
612 2381 709 2441 fortior
722 2393 846 2457 superat,
859 2384 900 2440 sic

102 2467 196 2523 clavus
209 2467 287 2526 claro
302 2469 371 2527 solet
385 2471 506 2529 extundi.
536 2474 614 2530 Beati
625 2487 692 2545 ergo
707 2475 757 2547 pai
769 2475 901 2531 ιιινιιιι

102 2554 903 2634 ιιιιιιιιι)ιιιιιιιιι,ιιιιιιιιιριιιιιινιιιιιιν.Νοι·

102 2644 168 2700 dum
181 2644 291 2717 quidem
307 2645 374 2717 ipsa,
390 2663 443 2719 qua
454 2663 508 2704 non
522 2648 662 2705 satiabitur
670 2650 763 2718 bomo,
773 2659 799 2705 et
809 2649 880 2709 rivet
893 2668 899 2715 ;

102 2733 151 2788 sed
165 2733 270 2789 ceteris
288 2734 430 2803 universis,
446 2753 506 2807 ιιι
520 2723 602 2807 Ιριιιι
624 2737 812 2794 insatiabiliter
838 2738 899 2797 lue·

104 2830 166 2877 rant
180 2822 321 2893 concupita
338 2841 344 2891 3
361 2832 390 2878 ut
403 2840 436 2880 ex
449 2827 501 2881 hoc
520 2825 571 2880 sibi
591 2827 714 2883 voluntas
727 2827 761 2881 ad
781 2828 901 2886 servien-

103 2911 169 2968 dnm
184 2911 320 2980 prioribus
333 2913 559 2986 concupiscentiis
569 2928 668 2987 corpus
682 2913 817 2972 vindicare
827 2915 902 2972 desi-

1152 1844 1556 1920 primemdeindrproeimo.

997 1939 1041 1992 29.
1052 1938 1111 1991 lam
1128 1949 1191 1993 vero
1206 1936 1368 2008 supplicanti
1383 1951 1433 2009 pro
1447 1951 1488 2002 ea,
1504 1950 1625 2009 congrue
1639 1949 1752 2006 respon-

954 2028 1031 2083 detur
1043 2043 1050 2080 ε
1062 2028 1141 2083 Beati
1154 2025 1359 2096 misericordes,
1372 2027 1506 2098 quoniam
1520 2025 1578 2097 ipsi
1586 2025 1749 2083 misericor·

955 2116 1033 2172 diam
1060 2117 1268 2187 consequenter
1287 2113 1401 2183 (llattlr.
1430 2130 1454 2175 r.
1477 2116 1522 2184 i).
1545 2114 1671 2168 lliserere
1685 2127 1752 2184 argo

955 2204 1055 2260 animae
1069 2213 1132 2268 tuas,
1157 2204 1204 2276 qni
1224 2203 1309 2260 Deum
1334 2203 1381 2258 tibi
1405 2202 1445 2261 ris
1460 2201 1594 2258 misereri.
1614 2200 1688 2256 Laia
1703 2217 1752 2273 par

954 2293 1077 2366 singulas
1100 2302 1191 2349 noctes
1221 2293 1318 2349 lectum
1344 2299 1429 2357 tuum,
1461 2292 1588 2362 lacrymis
1612 2279 1664 2346 tuis
1677 2301 1749 2347 stra·

955 2390 1012 2437 tum
1032 2390 1107 2437 tuum
1122 2383 1211 2453 rigare
1226 2389 1379 2436 memento.
1395 2379 1423 2434 Si
1438 2377 1601 2449 compateris
1621 2378 1668 2434 tibi
1689 2377 1750 2447 ipsi,

955 2471 979 2525 si
994 2470 1100 2526 laboras
1127 2469 1154 2524 in
1181 2467 1284 2541 gemitu
1315 2467 1479 2539 poenitentiae
1498 2467 1613 2537 (primns
1634 2466 1679 2523 liic
1692 2482 1752 2538 gra·

954 2559 1005 2613 dos
1022 2555 1213 2613 misericordiae
1233 2556 1286 2628 ιιι)
1307 2555 1519 2612 misericordiam
1533 2557 1628 2628 utique
1652 2570 1750 2612 cousc-

954 2645 1054 2719 qneris.
1071 2646 1148 2717 Quod
1164 2645 1187 2700 si
1213 2646 1283 2703 lorte
1310 2661 1425 2716 maguus
1444 2653 1471 2700 et
1500 2643 1599 2701 multus
1629 2631 1747 2715 peccator

954 2752 994 2805 es,
1010 2745 1038 2792 et
1064 2752 1189 2809 magnam
1213 2735 1312 2807 quaeris
1336 2735 1548 2792 misericordiam
1569 2749 1601 2789 ec
1621 2733 1749 2790 multitu·

954 2825 1045 2881 dinem
1081 2823 1310 2895 miserationum;
1342 2834 1368 2881 tu
1396 2839 1505 2898 quoque
1537 2822 1748 2880 misericordiam

955 2920 1028 2969 tuam
1051 2912 1225 2987 magnificare
1251 2921 1278 2969 et
1301 2913 1475 2983 multiplicare
1498 2913 1601 2979 labora,
1626 2911 1750 2968 reconci-

103 3006 188 3065 stens,
207 2998 304 3055 rationi
321 3015 432 3070 prorsus
447 3011 580 3075 exponat,
595 3004 683 3077 magis
699 3010 789 3060 autem
804 3014 901 3077 urgeat
954 3003 1034 3061 listus
1047 3009 1104 3059 esto
1125 3003 1172 3059 tibi
1196 3001 1248 3075 ipsi
1266 3020 1272 3059 :
1288 3018 1349 3058 nam
1364 3010 1392 3057 et
1406 3002 1453 3057 tibi
1468 3000 1561 3074 gravis
1576 3000 1663 3058 iactus
1677 3015 1748 3067 aras,

103 3086 163 3158 ipsa
177 3087 278 3143 servire
286 3079 399 3159 justitie
413 3089 441 3145 in
456 3089 705 3162 sanctificationem,
726 3106 781 3148 nou
796 3092 901 3152 minora
915 3094 939 3176 ο
954 3092 1028 3164 quod
1043 3093 1146 3164 positus
1160 3107 1234 3148 esses
1247 3092 1399 3147 contrarius
1418 3093 1485 3147 Deo.
1507 3092 1551 3146 Ex
1570 3091 1624 3146 boc
1642 3104 1708 3146 saue
1721 3088 1748 3144 in

104 3174 173 3238 silo,
196 3191 277 3248 quam
304 3178 383 3251 prius
405 3179 562 3237 exhibuisse
581 3181 682 3238 servire
708 3180 842 3254 iniquitati
866 3184 901 3240 ad
955 3181 1037 3239 domo
1055 3181 1165 3255 propria
1188 3181 1332 3237 reformata
1351 3195 1430 3250 pace,
1444 3179 1567 3235 camdem
1583 3193 1693 3236 necesse
1707 3185 1750 3236 est

106 3264 285 3337 iniquitatem.
955 3272 1030 3344 prius
1044 3287 1109 3343 erga
1123 3271 1263 3343 proximos
1277 3270 1394 3337 dilatari,
1408 3279 1438 3326 ut
1451 3268 1599 3326 norissima
1612 3268 1749 3325 osculetur

409 3358 522 3418 cient·
536 3359 596 3417 xv.
767 3436 770 3442 ι
955 3370 981 3418 tc
995 3367 1022 3416 et
1040 3361 1099 3435 ipse
1112 3364 1204 3417 osculo
1224 3361 1280 3416 oris
1298 3359 1351 3429 ιιι,
1376 3366 1412 3426 ιι,
1435 3358 1664 3432 quemadmodum
1679 3357 1749 3414 scri-

106 3462 408 3535 Purgandamemoria
423 3483 441 3522 a
457 3474 641 3540 peccatorum
655 3470 781 3529 ,prdem
795 3469 901 3540 fiducia
954 3459 1107 3523 ptumam,
1142 3449 1332 3509 reconciliatus
1362 3464 1454 3522 pacem
1481 3446 1583 3504 babeas
1606 3447 1639 3503 ad
1659 3447 1746 3528 Deum

335 3536 440 3593 divinae
457 3539 667 3598 misericordior.
953 3542 1044 3609 (Rom.
1060 3559 1090 3611 v,
1110 3543 1146 3611 ι).
1170 3540 1282 3597 Dimitte
1305 3541 1348 3596 bis
1367 3539 1455 3611 quiin
1479 3548 1505 3593 ιι
1520 3544 1707 3608 peccaverunt,
1724 3545 1750 3592 et

141 3625 185 3691 28,
206 3624 340 3680 Caeterum
351 3625 409 3694 jam
423 3633 449 3679 et
467 3626 605 3682 voluntate
628 3637 741 3700 ιιιιιιι,
765 3629 792 3682 ιι
815 3629 900 3686 serri-
952 3629 1102 3685 dimittetur
1116 3628 1164 3684 tibi
1177 3628 1250 3699 quod
1268 3629 1326 3699 ipse
1350 3625 1478 3699 peccasti,
1493 3625 1556 3681 dum
1572 3642 1668 3681 arcura
1679 3641 1747 3698 conf

109 3719 194 3770 tutem
208 3712 455 3784 redactocorpore,
481 3715 555 3773 velut
584 3714 683 3772 siccato
697 3719 753 3786 jam
775 3717 902 3788 aliquate-
953 3717 1067 3773 scientia
1082 3717 1332 3778 oraverisPstrem,
1346 3714 1486 3770 etdineris
1506 3732 1514 3768 ι
1537 3715 1654 3770 Dimitte
1669 3712 1747 3768 nobis

107 3818 161 3857 nus
186 3801 272 3867 lente,
299 3811 325 3858 ιι
350 3802 471 3875 oppilato
495 3804 646 3875 formulae,
674 3807 781 3860 tertium
813 3805 902 3866 adbuc
953 3805 1046 3862 debita
1060 3809 1168 3870 mostra,
1183 3806 1258 3860 sicat
1273 3807 1301 3858 et
1319 3818 1369 3858 ιιι
1389 3801 1564 3858 dimittimus
1578 3796 1753 3859 debitoribus

107 3892 190 3962 idque
205 3881 396 3961 gravissimum
411 3897 503 3963 restat,
520 3891 554 3950 de
568 3892 709 3968 purganda
723 3893 826 3951 scilieet
840 3911 901 3952 me·
954 3897 1060 3954 nostris
1069 3894 1181 3962 (dattlr.
1195 3907 1234 3957 vi,
1251 3892 1305 3964 ιι).
1315 3890 1342 3946 si
1356 3889 1426 3946 iorta
1435 3890 1588 3962 quempiam
1602 3890 1747 3964 defrauda-

107 3979 194 4036 moria
226 3989 253 4035 et
276 3980 461 4037 exhaurienda
484 3983 599 4038 sentius.
625 3981 769 4052 Quomodo
800 3983 903 4040 enims
954 3986 1038 4051 reris,
1056 3983 1136 4040 redde
1152 3980 1331 4051 relsimplum
1347 3996 1353 4036 :
1370 3978 1444 4051 qnod
1459 3970 1585 4051 superest
1599 3979 1632 4033 da
1647 3975 1749 4052 paupe-

110 4071 317 4127 memoriamea
344 4069 452 4126 excidet
476 4071 530 4129 vita
545 4072 633 4127 mes?
660 4071 816 4127 llembrsns
842 4073 903 4130 uilis
957 4074 1040 4140 ribus,
1067 4081 1095 4129 ιι
1126 4067 1340 4127 misericordiam
1375 4077 1506 4141 prestans
1535 4064 1749 4123 misericordiam

107 4168 135 4217 et
155 4159 244 4217 tennis
272 4169 451 4218 atramentum
474 4158 544 4218 iorte
567 4174 679 4233 prorsus
699 4159 824 4217 imbibit:
849 4178 903 4234 qus
955 4160 1139 4235 consequeris.
1155 4159 1183 4215 Si
1205 4158 1305 4214 inerim
1327 4165 1434 4228 peccata
1453 4164 1497 4212 tua
1511 4153 1580 4211 sicut
1594 4153 1749 4226 coccinum,

108 4251 237 4323 deinceps
251 4257 309 4307 arte
336 4248 563 4306 delenitiutrion
577 4249 647 4307 enim
663 4248 807 4320 superlicio
824 4258 903 4309 ιιιιι
956 4253 1034 4324 quasi
1053 4252 1098 4307 nix
1116 4248 1335 4307 dealbabuntur:
1353 4243 1420 4304 etsi
1442 4245 1542 4302 luerint
1565 4243 1650 4301 rubra
1671 4244 1749 4317 quasi

112 4340 212 4410 tinnit,
230 4341 278 4395 sed
292 4354 403 4411 prorsus
426 4345 507 4395 totam
531 4339 648 4416 intinxit.
663 4340 774 4396 Frustra
792 4355 904 4399 conarer
952 4334 1128 4403 'vermiculus
1144 4338 1219 4393 velut
1241 4337 1302 4393 lana
1328 4336 1389 4391 alba
1407 4342 1486 4391 erunt
1511 4336 1577 4405 (isa.
1602 4351 1623 4400 1,
1646 4332 1751 4415 ιι).οι

108 4430 244 4486 eradere:
264 4437 325 4484 ιιιι
347 4428 480 4485 scinditur
500 4430 604 4498 abarta,
617 4446 699 4503 quam
728 4431 822 4489 inserti
836 4418 941 4503 cha-ss
957 4444 1010 4486 non
1031 4425 1206 4484 conlaudaris
1220 4440 1303 4496 super
1316 4423 1420 4481 cunctis
1439 4422 1678 4480 adinventionibus
1697 4423 1752 4479 tuis

109 4529 231 4578 ractores
256 4519 404 4574 deleantur.
431 4519 520 4591 Ipsam
548 4518 622 4576 enirn
648 4519 719 4577 forte
746 4522 902 4579 memoriam
959 4518 1058 4590 quibus
1073 4514 1262 4586 praevaricatus
1285 4531 1327 4584 es,
1343 4513 1370 4570 in
1389 4511 1488 4586 quibus
1507 4529 1578 4568 runc
1595 4512 1749 4568 erubescis:

111 4610 201 4665 delere
216 4616 308 4678 posset
322 4606 434 4674 oblivio,
450 4616 479 4662 ιι
496 4608 618 4666 videlicet
637 4617 728 4668 mente
749 4617 843 4683 captus
857 4625 904 4667 eo·
958 4609 1000 4664 isc
1014 4608 1225 4679 eleemosynam,
1242 4605 1265 4661 si
1280 4620 1336 4661 nou
1349 4611 1428 4676 potes
1442 4602 1477 4658 dc
1491 4611 1601 4660 terrena
1622 4601 1752 4657 substan·

111 4715 170 4754 rum
186 4714 241 4753 nou
269 4695 451 4768 meminerim,
480 4714 540 4770 quae
567 4699 699 4756 commisi.
724 4699 857 4758 sessim
876 4709 907 4756 ut
959 4700 1005 4764 ιιι,
1027 4699 1060 4753 de
1085 4696 1220 4756 voluntate
1244 4696 1316 4751 bona
1337 4711 1343 4751 :
1367 4701 1395 4748 ιι
1414 4692 1504 4749 omnia
1525 4682 1626 4748 munda
1647 4697 1751 4758 erunt,-

111 4789 242 4846 memoria
258 4790 362 4861 integra
376 4796 490 4853 maneat,
515 4797 541 4844 et
563 4788 649 4860 ipsius
665 4791 774 4846 maculae
795 4788 906 4847 delean·
959 4803 1013 4843 non
1035 4786 1119 4842 modo
1148 4784 1297 4841 illuminata
1324 4781 1403 4847 ratio,
1433 4789 1459 4837 ιι
1478 4787 1602 4837 correcta
1616 4775 1751 4851 voluntis,

114 4891 166 4939 tur,
195 4893 255 4947 quaa
283 4877 413 4933 novacula
441 4885 536 4950 posset
558 4877 688 4935 allicere?
711 4879 790 4935 Salus
814 4878 907 4950 ntique
958 4877 1007 4934 scd
1030 4875 1089 4953 ipsa
1108 4889 1216 4947 quoque
1240 4870 1370 4928 memoria
1392 4869 1492 4925 munda
1506 4867 1556 4924 erit
1574 4885 1581 4923 t
1596 4876 1626 4924 nt
1649 4883 1683 4923 ex
1701 4868 1754 4924 bo'o

113 4980 203 5022 sermo
218 4966 294 5020 virus
311 4976 338 5022 et
352 4965 449 5022 cilicas
474 4973 501 5023 et
520 4967 713 5038 penetrabilior
725 4966 798 5025 omni
816 4965 907 5039 gladio
957 4969 1014 5037 jam
1024 4962 1171 5021 secerisad
1186 4959 1341 5023 Dominum,
1355 4965 1383 5014 ιι
1396 4956 1490 5013 audias
1503 4971 1599 5014 nocem
1613 4954 1727 5012 dicentis
1745 4971 1753 4987 ·

112 5055 231 5126 ancipiti.
255 5055 447 5112 Dimittuntur
469 5058 520 5112 tibi
532 5063 650 5130 peccata
674 5063 735 5114 tac.
759 5059 910 5113 llurmuret
964 5052 1155 5111 beatimundo
1169 5043 1416 5118 cordc'fflattlnv,
1432 5046 1469 5115 8).

115 5145 275 5213 phariseus,
293 5151 320 5200 et
335 5144 428 5200 dicat:
447 5144 514 5212 Quis
527 5151 617 5217 potest
625 5147 771 5203 dimittere
779 5150 907 5220 peccota,
1249 5137 1360 5194 CAPUT
1378 5136 1465 5193 XVII·

106 5236 175 5293 »nisi
188 5234 264 5292 solas
279 5233 391 5301 Drusi(
408 5233 490 5289 llarc.
513 5248 541 5298 u,
558 5237 585 5302 ti,
599 5234 641 5303 7.)
652 5232 715 5288 liibi
738 5234 808 5290 enim
823 5233 909 5308 quiid
966 5237 1064 5294 Oculos
1074 5233 1165 5291 cordis
1180 5232 1316 5289 continuo
1326 5227 1515 5298 mandandos,
1533 5232 1566 5284 at
1581 5229 1653 5285 Dens
1668 5227 1759 5284 videri

114 5323 235 5399 loquitur
253 5324 327 5379 Deus
341 5330 391 5386 ιιι,
405 5328 432 5377 ιι
456 5335 510 5376 ιιι
535 5322 709 5392 estimabitur
733 5324 800 5379 alius
826 5325 859 5380 ad
873 5323 909 5379 il·
1075 5391 1077 5399 ,
1284 5392 1285 5396 Ἰ
1308 5321 1408 5394 possit.

115 5421 180 5484 lum,
194 5415 241 5485 qui
256 5413 392 5469 adinvenit
406 5427 512 5468 amnem
532 5415 601 5469 riam
616 5412 776 5483 discipliuae,
793 5423 820 5470 ιι
837 5415 912 5470 dedit
1000 5419 1044 5471 30.
1065 5412 1264 5471 beatimundo
1280 5412 1370 5482 corde,
1387 5425 1520 5485 pacatam
1535 5411 1590 5481 ipsa
1610 5411 1698 5465 Deam
1721 5409 1760 5489 ιι·

116 5506 188 5564 illam
202 5506 285 5562 Jacob
301 5519 385 5576 puero
399 5517 459 5570 suo,
475 5509 503 5559 ιι
518 5502 598 5560 lsrael
613 5500 773 5561 dilectosuo
787 5498 911 5575 (Barac.
967 5505 1071 5567 ιιιιιι
1089 5503 1193 5578 (ibid).
1221 5488 1318 5576 ldagna'
1342 5498 1497 5573 promissio,
1522 5498 1619 5557 iratres
1642 5498 1710 5567 mei,
1734 5507 1761 5554 et
