3728 5940
104 173 156 236 959
180 182 184 188 ’
571 183 598 242 S.
620 183 787 249 bubulum
805 187 941 252 ausurus
960 190 1277 256 uuuuuutuuuusts
1495 252 1500 260 ,
1709 191 1764 253 960

102 301 134 360 ῙΠ
148 306 474 381 11111101111111111111Ὑ
485 307 527 366 Μ
537 311 783 386 (1111Λβοιιο1ιιιε
798 316 902 376 omnm
918 313 1026 396 fidum
1041 318 1164 380 fiduciam
1183 319 1316 379 nefarium
1338 317 1435 393 sumis,
1458 317 1544 378 iactus
1561 333 1591 376 es
1613 325 1642 376 et
1665 326 1763 379 contra

106 394 181 452 111111
195 396 341 464 limbum
350 412 409 458 11111
421 401 518 457 omniu
528 401 684 474 expediunt
693 402 713 477 (ι
725 405 787 464 Cor.
798 407 901 476 ratu).
961 409 1099 469 scientiam
1112 410 1263 485 impudens,
1279 418 1306 467 ct
1319 418 1414 467 contra
1431 408 1583 482 potentiam
1596 408 1700 468 audax.

104 480 165 542 Etsi
176 485 256 556 culpa
269 500 326 542 non
341 494 393 555 est,
416 487 504 562 culpus
520 497 608 548 tamen
628 492 757 550 indicium
772 509 824 551 est.
843 495 904 552 Nisi
996 502 1040 557 ιι.
1060 501 1116 559 Hoc
1130 509 1170 558 est
1184 500 1266 569 enim,
1282 499 1468 572 oimpie‚h00
1483 510 1524 555 ess
1543 498 1617 568 qnod
1633 499 1761 573 cogite„

104 572 177 628 enim
191 589 267 630 mens
278 575 368 634 miuus
386 594 416 634 se
430 579 539 638 curiose
549 592 682 654 servaret,
698 592 745 641 tua
759 585 903 644 curiositas
959 588 1018 646 baec
1035 597 1077 646 est
1098 588 1234 662 iniquitas,
1256 604 1338 663 quam
1357 588 1496 645 meditaris
1514 587 1542 642 in
1556 586 1640 642 cubili
1658 594 1721 659 tuo,
1737 599 1765 647 et

105 667 212 731 tempus
235 679 349 721 uacuum
372 683 427 724 nou
451 669 572 727 haberet.
591 671 649 728 Etsi
672 674 753 748 culpa
772 690 827 732 nou
850 686 902 744 est,
958 676 1044 735 dicis:
1061 679 1144 735 Putas
1154 676 1262 734 Creator
1273 690 1345 749 opus
1360 691 1438 732 suum
1457 675 1602 732 destruat?
1616 674 1682 732 Scio
1706 677 1766 749 qui·

103 751 191 822 culpas
208 760 299 810 tamen
325 755 433 814 occasio
460 766 512 831 est,
532 769 558 816 et
585 759 715 819 indicium
738 764 902 832 commisse,
957 767 1020 824 dem
1039 767 1104 839 quia
1127 780 1184 823 uon
1207 765 1271 822 latet
1298 767 1385 822 Deum
1406 764 1606 838 qualiscunque
1630 764 1764 837 cogitatio

104 847 132 895 et
145 855 228 900 causa
242 851 283 900 est
296 847 505 906 committenda.
521 849 640 907 Teenim
656 852 758 909 intenta
768 854 802 910 ad
816 853 902 923 aliud,
956 871 1033 913 mea:
1056 856 1129 914 Deus
1154 854 1226 911 enim
1250 861 1301 910 est.
1316 854 1373 911 Nec
1389 854 1476 926 placet
1494 852 1518 909 ei
1552 852 1613 910 talis
1631 853 1765 930 cogitatio

104 927 221 988 latenter
251 931 362 992 interim
390 934 416 992 in
449 953 498 996 cor
525 948 600 996 tuum
634 957 748 1014 serpens
772 943 904 1018 illabitur,
956 945 1105 1019 mes,quiu
1127 944 1280 1003 bonusest.
1296 942 1349 999 Sed
1369 957 1420 999 nee
1438 939 1685 1014 sineliteiiugiam
1701 958 1763 999 ma-

104 1019 202 1077 blande
233 1021 390 1096 alloquitur.
419 1026 558 1086 Blanditiis
585 1032 728 1101 rationem,
757 1034 904 1094 mendaciis
954 1049 1007 1092 nus
1021 1036 1090 1106 ejus,
1107 1033 1283 1108 quiapotens
1297 1042 1349 1091 est.
1378 1030 1507 1105 Nunquid
1531 1038 1625 1088 tamen
1645 1030 1716 1087 mibi
1730 1031 1765 1087 ti·

106 1107 230 1169 timorem
243 1113 401 1185 compescit.
412 1117 606 1193 Nequaquam,
622 1120 757 1193 inquiens,
772 1125 902 1182 morieris
954 1123 1157 1181 mendumesti
1183 1121 1213 1179 si
1228 1121 1301 1180 enim
1324 1137 1386 1179 curu
1410 1118 1558 1189 bonussit,
1587 1135 1643 1178 uon
1671 1127 1765 1194 potest

105 1195 186 1270 (Gen.
213 1216 254 1268 ur,
274 1200 313 1276 d).
337 1202 429 1279 Auget
456 1222 560 1281 curam,
583 1208 649 1265 dum
662 1207 755 1266 incitat
779 1211 870 1285 gulam
894 1228 902 1271 t
954 1210 995 1270 illi
1009 1209 1225 1286 placeremalum
1234 1207 1762 1281 meum,quantominussuumllleum

105 1289 180 1347 acuit
189 1291 384 1366 curiositatem,
399 1295 464 1354 dum
478 1298 601 1372 suggerit
610 1299 794 1369 cupiditatem.
814 1300 905 1361 Ollert
954 1301 1056 1374 quippe
1069 1300 1183 1358 dixerim
1191 1307 1287 1358 contra
1300 1300 1362 1371 ejus
1376 1299 1542 1358 veluntatem
1551 1297 1656 1371 aliquid
1666 1299 1738 1355 velie
1752 1318 1760 1356 ε

105 1382 213 1440 tendem
228 1381 402 1455 prohibitum,
427 1395 454 1444 et
475 1386 561 1443 aufert
575 1403 735 1446 concessum
755 1406 763 1446 z
787 1391 905 1466 porrigit
954 1407 1033 1449 suum
1048 1400 1148 1457 autem,
1159 1388 1184 1446 si
1196 1387 1315 1448 vindicet
1326 1403 1397 1445 sese.
1414 1388 1480 1444 Tam
1495 1400 1562 1463 ergo
1576 1387 1761 1461 quodcunque

105 1485 228 1540 1111111111,
244 1478 272 1527 et
295 1471 412 1546 subripit
433 1473 600 1545 paradisum.
624 1477 721 1534 Hauris
741 1478 816 1536 virus
829 1480 902 1550 peri·
955 1481 1043 1540 scelus
1056 1480 1200 1538 nunralet
1213 1479 1283 1535 uelle
1304 1476 1405 1546 ulcisci,
1431 1492 1513 1549 (ιιιιιιι
1536 1493 1586 1535 nec
1613 1475 1679 1543 vult.
1708 1495 1761 1538 nec

106 1563 175 1629 tura,
197 1567 223 1616 et
238 1558 372 1630 periturus
385 1560 515 1634 paritura.
536 1565 608 1620 Perit
622 1564 706 1638 salus,
720 1582 774 1622 non
798 1567 903 1626 destitit
955 1568 1025 1628 salet
1038 1583 1086 1626 sna
1100 1567 1218 1626 bonitate
1232 1565 1342 1640 privari.
1368 1564 1449 1621 Fallis
1467 1572 1502 1631 te,
1525 1563 1618 1635 miser,
1639 1564 1714 1623 fallis
1732 1574 1760 1626 te

104 1656 209 1720 partus.
222 1647 375 1720 Nascimur,
390 1651 521 1708 morimur
537 1668 543 1709 :
564 1652 680 1727 ideoque
694 1655 832 1712 nascimur
845 1672 903 1714 mo·
917 1639 940 1723 Β
955 1674 1009 1714 non
1026 1658 1121 1714 Deum.
1137 1658 1188 1722 Te,
1203 1655 1325 1729 inquam,
1341 1653 1420 1722 iallis,
1436 1662 1464 1711 et
1481 1653 1611 1711 mentitur
1628 1653 1759 1727 iniquitas

104 1736 193 1807 ritnri,
222 1738 285 1808 quia
312 1737 387 1812 prius
419 1742 552 1798 morimur
578 1742 716 1802 nascituri.
753 1744 902 1818 Propterea
955 1746 1017 1816 sibi,
1032 1762 1088 1802 non
1103 1744 1280 1802 Deobolose
1294 1744 1403 1816 quidem
1417 1741 1544 1817 suissed
1558 1740 1586 1798 in
1609 1753 1759 1814 conspectu

105 1840 188 1898 prave
206 1828 302 1900 jugum
322 1843 403 1900 super
426 1844 520 1888 omnes
541 1829 612 1887 filios
626 1840 688 1889 tuos
702 1847 789 1906 usque
803 1831 832 1889 in
845 1835 902 1891 ho·
955 1837 1023 1908 ejus.
1040 1838 1080 1892 Te
1093 1850 1159 1911 ergo
1178 1832 1256 1900 fallis,
1272 1849 1327 1891 non
1348 1833 1446 1890 Deum.
1465 1833 1500 1888 lit
1525 1830 1636 1904 quiade
1656 1848 1756 1904 magno

105 1912 232 1970 diernum
245 1915 327 1971 diem.
955 1926 1016 1997 ejus
1034 1926 1106 1981 bono
1125 1923 1152 1978 in
1168 1932 1201 1992 te,
1217 1920 1304 1980 butt
1317 1929 1346 1977 tu
1360 1936 1487 1995 magnum
1502 1919 1530 1975 in
1544 1935 1604 1975 eum
1614 1921 1753 1992 excogitas

144 2000 188 2061 31.
205 2002 259 2059 Sed
286 2014 314 2062 et
336 2013 375 2074 tu,
390 2005 561 2078 signaculum
583 2007 775 2080 similitudinis,
794 2027 849 2069 non
873 2011 901 2069 in
956 2015 1066 2079 malum,
1088 2011 1185 2070 merito
1205 2011 1333 2085 iniquitas
1358 2018 1402 2066 tua
1428 2009 1563 2067 iuvenitur
1586 2009 1618 2064 ad
1648 2009 1751 2065 odium.

106 2091 241 2165 paradiso,
267 2093 314 2149 sed
341 2094 370 2149 in
397 2094 500 2152 deliciis
527 2096 644 2168 paradisi
670 2098 720 2154 Dei
743 2098 847 2168 positus
871 2117 902 2158 es
957 2102 1024 2172 Quae
1044 2105 1133 2172 major
1155 2116 1272 2173 namque
1293 2098 1431 2172 iniquitas,
1451 2113 1531 2172 quam
1555 2105 1584 2152 ut
1606 2097 1669 2153 inde
1691 2114 1707 2152 a
1728 2105 1754 2154 te

106 2179 217 2252 (linceis.
228 2186 384 2255 xxvrruli,
398 2186 452 2255 ts).
461 2183 532 2255 Quid
542 2185 655 2257 amplius
664 2202 787 2260 quaerere
798 2188 903 2247 debes?
954 2191 1066 2249 Creator
1091 2197 1287 2259 cunoemnntur,
1301 2190 1373 2244 unde
1392 2187 1453 2259 plus
1473 2185 1555 2243 autari
1570 2187 1755 2242 merebatur?

106 2269 207 2328 Plenus
230 2287 294 2345 ergo
318 2272 459 2344 sapientia,
476 2282 503 2330 et
525 2274 661 2346 perlectus
679 2275 787 2343 decore,
810 2277 904 2336 altiora
956 2279 1023 2351 Quae
1031 2281 1119 2351 major
1137 2279 1273 2350 iniquitas,
1288 2292 1439 2350 quamcum
1452 2276 1486 2331 de
1503 2275 1620 2346 potentia
1634 2275 1685 2332 Dei
1700 2290 1755 2331 nou

107 2363 134 2414 te
149 2375 184 2415 ne
208 2360 358 2432 quesieris,
387 2368 413 2417 et
436 2362 546 2420 fortiora
559 2371 584 2419 tc
599 2379 633 2420 ne
651 2372 786 2422 scrutatus
807 2366 902 2424 iueris.
955 2370 1071 2437 dubites,
1091 2369 1154 2442 quin
1170 2375 1197 2425 te
1210 2367 1313 2426 scilicet
1325 2364 1560 2436 destruerepossit
1573 2363 1620 2436 qui
1634 2365 1755 2420 condere

109 2447 157 2504 Sta
171 2446 249 2520 inte,
269 2465 304 2506 ue
318 2451 399 2506 cadas
414 2455 479 2520 ate,
495 2451 519 2508 si
532 2452 653 2510 ambulas
666 2452 694 2508 in
715 2453 821 2530 magnis
836 2465 862 2513 et
878 2458 905 2513 in
957 2459 1062 2532 potuit,
1082 2459 1200 2517 conlisus
1217 2447 1349 2516 amende
1365 2455 1447 2513 multa
1464 2454 1524 2526 ejus
1537 2453 1756 2528 dulcedineque

109 2537 280 2594 mirabilibus
294 2554 377 2610 super
391 2547 427 2597 te.
453 2540 507 2597 Sed
522 2541 590 2613 quid
612 2541 720 2601 interim
744 2560 778 2600 ex
792 2543 904 2617 obliquo
958 2565 1051 2622 speras
1071 2563 1132 2605 eum
1157 2546 1230 2604 nolle
1252 2545 1392 2602 uindicare
1405 2560 1466 2602 cnm
1484 2541 1596 2616 possit3
1617 2543 1686 2597 mala
1702 2558 1755 2615 pro

108 2625 225 2682 i¹¹¹⁰¹¹ffi⁸
243 2627 277 2682 δᾶ
295 2627 474 2700 mmmm?
487 2631 547 2686 ¹⁸¹ss
574 2630 703 2699 1111111.
718 2632 775 2700 iam
797 2639 824 2690 te
839 2650 902 2708 per·
959 2638 1050 2705 bonis,
1065 2636 1158 2693 odium
1172 2652 1221 2710 pro
1236 2634 1382 2693 dilectione
1391 2631 1547 2691 retribuas?

106 2715 192 2786 spicio
206 2716 298 2774 nescio
310 2734 373 2789 quac
383 2735 479 2790 ,supra
497 2726 523 2776 ts
537 2719 670 2777 curiosius
682 2719 735 2777 nita
749 2720 900 2780 rimantem.
995 2730 1040 2784 33.
1057 2726 1129 2798 ilaec,
1144 2725 1266 2800 inquam,
1279 2723 1417 2797 iniquitas,
1433 2737 1487 2780 nou
1504 2722 1543 2778 ira
1557 2727 1755 2791 momentanea,

107 2805 224 2872 Plutum,
236 2805 332 2879 inquil,
347 2807 439 2866 tudem
448 2825 542 2866 meum
554 2808 901 2882 udaquilenemilrunrr,
959 2815 1005 2872 sed
1020 2814 1083 2874 odio
1102 2815 1185 2890 digus
1206 2822 1249 2873 est
1272 2811 1435 2885 sempiterno
1453 2828 1506 2884 qua
1529 2819 1576 2868 tuo
1599 2807 1755 2866 dulcissimo

109 2893 165 2964 ¹³).
181 2893 292 2952 Ceteris
311 2898 460 2954 astantibus
474 2897 614 2964 caelicolis,
631 2900 694 2954 dum
714 2909 743 2955 tu
763 2900 837 2956 solus
856 2915 902 2958 se·
959 2913 986 2961 et
1000 2904 1130 2962 altissimo
1146 2903 1270 2972 Domino,
1282 2901 1343 2959 licet
1357 2901 1451 2969 inrito,
1467 2899 1607 2956 desideras
1620 2906 1707 2955 tamen
1724 2913 1756 2954 ac

107 2981 172 3039 dere
194 2982 314 3056 allectas,
335 2985 444 3042 iratmm
467 2985 649 3055 concordiam,
675 2989 758 3047 tutius
783 2991 903 3048 coelestis
921 2972 1050 3066 ‘speras
1064 2992 1173 3068 equari,
1191 3003 1322 3067 quatenus
1337 3005 1444 3063 semper
1456 2988 1554 3056 rideat,
1570 2986 1641 3062 quod
1656 2986 1756 3048 doleat.

107 3072 200 3143 patriae
214 3089 316 3147 pacem,
334 3075 429 3149 ipsius,
449 3085 581 3151 quantum
603 3077 632 3134 in
654 3086 681 3135 te
703 3086 754 3150 est,
783 3079 903 3152 quietem
958 3082 1023 3141 dum
1040 3093 1066 3141 ts
1089 3082 1192 3141 socium
1210 3082 1381 3139 lrabeatcum
1395 3077 1472 3149 nolit,
1492 3092 1544 3135 nec
1567 3077 1677 3148 dejiciat
1694 3092 1757 3134 cum

107 3159 244 3219 Tfinstiffl
267 3163 387 3222 11111111·
417 3166 479 3239 0111
509 3178 535 3224 11
561 3176 616 3236 111,
642 3167 733 3236 miser,
761 3170 904 3228 curiositas
958 3175 1042 3246 possit
1058 3174 1143 3248 ,quin
1160 3172 1250 3245 potins
1266 3170 1353 3244 eligat
1372 3169 1429 3240 ipse
1448 3167 1551 3234 dolere,
1567 3183 1648 3239 quam
1668 3173 1695 3221 te
1710 3180 1758 3238 ps·

108 3248 191 3318 ducit,
208 3259 237 3308 ut
251 3256 460 3328 presumptione
486 3257 617 3333 singulari
639 3272 694 3314 nou
713 3259 823 3315 dubites
837 3259 905 3316 civi·
957 3262 1038 3320 tiatur
1061 3262 1168 3335 perire,
1188 3258 1275 3332 possit
1298 3257 1410 3330 quidem
1432 3253 1549 3327 dejicere
1576 3253 1598 3308 si
1617 3253 1694 3318 velit,
1712 3253 1759 3309 sed

108 3339 162 3396 bus
184 3342 349 3411 scandalum,
369 3344 497 3416 iujuriam
521 3346 608 3403 iacere
626 3346 720 3418 liegii
745 3347 828 3403 llillia
844 3348 904 3404 mil·
955 3367 1013 3423 prae
1037 3348 1190 3415 dulcedine,
1207 3355 1238 3403 ut
1257 3344 1384 3411 aestimas,
1400 3341 1469 3402 uelle
1483 3356 1537 3398 nou
1555 3341 1651 3413 possit.
1677 3341 1758 3398 Certe

108 3427 173 3485 lium
187 3430 340 3489 ministrant
354 3432 391 3500 ei,
406 3440 433 3490 et
446 3435 539 3492 decies
552 3443 664 3491 centena
678 3433 762 3491 millia
776 3435 906 3494 assistunt
956 3438 982 3497 si
996 3439 1056 3495 talis
1070 3444 1111 3496 est
1125 3437 1232 3511 qualem
1246 3442 1335 3508 putas,
1352 3440 1426 3490 tanto
1440 3429 1559 3505 nequius
1580 3429 1651 3504 agis,
1667 3431 1690 3487 si
1703 3447 1757 3487 non

109 3517 137 3573 ei
164 3517 248 3588 (Dan.
264 3533 313 3589 ιιι,
341 3522 396 3594 tu),
412 3522 459 3578 ubi
473 3537 552 3580 nemo
565 3522 657 3580 sedere
672 3524 837 3596 perhibetur,
853 3525 906 3583 uisi
953 3526 1039 3586 amas.
1054 3527 1087 3585 Et
1101 3528 1124 3585 si
1138 3525 1183 3582 iile
1195 3523 1295 3598 patitur
1310 3521 1411 3594 aliquid
1426 3519 1484 3578 ficri
1497 3527 1593 3577 contra
1609 3536 1639 3576 se
1653 3519 1755 3591 potius,

111 3606 189 3663 solus
209 3609 232 3664 is
259 3610 306 3683 qui
332 3610 410 3669 sedet
427 3627 510 3684 super
529 3613 686 3683 Cherubim,
707 3615 750 3672 cni
770 3631 785 3671 a
802 3617 908 3674 ceteris
956 3633 1036 3694 qnam
1070 3617 1128 3690 ipsa
1154 3612 1256 3687 aliquid
1283 3611 1363 3669 iaciat
1390 3620 1485 3667 contra
1507 3616 1552 3681 te,
1580 3614 1680 3680 quanta
1696 3623 1755 3662 ma·

110 3694 299 3754 ministratur:
320 3708 348 3757 et
369 3708 397 3758 tu
416 3702 508 3758 nescio
522 3717 582 3775 quoe
596 3719 651 3776 prae
673 3703 775 3761 caeteris
794 3705 903 3779 perspi·
955 3706 1013 3765 litia
1043 3713 1094 3774 est,
1118 3713 1147 3762 ut
1168 3703 1211 3760 uel
1235 3711 1263 3759 tu
1285 3716 1337 3758 non
1362 3715 1458 3775 parcas
1481 3696 1528 3765 illi,
1555 3697 1603 3770 qui
1626 3696 1678 3753 sibi
1702 3711 1756 3752 non

111 3784 209 3844 ciendo
223 3786 402 3859 differentius,
416 3791 548 3849 curiosius
561 3791 731 3867 inquirendo,
753 3793 907 3852 irreveren·
957 3795 1051 3870 parcit,
1068 3792 1203 3869 parcendo
1224 3790 1301 3848 libii
1324 3790 1402 3846 lusit
1425 3788 1562 3844 tamenab
1582 3787 1641 3858 ejus
1667 3784 1757 3856 perie-

112 3872 165 3930 tius
183 3876 363 3951 pervadendo,
379 3879 471 3938 aedem
490 3880 538 3936 tibi
551 3880 666 3938 collocas
680 3881 707 3936 in
723 3883 804 3950 coeio,
820 3891 850 3939 ut
863 3883 900 3938 sis
957 3885 1060 3953 ctione,
1077 3892 1108 3940 ut
1122 3882 1185 3956 quia
1203 3879 1292 3937 dulcis
1306 3885 1356 3947 est,
1370 3877 1460 3951 justus
1478 3890 1533 3932 non
1555 3877 1601 3945 sit,
1623 3875 1700 3948 quasi
1716 3874 1758 3929 si-

112 3961 209 4020 similis
231 3965 388 4026 dtissimol
410 3968 471 4040 Quo
491 3967 567 4026 linei
591 3985 643 4042 qua
661 3968 782 4028 fiducia?
802 3971 906 4038 Metire,
957 3971 1017 4033 mul
1030 3971 1117 4031 dulcis
1129 3979 1157 4030 nt
1168 3970 1258 4043 justus
1271 3984 1332 4027 esse
1346 3981 1401 4024 non
1415 3965 1501 4038 possit
1514 3982 1521 4021 ι
1536 3981 1598 4023 cum
1612 3961 1710 4020 melior
1725 3962 1748 4017 si

114 4050 254 4125 1111311111,
281 4057 364 4127 lim,
395 4074 477 4131 1111111
517 4058 608 4129 fluum,
636 4057 758 4132 excogita
784 4060 907 4117 modum.
957 4063 1032 4135 justa
1050 4060 1175 4130 dulcedo,
1194 4074 1275 4132 quatu
1297 4057 1433 4128 remissa;
1455 4054 1511 4111 imo
1532 4052 1618 4112 virtus
1644 4066 1700 4109 nou
1725 4050 1760 4107 sit

116 4139 224 4201 Sciente
246 4146 299 4202 boc
312 4145 455 4205 ditissimo
469 4148 622 4220 praesumis,
636 4164 670 4204 sn
684 4147 907 4207 nescienteivo-
957 4151 1073 4210 dulcedo
1086 4151 1146 4207 sine
1158 4147 1272 4221 iustitia.
1288 4145 1358 4217 Quia
1372 4144 1454 4218 igitur
1467 4142 1592 4217 gratuitae
1612 4141 1664 4198 bei
1682 4141 1758 4196 boni·

112 4229 193 4298 iente
214 4248 247 4288 sn
271 4248 326 4291 non
340 4235 471 4293 volente?
486 4237 537 4294 Sed
551 4237 688 4310 mornado
701 4238 801 4294 malum
813 4237 906 4310 quod·
960 4242 1018 4309 tati,
1032 4257 1088 4314 qua
1102 4239 1186 4314 gratis
1200 4236 1289 4295 iectus
1306 4252 1347 4303 es,
1363 4235 1488 4308 ingratus
1506 4231 1611 4300 existis,
1628 4230 1760 4302 justitiam

114 4333 221 4392 cunque
245 4323 416 4392 machinaris,
439 4332 485 4381 aut
503 4326 582 4392 uelle,
597 4332 644 4382 aut
656 4326 787 4402 ignorare
805 4290 1025 4397 potest,'v010
1039 4348 1119 4407 quam
1135 4339 1262 4402 expertus
1287 4343 1342 4384 non
1366 4343 1407 4396 es,
1427 4340 1481 4383 non
1495 4324 1595 4382 metuis
1610 4347 1617 4397 3
1646 4323 1761 4394 ideoque

115 4409 551 4485 1111111οΡ111111011111111ιῦ113111
568 4415 685 4487 11111111
710 4415 824 4472 11111111
836 4416 906 4471 1111
960 4422 1090 4481 audacter
1109 4418 1257 4478 committis
1274 4415 1392 4490 culpam,
1407 4416 1440 4472 de
1464 4430 1518 4487 qua
1536 4412 1604 4470 falso
1628 4411 1677 4468 libi
1696 4425 1760 4482 pro·

113 4499 251 4574 Numquid
270 4510 358 4558 tutum
380 4512 406 4561 ei
420 4505 498 4571 scitu,
512 4513 540 4561 ei
558 4504 631 4562 nullu
652 4518 706 4560 11011
720 4503 839 4573 dubitus,
859 4503 907 4559 1111
959 4510 1046 4568 mittis
1060 4507 1265 4585 impunitatem:
1284 4507 1342 4578 jam
1355 4521 1418 4564 ecce
1430 4505 1535 4576 justum
1549 4501 1657 4570 senties,
1676 4516 1759 4572 quem

111 4602 166 4644 ¹¹⁰⁰
185 4590 403 4660 1)(1111111111111
417 4595 515 4663 llum?
537 4591 649 4650 111111
663 4592 716 4649 11111
730 4597 756 4648 11
771 4590 907 4648 1111111111
960 4597 1155 4669 bouum'nosti,
1171 4596 1271 4653 cadens
1284 4595 1438 4668 inioream,
1452 4609 1533 4667 quam
1547 4607 1626 4665 perus
1635 4590 1757 4647 auctori:

113 4700 176 4743 csse
203 4685 378 4757 dubitavcris,
408 4689 529 4746 dubitare
556 4695 584 4745 te
610 4703 664 4744 nnn
693 4686 854 4745 crediderim
873 4687 908 4744 dc
960 4692 991 4745 ut
1006 4686 1070 4744 dum
1085 4684 1186 4744 scilicet
1200 4683 1280 4739 talem
1307 4682 1334 4738 in
1360 4699 1421 4740 eum
1448 4699 1558 4757 poenam
1585 4677 1759 4748 machinaris,

26 4798 29 4802 ¹
112 4774 317 4849 omnipotentia,
332 4776 390 4835 sive
403 4777 437 4835 de
451 4775 726 4837 omnimodsscientia
741 4791 775 4833 uc
788 4775 909 4835 bonitate
961 4793 1015 4849 qua
1033 4785 1123 4833 tames
1145 4775 1231 4831 ualeat
1246 4787 1339 4829 carere
1354 4771 1378 4826 si
1392 4771 1466 4842 uelit,
1481 4770 1530 4827 sed
1556 4776 1585 4826 ut
1604 4775 1683 4842 putas
1705 4784 1760 4827 non

112 4864 275 4934 conditoris,
300 4866 348 4940 qui
374 4874 402 4923 te
430 4868 464 4925 de
481 4865 568 4923 nihilo
595 4867 692 4941 potuit,
712 4865 793 4923 talem
820 4865 908 4935 scivit,
960 4864 1146 4925 ralestselle:
1162 4862 1300 4920 etidoneo
1314 4876 1366 4917 nec
1380 4875 1471 4918 carere
1485 4857 1619 4932 cautique
1629 4858 1761 4927 bonitate,

116 4960 219 5011 mutum
238 4955 357 5013 condere
373 4953 467 5016 voluit.
489 4952 630 5024 Quomodo
649 4971 716 5030 ergo
738 4958 824 5014 Deum
843 4971 910 5013 con·
963 4972 1018 5030 qua
1032 4955 1168 5012 neminem
1181 4960 1309 5027 expertus
1326 4967 1356 5009 es
1370 4949 1445 5007 illum
1467 4948 1600 5024 punisse:
1619 4947 1699 5005 talem
1715 4949 1762 5020 ju-

113 5045 216 5102 sentire
230 5045 358 5114 estimas,
372 5047 445 5119 quod
460 5044 520 5102 fieri
532 5045 608 5115 nolit,
625 5061 657 5102 ac
670 5044 794 5103 refellere
803 5044 912 5117 possiti
964 5051 1026 5102 stus
1039 5044 1112 5102 Deus
1122 5041 1271 5116 justissime
1289 5040 1318 5098 in
1341 5048 1368 5098 te
1392 5044 1545 5110 oemrquest
1570 5051 1691 5108 poenam,
1716 5035 1763 5110 qui

114 5135 157 5190 An
178 5132 248 5192 iorte
267 5134 295 5190 in
317 5143 344 5193 te
363 5135 443 5193 uiden
470 5134 613 5208 compleri,
637 5135 692 5192 imo
709 5150 725 5190 a
744 5142 770 5190 te
797 5131 909 5202 initiari,
963 5150 1016 5191 nec
1029 5133 1110 5197 valet,
1131 5148 1182 5190 nec
1199 5130 1280 5187 debet
1301 5129 1356 5202 pati
1376 5144 1452 5184 suam
1479 5126 1589 5200 impune
1613 5123 1762 5182 bonitatem

116 5224 189 5296 quod
213 5232 324 5297 postte,
339 5232 366 5281 et
380 5241 428 5298 per
442 5233 468 5282 le
482 5225 550 5282 atui
565 5223 698 5282 similibus
716 5224 744 5280 iu
760 5221 840 5279 terris
854 5220 911 5277 ire·
965 5221 1069 5280 edendi
1084 5239 1091 5279 :
1109 5222 1148 5278 sic
1158 5221 1252 5294 utique
1265 5226 1418 5293 temperans
1427 5217 1454 5274 in
1468 5215 1587 5272 uindicta
1599 5212 1762 5271 sententiam

115 5322 272 5381 quentatum
293 5314 364 5371 solet
381 5313 529 5389 vulgariter
543 5315 609 5372 dicit
628 5333 635 5371 :
650 5313 774 5371 Privatus
786 5309 913 5369 domiuus
963 5321 1005 5381 ut,
1019 5309 1119 5370 si'veiis
1133 5311 1300 5383 resipiscere,
1314 5326 1368 5366 non
1381 5315 1461 5385 negat
1474 5304 1596 5374 ueniam}
1613 5303 1763 5362 secundum

114 5401 273 5459 temerarios
293 5403 380 5460 nutrit
402 5404 454 5474 (ni.
474 5404 538 5462 odd.
568 5402 732 5473 satellitem
754 5405 797 5459 bn
818 5399 913 5458 oculus
964 5409 1053 5460 umen
1067 5400 1194 5458 duritiam
1210 5409 1283 5456 tuam
1297 5407 1325 5456 et
1338 5414 1386 5456 cor
1399 5395 1582 5472 impenitens,
1602 5408 1657 5451 nou
1676 5392 1764 5466 possis

114 5497 180 5548 tuus
195 5506 311 5564 nequam
324 5498 377 5562 est,
390 5491 510 5565 quiaills
524 5493 633 5553 bonuti
647 5493 687 5552 uo
700 5492 781 5565 cujus
793 5491 913 5552 bonitate
964 5490 1045 5558 aelle,
1064 5498 1093 5548 et
1104 5487 1167 5547 ideo
1186 5504 1238 5547 neo
1247 5503 1327 5561 paena
1340 5501 1442 5545 carere
