3728 5940
101 204 171 268 1087
573 202 600 260 S.
617 198 783 262 llllllllhlllll
800 196 1265 273 tssssahsphtttmvnhhsstlsts
1432 218 1438 247 r
1678 191 1756 254 1088

99 349 163 391 nem
176 331 247 389 Celsi
262 349 270 387 :
287 331 336 387 sed
350 328 405 397 ille,
429 327 476 400 qui
490 342 571 383 omne
594 326 707 383 sublime
721 324 793 381 haud
818 339 897 381 secus
912 342 936 422 st
949 328 1071 400 quandiu
1086 329 1131 387 ille
1148 330 1290 387 incubator
1302 327 1379 391 vixit,
1398 343 1433 382 nc
1452 327 1503 381 hac
1522 339 1667 381 occasione
1681 339 1758 380 con-

99 437 182 495 quam
206 435 285 477 suum
313 415 492 490 praecipitium
523 415 685 482 declinabat,
714 415 815 470 bonam
844 413 895 468 sibi
950 416 1066 490 tingeret
1079 419 1148 476 mori
1163 434 1325 492 quemquam
1338 415 1547 487 exhis,quibus
1561 413 1646 470 vitam
1660 414 1757 485 magis

102 509 244 567 videbatur
265 514 360 563 nactus
384 504 555 562 occasionem
579 503 735 570 excusandi,
761 502 834 575 qued
848 518 896 572 per
949 505 1148 564 ministraturus
1171 505 1305 564 veniebat.
1330 507 1368 560 lta
1394 520 1445 576 per
1469 503 1596 558 biennum
1619 503 1700 573 (nam
1725 501 1754 558 id

47 650 50 655 ,
101 599 127 654 id
144 596 269 668 temporis
296 594 424 651 introitus
433 595 493 664 eius
508 593 637 666 pacificus
649 608 710 649 esse
724 607 778 647 non
794 603 895 663 posset.

102 686 238 741 instabant
253 693 306 739 tam
326 691 421 739 sancto
436 683 525 753 operi,
541 691 567 737 et
589 681 771 738 sollicitabant
786 695 895 750 omncs3

101 775 154 830 duo
173 771 344 844 potissimum
363 771 496 845 episcopi,
520 771 640 827 llalchus
663 780 690 825 et
707 768 896 826 Gillebertus:

100 876 216 935 quorum
230 861 305 932 prior
326 860 385 931 ipse
410 870 451 915 est
466 859 560 915 senior
585 858 779 926 lesmorensis,
795 857 828 912 da
842 871 897 927 quo

100 966 185 1024 supra
199 949 303 1006 mentio
326 949 398 1006 lacta
413 957 455 1005 est
467 950 546 1021 (Cap.
566 951 612 1020 ὓς
628 950 707 1014 alter,
722 962 803 1018 quem
822 945 898 1001 aiunt

101 1039 191 1112 prima
209 1038 327 1095 iunctum
348 1037 485 1109 legatione
499 1036 655 1108 apostolicae
670 1035 749 1093 Sedis
763 1051 811 1106 per
836 1033 897 1089 uni-

77 1180 80 1185 ,
100 1143 207 1185 versam
227 1120 390 1183 iliberriiam.
408 1124 460 1196 Qui
480 1125 652 1194 trenniojam
667 1126 781 1181 decurso
802 1124 828 1178 in
848 1124 899 1177 hac

949 595 1078 667 temporis
1092 597 1241 679 supervixit
1261 595 1317 665 ille)
1331 610 1416 668 agens
1429 600 1505 648 extra
1521 593 1626 658 urbem,
1637 597 1754 647 strenue

951 685 978 740 in
992 683 1120 743 universa
1135 684 1274 759 provincia
1283 699 1353 754 opus
1367 680 1524 754 episcopale
1542 680 1678 737 exercuit.

1252 851 1364 908 CAPUT
1384 850 1433 905 Xl.

952 992 1074 1051 Insidias
1084 995 1179 1052 evadit
1189 991 1526 1061 tneotumnmuctorttes
1535 990 1745 1064 molcpcrdttia

989 1131 1033 1183 22.
1049 1125 1099 1183 lllo
1114 1127 1194 1200 igitur
1208 1125 1291 1184 celari
1306 1132 1395 1180 morte
1419 1123 1490 1180 lacte
1514 1122 1665 1190 demedio,
1691 1141 1757 1180 rur·

102 1215 309 1287 praesumptione
332 1215 456 1271 llauricii
477 1223 504 1270 et
518 1213 660 1281 Malachiae
673 1210 898 1277 dissimulatione,
953 1231 1013 1271 sum
1028 1214 1152 1288 Nigellus
1166 1216 1286 1286 quidam,
1310 1213 1364 1268 imo
1379 1228 1441 1269 vere
1464 1210 1640 1284 nigerrimus,
1661 1213 1759 1270 sedem

102 1320 156 1361 non
171 1304 288 1361 terentes
308 1304 379 1358 ultra
396 1303 519 1360 ecclesiae
533 1302 711 1371 adulterium,
730 1301 901 1371 dedecusque
955 1303 1102 1375 preripuit.
1116 1305 1152 1360 Et
1173 1304 1200 1359 in
1224 1304 1276 1359 hoc
1299 1302 1396 1359 anixnae
1415 1316 1473 1356 snae
1499 1300 1644 1358 llauricius
1667 1302 1760 1360 adhuc

103 1393 212 1459 Christi,
228 1392 384 1449 convocatis
414 1392 551 1462 episcopis
577 1400 604 1445 et
628 1389 795 1461 principibus
810 1396 900 1454 terrae;
954 1390 1042 1449 669
1056 1392 1148 1448 virens
1163 1392 1327 1464 providerat,
1342 1398 1372 1446 ut
1386 1391 1458 1446 hunc
1471 1390 1584 1446 haberet
1599 1391 1757 1447 haeredern:

102 1497 157 1537 uno
181 1481 277 1552 spiritu
300 1481 399 1536 adeunt
423 1481 592 1544 Malachiam,
617 1479 705 1550 parati
723 1476 777 1536 tam
802 1476 901 1533 lacere.
956 1479 982 1536 in
1007 1481 1121 1553 quoqui
1143 1478 1455 1545 damnanduscxhibat,
1481 1479 1612 1551 operibus
1636 1481 1759 1549 adjicere

103 1571 138 1625 rit
152 1569 195 1625 illc
209 1584 324 1624 renuere
341 1569 473 1640 primum,
490 1566 656 1638 praetendere
676 1566 809 1636 siquidem
832 1565 902 1619 ditti-
955 1569 1132 1626 damnationis
1148 1568 1315 1641 persisteret.
1337 1568 1404 1623 Emt
1423 1567 1493 1623 enim
1509 1575 1536 1623 et
1549 1568 1607 1638 ipsa
1622 1583 1657 1623 ex
1679 1569 1760 1623 dam·

103 1659 229 1715 cultatem
252 1657 301 1723 rei,
317 1657 415 1712 nobilis
433 1655 508 1712 illius
534 1655 669 1727 prosapiae
693 1654 797 1709 multitu
808 1654 899 1717 linem,
956 1667 1017 1713 nata
1030 1659 1172 1729 progenie,
1187 1666 1318 1728 cognatus
1343 1655 1471 1710 ltatrricii.
1495 1655 1630 1712 Ceterum
1644 1658 1716 1726 licx,
1732 1666 1760 1713 ct

103 1746 299 1813 fortitudinem,
316 1745 514 1801 ambitionem:
531 1743 644 1799 multu-n
662 1759 724 1799 csse
740 1745 773 1799 ad
789 1760 818 1798 se
834 1758 901 1811 pau·
956 1747 1086 1819 episcopi,
1103 1755 1130 1801 ct
1145 1745 1239 1802 lirlcles
1261 1752 1340 1800 terra.
1364 1743 1540 1801 nihilominus
1557 1756 1759 1811 convenerunt,

103 1835 241 1907 pesculum
266 1849 406 1905 opponere
425 1851 453 1889 se
480 1841 528 1903 tot,
556 1833 647 1897 tantis,
675 1831 783 1895 talihu›‚
815 1831 903 1886 talitcr
958 1843 987 1891 ut
1002 1835 1207 1891 introducerent
1218 1833 1385 1890 Malachiam.
1402 1833 1435 1888 lit
1449 1847 1514 1888 ecce
1529 1832 1673 1889 consiliam
1698 1850 1757 1888 ma·

104 1922 241 1992 radicatis,
256 1923 303 1993 qui
314 1923 372 1992 jam
396 1937 484 1977 annos
499 1922 584 1978 terme
597 1921 728 1977 ducentos
742 1919 822 1992 quasi
843 1919 902 1974 hae-
957 1923 1115 1994 lignantium
1130 1941 1164 1979 ex
1178 1923 1304 1978 adverso.
1318 1921 1435 1991 Quidam
1449 1920 1557 1977 debliis
1571 1921 1654 1977 Belial
1669 1939 1761 1993 prom-

104 2011 221 2068 reditete
235 2011 421 2080 possedissent
436 2013 622 2065 sanctuarium
638 2010 695 2077 liei,
712 2016 740 2064 et
754 2024 825 2065 nunc
838 2022 905 2080 quo·
959 2019 1019 2085 ptus
1034 2012 1217 2079 udmalitiam,
1231 2011 1368 2085 potensin
1391 2010 1644 2081 iniquitate,.sciens
1667 2012 1761 2067 locum

104 2116 157 2173 que
167 2100 196 2154 id
207 2106 444 2171 praeoccupassent
456 2116 463 2153 ε
476 2113 528 2153 uon
539 2113 620 2169 posse
631 2097 693 2152 illos
703 2097 844 2168 extirpari,
856 2112 905 2153 nec
959 2102 1005 2157 ubi
1014 2103 1116 2172 pariter
1130 2101 1274 2159 convenire
1290 2099 1485 2165 decrevissent,
1496 2098 1586 2155 multis
1600 2101 1763 2173 aggregatis

105 2205 165 2245 cum
182 2187 315 2244 mortibus
328 2188 467 2243 hominum
482 2186 612 2260 quidem:
628 2201 677 2240 sua
692 2201 745 2241 nou
760 2187 903 2255 interesse,
958 2190 1018 2255 sibi,
1035 2191 1149 2246 latenter
1164 2189 1279 2245 ticinum
1302 2195 1417 2259 occupat
1440 2188 1538 2243 collem
1560 2188 1727 2244 eminentem
1748 2205 1764 2244 e

104 2276 180 2333 fundi
194 2275 343 2331 humanum
369 2275 526 2348 sanguinem
547 2274 692 2331 occasione
712 2274 754 2330 sui
775 2295 781 2331 :
799 2281 905 2345 postre-
959 2279 1069 2351 regione
1087 2296 1093 2332 :
1109 2278 1181 2334 uude
1195 2278 1250 2333 illis
1264 2276 1438 2334 tractantibus
1461 2276 1523 2343 alia,
1548 2277 1689 2348 repentino
1707 2277 1763 2331 im-

106 2380 151 2421 mo
169 2367 292 2437 junctum
311 2380 341 2421 se
361 2379 468 2436 sponsae
488 2363 575 2431 alteri,
597 2378 679 2434 quam
699 2362 833 2418 dimittere
852 2377 906 2416 uon
958 2377 1023 2439 petu
1038 2383 1120 2439 super
1135 2367 1258 2422 incautos
1270 2366 1417 2431 irruerent,
1433 2372 1459 2420 ct
1478 2364 1662 2421 interficerent
1675 2365 1761 2420 inno·

107 2455 208 2510 liceret.
958 2463 1059 2511 centes.
1076 2455 1259 2511 condixerant
1272 2453 1344 2510 enim
1355 2453 1436 2509 ctiam
1450 2454 1616 2524 Regemcum
1625 2452 1764 2522 episeopo

143 2546 187 2598 at.
209 2541 308 2599 Verum
332 2540 385 2597 illis
402 2540 567 2598 econtrario
592 2540 766 2609 instantibus,
798 2546 823 2594 et
847 2539 905 2595 cla·
959 2544 1102 2612 trucidare,
1128 2553 1229 2599 utnon
1254 2552 1326 2598 esset
1354 2541 1401 2614 qui
1425 2542 1567 2597 vindicaret
1590 2541 1760 2612 sanguinem

108 2631 256 2698 mantibus,
272 2629 336 2700 quia
351 2630 493 2686 aDomino
508 2645 596 2684 sermo
606 2645 733 2701 egressus
744 2642 802 2694 cst3
819 2629 865 2683 scd
881 2633 907 2683 et
957 2633 1073 2702 justum.
1089 2634 1142 2689 lies
1152 2632 1270 2688 innotuit
1292 2630 1439 2697 Malachiae,
1459 2640 1486 2685 et
1496 2629 1598 2683 intrans
1612 2627 1763 2683 ecelesiam

109 2726 166 2776 tota
182 2719 342 2775 auctoritate
355 2718 513 2790 jubentibus
529 2718 620 2773 subire
636 2733 714 2784 eune,
731 2727 811 2788 atque
822 2716 908 2772 intca-
959 2721 1116 2792 (eratenim
1133 2724 1230 2793 prope)
1246 2719 1355 2776 elevatis
1370 2718 1496 2774 manibus
1509 2717 1593 2774 oravit
1612 2716 1648 2770 ad
1660 2716 1764 2771 batrui-

110 2808 228 2864 tantibus
251 2808 418 2863 anathema:
438 2807 507 2862 add
528 2814 649 2873 mortem,
669 2825 682 2857 a
705 2806 791 2878 iuquit
809 2828 819 2854 r
836 2803 908 2861 duci-
961 2827 1028 2866 num
1042 2819 1069 2866 et
1082 2827 1144 2866 cccc
1159 2812 1244 2864 nubes
1258 2816 1284 2866 et
1298 2808 1395 2877 caligo,
1414 2809 1505 2862 sedet
1523 2807 1669 2861 tenebrosa
1691 2821 1765 2871 aqua

112 2897 191 2951 tismc
208 2913 216 2950 ε
232 2897 279 2951 sed
295 2895 390 2951 obedio
406 2911 454 2968 spe
479 2895 611 2966 martyrii,
635 2896 686 2950 bac
703 2905 793 2951 tamen
807 2893 906 2953 coadi-
965 2899 992 2953 iu
1007 2900 1126 2955 nubibus
1140 2898 1219 2965 aeria,
1234 2897 1305 2953 diem
1321 2903 1457 2952 verterunt
1472 2896 1498 2949 in
1514 2902 1629 2951 noctem.
1644 2893 1765 2966 Fulgura

112 2987 193 3050 tione,
209 2995 239 3040 ut
253 2985 277 3040 si
287 2984 367 3053 juxta
382 2983 464 3040 fidem
477 2991 593 3041 vestram
613 2999 657 3038 res
672 2984 699 3038 in
718 2983 813 3038 melius
826 2983 912 3049 cedat,
929 2973 952 3052 Β
969 3000 1113 3061 quoquest
1124 2980 1760 3054 seminarethorribilesspiritusprocellarum,

110 3081 138 3128 et
152 3073 269 3129 vindi-et
282 3073 333 3128 sibi
349 3074 421 3129 Deus
440 3088 517 3129 suam
541 3072 725 3129 haereditatem
741 3089 757 3127 a
775 3071 906 3141 diripien-

959 3075 1031 3133 dicm
1048 3076 1172 3131 ultimum
1188 3075 1355 3140 minitantur,
1373 3072 1543 3144 vicinamque
1564 3072 1700 3127 elementa
1715 3069 1761 3124 in-

110 3162 184 3219 tibus
197 3177 266 3232 eam,
285 3173 348 3218 tunc
367 3163 475 3218 dmum
498 3162 624 3218 omnibus
649 3161 855 3227 consummatis,
882 3167 909 3214 et
961 3171 1063 3221 tentant
1076 3163 1167 3220 omnia
1183 3175 1309 3219 mortem.

110 3251 232 3307 Ecclesia
244 3266 339 3320 pacem
355 3252 481 3318 hancntc,
492 3250 569 3305 liceat
583 3249 650 3304 mihi
660 3250 748 3306 redire
772 3249 804 3303 ad
834 3248 908 3321 prio·

112 3355 169 3394 rem
192 3354 321 3410 sponsam
346 3355 443 3404 meam,
471 3346 499 3394 et
518 3338 642 3404 anneam,
666 3338 700 3392 de
728 3353 782 3407 qua
805 3337 908 3409 rapior,

111 3441 210 3497 pauper
218 3433 319 3491 tatcm;
336 3437 362 3480 et
376 3442 424 3495 pro
439 3442 482 3482 me
497 3424 551 3482 illic
572 3425 654 3480 alium
673 3425 847 3492 substituere,
862 3425 907 3495 qui

111 3523 175 3570 tuuc
198 3512 267 3569 forte
292 3523 416 3585 repertus
439 3513 791 3581 inconstantinam,
815 3514 907 3585 lector,

112 3603 235 3660 virtutem
259 3602 321 3670 viri,
347 3611 373 3659 et
411 3602 493 3658 animi
522 3603 676 3675 puritatem,
705 3618 755 3659 uec
777 3602 908 3659 honorem

112 3692 216 3748 scilicet
246 3691 408 3757 affectantis,
432 3708 481 3749 nec
513 3691 683 3748 formidantis
712 3700 828 3748 mertem
858 3707 909 3762 pro

112 3781 210 3836 Christi
224 3781 343 3837 nomine.
360 3780 431 3851 Quid
444 3784 493 3838 boc
507 3780 597 3837 anime
617 3781 723 3853 purius,
742 3781 840 3854 quidve
854 3780 910 3836 lor-

113 3868 176 3933 tius,
193 3878 223 3924 ut
237 3885 267 3924 sc
280 3885 420 3941 exponens
429 3871 549 3941 periculo
560 3878 587 3925 et
600 3870 685 3925 labori
705 3871 779 3924 alteri
791 3869 909 3926 fructum

112 3957 200 4023 cedat,
220 3957 305 4028 ipsam
326 3957 353 4012 in
371 3957 431 4015 loeo
455 3959 620 4030 principatus
633 3958 806 4015 securitatem
820 3966 846 4013 et
859 3973 909 4026 pa-

113 4047 195 4103 cem?
210 4047 282 4104 Facit
301 4048 438 4113 boccum
454 4047 572 4102 liberum
585 4046 637 4102 sibi
651 4062 684 4103 cx
713 4056 792 4118 pacto
811 4046 912 4102 retinet

113 4136 227 4191 reditum
242 4135 276 4190 ad
289 4143 477 4206 paupertatem
490 4155 497 4204 ;
520 4150 585 4205 pace
609 4144 637 4191 et
649 4135 772 4191 libertate
783 4134 912 4191 Ecclesia

997 3256 1041 3308 2³.
1070 3252 1104 3308 lit
1131 3262 1160 3307 ut
1185 3250 1264 3314 scias,
1290 3251 1383 3316 lector,
1414 3249 1486 3321 quod
1511 3247 1598 3303 oratio
1627 3246 1764 3302 blalachiae

962 3339 1131 3398 concusserit
1156 3339 1308 3404 elementn3
1333 3338 1407 3393 solos
1430 3336 1572 3406 intercepit
1597 3344 1762 3407 tempestas,

962 3429 1008 3501 qui
1023 3426 1181 3501 quaerebant
1195 3426 1311 3480 animam
1325 3427 1405 3495 ejus,
1423 3425 1497 3479 solos
1507 3424 1590 3479 turbo
1605 3425 1765 3479 tenebrosus

961 3516 1082 3582 involvit,
1097 3515 1144 3587 qui
1158 3522 1317 3586 paraverant
1331 3529 1416 3585 opera
1429 3512 1615 3569 tenebrarum.
1640 3510 1766 3584 lienique

961 3604 1029 3679 ipse,
1045 3605 1091 3677 qui
1106 3604 1235 3677 princeps
1248 3602 1390 3679 exstiterat
1399 3602 1465 3659 tanti
1483 3600 1558 3671 mali,
1574 3599 1689 3655 fulmine
1704 3616 1767 3672 pcr-

962 3709 1058 3749 cussus
1075 3691 1180 3749 interiit
1193 3708 1256 3748 cum
1272 3692 1362 3751 tntu
1375 3692 1435 3747 aliis
1453 3709 1459 3747 ι
1476 3696 1504 3745 et
1528 3689 1606 3745 inere
1624 3697 1770 3745 consortes

962 3783 1066 3850 mortis,
1083 3784 1128 3853 qui
1147 3780 1257 3836 lucrant
1272 3778 1420 3853 participes
1441 3777 1564 3835 sceleris.
1580 3777 1710 3847 Quorum
1725 3794 1770 3833 se·

962 3871 1054 3946 quenti
1066 3871 1111 3925 die
1124 3871 1229 3925 iuventa
1253 3877 1316 3924 sunt
1331 3883 1447 3941 corpora
1471 3866 1611 3934 semiusta,
1626 3875 1656 3922 et
1678 3868 1769 3937 putri-

963 3960 1007 4028 da,
1024 3958 1152 4014 haerentia
1167 3958 1249 4012 ramis
1263 3958 1403 4025 arborum,
1420 3956 1466 4011 ubi
1491 3970 1628 4026 quemque
1653 3956 1772 4027 spiritus

965 4050 1074 4105 elevans
1089 4045 1221 4103 allisisset.
1238 4046 1291 4102 dlii
1304 4062 1414 4118 quoquc
1439 4053 1495 4100 tres
1517 4042 1641 4099 semivivi
1666 4044 1772 4101 inventi

967 4145 1053 4193 sunt:
1078 4134 1170 4192 caeteri
1193 4151 1289 4191 omnes
1313 4134 1523 4206 circumquaque
1545 4131 1676 4202 dispersi.
1708 4132 1772 4189 illos

114 4224 248 4282 restituta.
270 4220 473 4293 spondentibus
497 4224 561 4289 illia,
579 4223 689 4280 demum
704 4224 838 4296 acquievit
861 4239 910 4277 vo·
927 4229 1056 4309 nantem
1081 4224 1203 4297 quicum
1227 4223 1359 4280 hainonia
1372 4232 1457 4288 erant,
1482 4220 1604 4292 quamvis
1628 4222 1772 4293 proximos

115 4312 209 4369 luntati
229 4327 335 4380 eorum,
351 4313 393 4369 vel
411 4312 502 4384 potius
524 4313 585 4379 Dei,
602 4329 617 4368 a
635 4313 757 4385 quesibi
775 4314 831 4383 jam
846 4313 909 4367 olim

115 4410 309 4472 praeostensum
324 4401 530 4466 recordabatur,
547 4405 619 4473 quod
642 4401 677 4458 de
689 4420 717 4459 sc
732 4403 813 4458 niodo
832 4400 910 4457 dolc-

114 4492 159 4547 bat
174 4487 354 4563 [attolebat]
379 4489 448 4547 lieri.
464 4489 566 4561 Nempe
578 4492 637 4561 jam
659 4497 811 4563 aegrotame
825 4489 911 4556 Celso,

115 4579 243 4650 apparuit
260 4577 407 4647 llilachiae,
434 4589 460 4634 ct
477 4578 577 4649 quiden
598 4580 688 4654 longe,
700 4579 791 4649 posito
806 4586 833 4635 et
847 4593 907 4633 nes·

115 4666 210 4736 clenti,
224 4666 325 4723 mulier
340 4681 458 4737 precerae
474 4675 584 4724 staturae
604 4675 630 4724 ct
645 4668 786 4725 reverendi
811 4665 910 4720 vultus.

116 4756 290 4812 percontanti
306 4772 431 4828 quaenam
446 4763 527 4824 essct,
544 4771 705 4829 responsum
717 4763 759 4811 cst
769 4770 829 4811 esse
842 4770 912 4809 uxo·

116 4862 173 4902 rem
183 4844 264 4901 Celsi.
281 4844 349 4915 Quae
358 4848 468 4901 tradens
481 4846 506 4900 ei
522 4845 628 4919 virgam
643 4846 816 4917 pastoralem,
831 4858 912 4914 quam

117 4950 200 4991 mauu
223 4936 341 5003 tenebat,
365 4934 511 5005 disparuit.
537 4933 634 4991 Paucis
659 4933 783 4990 decursis
805 4933 912 4997 diebus,

116 5024 212 5080 Celsus
226 5023 344 5079 moriens
358 5023 430 5079 misit
444 5023 569 5080 baculum
585 5039 665 5077 suum
683 5022 833 5093 blalachiae,
856 5033 913 5078 tarr·

118 5128 200 5184 quam
214 5112 265 5168 sibi
276 5127 435 5169 successuro
451 5131 458 5168 ε
474 5127 554 5184 quern
571 5120 599 5167 ut
616 5111 691 5179 vidit,
704 5114 813 5183 agnovit
825 5110 914 5182 ipsum

118 5216 188 5272 esse,
209 5218 290 5275 quern
314 5202 430 5259 viderat.
450 5201 539 5271 liujus
553 5201 688 5272 praecipue
706 5199 860 5258 recordatio
874 5199 914 5252 ri·

119 5290 202 5346 sionis
216 5293 310 5347 terruit
320 5290 475 5346 Malachiam
489 5309 495 5346 :
511 5307 551 5361 nc,
561 5292 584 5345 si
596 5291 681 5362 (qnod
691 5290 738 5346 diu
754 5291 820 5345 satis
832 5287 915 5344 dissi·

119 5377 248 5450 mulctat)
271 5379 341 5436 ultra
356 5387 491 5445 renueret,
508 5380 607 5437 divinae
623 5381 679 5450 jam
695 5378 832 5437 videretur
846 5377 915 5432 resi·

120 5473 194 5525 aurs
207 5466 347 5525 voluntati.
367 5466 560 5528 Verumtamen
574 5468 709 5526 civitatem
729 5482 784 5523 uon
799 5464 916 5529 intravit,

967 4315 1037 4382 loco,
1054 4320 1202 4385 tempestas
1216 4312 1328 4368 omnino
1345 4328 1398 4367 non
1423 4311 1519 4383 tetigit,
1544 4326 1595 4365 nec
1618 4310 1772 4383 quidquam

965 4401 1095 4459 molestiae
1111 4400 1212 4457 intulit.
1229 4403 1258 4456 ln
1274 4401 1346 4457 laeto
1362 4401 1414 4457 isto
1429 4415 1522 4456 recens
1545 4399 1671 4471 capimus
1693 4415 1774 4472 expe·

966 4491 1109 4547 rimentum
1119 4489 1241 4546 veritatis
1253 4489 1330 4546 terbi
1343 4488 1426 4559 illius,
1441 4489 1504 4560 quia
1519 4488 1612 4547 oratio
1631 4490 1713 4558 justa
1727 4504 1774 4561 pe·

967 4584 1064 4638 nctrnt
1078 4580 1160 4636 coelos
1176 4580 1273 4642 (dccli.
1292 4593 1378 4643 xxxv,
1394 4578 1451 4650 st).
1466 4577 1520 4633 Sed
1535 4588 1561 4631 et
1574 4592 1678 4631 novum
1700 4577 1774 4632 anti-

966 4670 1012 4742 qui
1028 4668 1181 4739 exemplum
1196 4667 1332 4733 miraculi,
1352 4682 1407 4738 quo
1417 4665 1483 4722 olim
1497 4673 1553 4720 tota
1567 4664 1686 4738 AEgypto
1707 4681 1774 4723 ver·

969 4757 1085 4814 sanleia
1112 4756 1239 4825 tenebris,
1255 4756 1328 4812 solus
1342 4755 1425 4811 lsrael
1440 4755 1466 4809 iu
1481 4754 1582 4810 lumine
1596 4754 1706 4819 mansit,
1727 4754 1775 4809 di-

969 4855 1045 4903 cente
1064 4846 1224 4918 scriptum:
1243 4845 1402 4916 llbt'ccaqcc
1426 4845 1511 4900 lsrael
1534 4847 1607 4906 crat,
1626 4845 1681 4900 lae·
1706 4848 1775 4901 erat

969 4935 1068 5006 (harod.
1091 4950 1121 5001 x,
1138 4934 1194 5005 23).
1210 4934 1268 4991 iluc
1292 4933 1356 4989 mihi
1371 4930 1489 4990 occurrit
1511 4941 1538 4987 et
1561 4931 1662 4987 tactum
1687 4931 1775 4988 macti

967 5024 1042 5090 Elisa,
1057 5039 1130 5079 nunc
1143 5023 1252 5096 quidem
1267 5024 1301 5078 ab
1316 5020 1443 5078 extremis
1457 5029 1538 5076 terrae
1556 5019 1642 5074 nubes
1667 5027 1695 5075 et
1710 5020 1776 5090 plu·

970 5114 1026 5169 vias
1041 5111 1180 5169 educentis
1193 5113 1246 5183 (ill
1259 5115 1322 5184 llep.
1343 5125 1424 5178 xvru,
1440 5111 1496 5178 id),
1513 5124 1585 5167 nunc
1598 5121 1666 5163 vcro
1691 5124 1777 5180 super

970 5202 1140 5274 blasphemos
1153 5200 1291 5257 evocantis
1305 5199 1394 5271 ignem
1405 5199 1441 5254 de
1454 5197 1525 5255 coela
1538 5197 1587 5268 (W
1597 5199 1661 5266 neq.
1676 5213 1698 5260 ι,
1716 5199 1775 5263 to).

971 5292 1004 5347 Et
1018 5296 1098 5348 modo
1112 5293 1146 5346 rle
1160 5288 1243 5346 simili
1256 5289 1416 5347 clarificatus
1430 5296 1473 5343 est
1486 5288 1558 5343 Deus
1573 5286 1599 5339 iu
1615 5300 1699 5341 servo
1724 5302 1777 5340 suo

971 5380 1112 5437 llalachia.
