3728 5940
66 218 68 223 ·
118 179 188 244 1105
775 188 850 250 vlla
868 189 897 250 S.
916 188 1104 251 mmafllb.
1700 185 1772 252 1¹⁰0

66 376 70 401 ἱ
115 306 150 361 ab
181 306 244 363 olim
265 306 379 365 fecunda
407 309 535 385 piscium3
560 324 586 369 et
609 329 684 370 mare
707 315 744 371 ibi
771 315 912 388 piscosum
930 330 953 408 fl
968 314 1014 396 die
1027 314 1186 383 confudisti,
1197 315 1329 371 adversus
1345 313 1470 386 proiecto
1485 314 1630 369 veritatem
1651 313 1767 377 locutus,

115 394 202 451 valde.
226 396 357 466 Peccatis,
387 405 417 455 ut
434 400 562 471 creditur,
588 403 764 460 habitantium
786 405 912 474 adempta
972 412 999 458 at
1013 412 1106 461 eontra
1121 413 1194 459 tuam
1209 405 1295 474 ipsius
1312 402 1516 459 conscientiam.
1544 424 1556 449 ι
1580 401 1694 458 bloestus
1709 401 1768 458 lla·

96 484 194 555 'copia
220 486 309 552 solita,
325 503 387 559 quae
423 490 524 547 multos
547 491 663 549 habebat
677 491 758 564 lilios,
781 493 917 550 infirmata
972 493 1072 549 lacbias
1096 508 1145 562 pro
1169 493 1279 548 bomine
1295 493 1334 548 sic
1358 492 1494 557 indurato,
1519 488 1566 544 sed
1591 488 1681 561 magis
1706 487 1769 545 lidei

116 581 169 641 est,
184 578 211 629 el
239 586 342 631 etanta
358 575 476 634 lunditus
500 580 542 636 sui
559 582 750 639 commoditate
774 583 914 642 emarcuit.
971 581 1065 636 dolena
1080 580 1215 651 injuriam,
1232 581 1329 637 timeus
1348 578 1508 652 perieulum,
1534 577 1674 633 ecclesiam
1698 592 1771 632 con·

116 663 278 722 Dolentibus
291 667 398 736 accolis,
415 677 442 724 et
454 671 587 738 iacturam
598 688 706 746 gravem
722 671 829 743 populis
844 688 916 744 agre
969 679 1046 725 vocat
1066 678 1224 726 :errantem
1249 668 1354 738 publice
1373 667 1472 740 arguit,
1493 666 1601 736 publice
1624 673 1716 720 mouet
1739 672 1771 720 ut

116 751 275 819 terentibus,
292 755 441 810 revelatum
466 765 506 811 est
524 759 633 814 cuidam
657 761 775 831 mulieri,
791 761 915 834 precibus
966 757 1113 827 resipiscat.
1130 758 1310 814 Suadentibus
1330 759 1381 814 hoc
1395 757 1484 826 ipsum
1498 754 1637 828 episcopis
1652 762 1680 809 et
1700 752 1769 808 uni·

116 839 255 896 blalacbiae
277 857 357 913 pose
380 843 472 900 alierri
495 846 642 905 remedium
667 849 775 921 :idque
797 849 914 911 innotuit
967 860 1046 902 verso
1073 847 1166 915 clero,
1194 863 1255 903 cunr
1293 862 1347 902 non
1374 843 1577 917 acquiesceret,
1610 840 1769 901 contumaci

115 929 252 996 omnibus,
267 929 328 1002 ipsa
352 935 493 1002 prodente.
520 936 593 991 Nutu
616 938 663 993 Dei
686 937 799 1012 contigit
818 939 913 994 adesse
963 936 1107 991 anathema
1127 936 1228 1002 dicunt,
1254 935 1407 991 haereticum
1428 940 1617 1004 protestantes.
1647 933 1702 987 Nec
1727 931 1768 986 sic

114 1016 282 1074 Malachiam.
308 1020 378 1074 Dum
400 1022 471 1076 enim
490 1022 628 1093 circuiret,
644 1034 671 1081 et
684 1026 801 1098 repleret
824 1028 913 1082 Euan·
963 1023 1117 1095 evigilans:
1138 1023 1279 1093 «Omnes,
1302 1023 1428 1094 aiuqrrit,
1448 1042 1460 1074 ι
1481 1020 1577 1076 lavetis
1592 1019 1695 1076 bomini
1711 1035 1765 1090 po·

115 1105 187 1176 gelio
210 1107 359 1179 regionem,
386 1110 493 1166 divertit
516 1113 588 1179 illuc,
605 1124 634 1170 ut
653 1122 680 1171 et
698 1115 764 1186 ipsis
787 1115 909 1172 eamdem
962 1112 1097 1183 tiusquam
1108 1113 1230 1182 veritati;
1248 1127 1300 1186 ego
1316 1127 1460 1182 personatu
1477 1126 1530 1165 non
1544 1108 1657 1176 accipio,
1669 1116 1699 1164 ut
1713 1111 1763 1165 de-

115 1197 228 1262 gratiam
250 1197 409 1264 impertiret.
435 1201 470 1255 At
493 1202 612 1269 barbari,
628 1204 728 1276 quibus
750 1212 808 1260 erat
822 1205 911 1274 major
961 1216 1049 1256 seram
1063 1202 1215 1257 veritatem.
1236 1223 1247 1250 ι
1271 1201 1309 1257 ad
1326 1202 1377 1257 boc
1400 1200 1515 1256 verbum
1537 1197 1763 1254 substomachans

113 1297 178 1338 cura
190 1283 224 1339 de
243 1285 372 1354 piscibus,
388 1289 461 1343 omrai
486 1289 610 1347 instantia
624 1293 752 1364 flagitant,
767 1303 797 1348 ut
820 1293 910 1364 potius
959 1296 1069 1344 sanctus
1085 1308 1091 1346 :
1111 1312 1123 1337 ι
1140 1290 1279 1355 Dominus,
1291 1290 1388 1360 inquit,
1408 1310 1419 1339 ‹
1437 1288 1513 1343 lateri
1528 1296 1554 1342 te
1567 1287 1709 1342 veritatem
1720 1285 1762 1340 ia·

113 1372 248 1444 respicere
268 1373 343 1448 digni
354 1382 397 1431 tur
420 1394 505 1449 super
526 1381 692 1436 sterilitatem
716 1383 811 1438 insulae
839 1399 908 1439 suae.
959 1377 1012 1433 aiat
1027 1377 1067 1434 rel
1081 1395 1114 1434 ex
1127 1377 1300 1434 necessitate.
1316 1397 1327 1429 a
1341 1376 1401 1444 Quo
1414 1375 1604 1446 respondente,
1618 1397 1629 1424 ι
1642 1375 1757 1439 Ameana

112 1460 165 1528 Qui
188 1477 250 1517 cum
275 1465 452 1534 responderet
475 1482 505 1523 se
520 1468 632 1532 minime
652 1469 687 1525 ad
713 1471 766 1527 hue
788 1470 907 1540 venisse,
960 1465 1074 1521 soluitur
1092 1473 1249 1521 conventus.
1266 1466 1322 1520 Tali
1337 1465 1382 1520 ille
1396 1465 1502 1519 inustus
1522 1463 1650 1529 cauterio,
1667 1461 1759 1534 lugam

112 1548 199 1606 882
223 1551 363 1609 bominum
386 1555 484 1625 magis,
510 1573 589 1628 quam
614 1557 727 1625 piscium
751 1559 907 1615 desiderare
962 1554 1114 1620 meditatur,
1129 1553 1237 1608 infamis
1252 1563 1334 1624 atque
1357 1553 1507 1608 inhonoros
1531 1551 1588 1607 lore
1608 1566 1662 1605 uon
1678 1551 1759 1605 susti-

112 1649 266 1711 capturam3
292 1641 385 1698 ridens
400 1653 487 1699 tamen
516 1645 596 1702 fidam
611 1663 716 1715 eorum,
732 1647 807 1702 flexis
820 1647 847 1702 in
862 1649 907 1703 tir.
962 1655 1039 1696 nens.
1056 1643 1090 1696 Et
1105 1642 1232 1697 continuo
1249 1658 1297 1697 sna
1313 1640 1408 1698 tollens
1422 1640 1521 1705 exibat,
1541 1654 1603 1694 curn
1618 1654 1681 1694 ecce
1699 1639 1760 1692 sub-

113 1737 169 1783 tere
183 1729 307 1801 genibus,
324 1733 409 1786 orarit
424 1732 458 1785 ad
473 1733 628 1801 bominum,
645 1745 684 1801 ut,
701 1736 764 1792 lieet
778 1736 906 1810 indignis,
962 1729 998 1785 ita
1023 1739 1161 1800 correptus
1185 1729 1348 1798 infirmitate,
1373 1729 1442 1784 sistit
1465 1728 1589 1800 gradum,
1604 1727 1760 1796 viribusque

111 1816 245 1873 indultum
260 1817 324 1873 olim
334 1817 495 1875 beneficium
511 1821 645 1879 tantalide
660 1825 843 1892 repetentibus
852 1841 906 1880 uon

110 1916 228 1972 negaret.
253 1906 384 1962 Ascendit
403 1909 500 1978 oratio,
521 1911 641 1966 ascendit
662 1920 689 1965 et
705 1909 817 1981 piscium
838 1915 906 1968 mul-

106 1992 207 2061 titudo,
233 2002 261 2048 et
282 1992 351 2050 lorta
376 1995 499 2060 uberior,
513 2011 594 2068 quam
617 1999 645 2053 in
659 1998 754 2055 diebus
776 1999 903 2072 antiquis,

103 2089 133 2134 et
143 2079 201 2149 ipsa
215 2081 317 2154 populo
328 2089 404 2136 terrae
416 2097 594 2151 perseverans
604 2101 690 2157 usque
706 2086 733 2140 iu
743 2087 903 2142 hodiernum

100 2168 186 2223 diem.
212 2165 284 2238 Quid
306 2168 414 2239 mirum,
439 2171 463 2227 si
485 2172 571 2228 oratio
590 2173 668 2242 iusti,
690 2190 751 2245 quae
779 2184 902 2247 penetrat

99 2258 198 2322 coelos,
222 2262 373 2327 penetravit
396 2260 517 2333 abyssos,
542 2270 569 2317 et
596 2262 631 2319 de
661 2263 796 2335 prolundo
819 2265 902 2320 maris

101 2354 190 2401 tantm
204 2345 318 2416 piscium
333 2349 425 2418 copias
440 2349 584 2406 euocauit‘.t

138 2437 182 2489 56.
208 2434 344 2492 Venerunt
365 2435 512 2508 aliquando
534 2449 587 2496 tres
609 2441 730 2512 episcopi
756 2441 784 2497 in
810 2441 900 2498 villam

102 2521 548 2598 Fecbart1ol.Focbautl,quem
576 2529 667 2585 dicunt
690 2529 781 2586 locum
806 2529 900 2585 nativi·

100 2610 164 2666 tatis
189 2612 305 2686 Briqidae
328 2612 462 2684 virginis:
485 2624 512 2671 et
534 2625 645 2690 quartus
666 2626 724 2673 erat
745 2617 898 2675 Malachiae.

102 2699 145 2756 Ad
169 2717 250 2772 quem
270 2701 409 2771 presbyter
435 2703 480 2775 qui
504 2704 623 2774 hospitio
652 2715 809 2776 susceperat
829 2721 896 2763 eos:

104 2810 117 2839 ι
141 2788 210 2858 Quid
221 2789 327 2858 laciam,
348 2791 492 2863 »inquit«
514 2794 584 2864 quod
597 2793 686 2864 pisces
697 2810 750 2851 non
760 2794 865 2852 babeo?
883 2816 896 2848 e

959 1817 1098 1886 delicians,
1115 1818 1212 1874 eodem
1227 1819 1287 1874 loco
1300 1819 1381 1888 jactat
1396 1834 1426 1874 aa
1446 1832 1527 1888 super
1541 1817 1631 1871 solum
1646 1815 1759 1870 anbelus

960 1913 988 1961 et
1002 1906 1100 1961 lessus.
1116 1907 1196 1963 Forte
1210 1906 1331 1963 incidens
1353 1907 1380 1962 iu
1403 1905 1430 1961 id
1446 1905 1498 1961 loci
1521 1902 1698 1976 vagabundus
1713 1903 1758 1956 in-

958 2010 1040 2049 sanus
1058 1995 1178 2067 quidam,
1195 1995 1307 2050 oil'endit
1322 1992 1470 2059 bominem,
1490 1993 1618 2067 quidnam
1632 1991 1681 2047 ibit
1696 2000 1758 2065 agat

959 2093 1141 2154 percontatur.
1158 2083 1314 2154 Respondet
1335 2084 1459 2156 gravies
1480 2081 1635 2136 infirmitate
1660 2080 1754 2145 teneri,

957 2179 984 2226 et
997 2187 1086 2244 neque
1101 2154 1257 2244 procedere,
1270 2188 1357 2243 neque
1372 2171 1461 2228 redire
1475 2172 1620 2226 valentem.
1636 2170 1668 2223 lit
1686 2167 1730 2223 ille
1747 2189 1753 2224 :

958 2259 1192 2316 «infirmitatista
1217 2261 1286 2316 baud
1311 2261 1404 2324 alia‚»
1432 2259 1558 2330 inquit·
1585 2272 1667 2329 quam
1696 2256 1755 2324 ipsa

956 2364 1030 2405 mors
1042 2358 1095 2405 est.
1118 2349 1205 2404 »lloc
1218 2358 1306 2403 autem
1330 2365 1384 2402 non
1404 2347 1500 2403 dixita
1521 2345 1685 2414 semetips03
1705 2343 1753 2398 sed

955 2438 1066 2510 putcltre
1082 2438 1216 2493 Dominus
1225 2453 1276 2509 per
1295 2438 1422 2491 insanum
1445 2434 1577 2505 corripuit
1608 2449 1681 2498 eum,
1705 2432 1752 2504 qui

954 2527 1029 2583 sanis
1052 2526 1224 2598 acquiescere
1250 2527 1336 2582 noluit
1363 2524 1482 2581 consiliis
1516 2532 1695 2579 sensatorum.
1719 2521 1752 2576 Et

954 2615 1027 2671 addit
1043 2633 1049 2670 :
1068 2635 1081 2666 a
1097 2617 1243 2672 devertere
1259 2616 1380 2681 domum,
1397 2629 1450 2688 ego
1466 2621 1491 2669 te
1504 2613 1615 2683 jurabo.
1635 2634 1646 2661 ι
1663 2610 1750 2666 Deni-

953 2720 1006 2776 que
1022 2705 1082 2777 ipso
1097 2703 1165 2760 duce
1179 2704 1323 2761 revertitur
1336 2703 1363 2757 in
1386 2703 1521 2760 ciuitatem
1534 2720 1540 2772 3
1565 2699 1633 2757 redit
1646 2700 1680 2754 ad
1693 2715 1749 2766 cor,

954 2805 980 2849 et
1002 2794 1036 2847 ad
1055 2793 1266 2849 misericordiam
1292 2793 1411 2847 Domini.
1435 2791 1536 2847 Eadem
1561 2791 1627 2844 liora
1650 2789 1752 2844 accitur

102 2877 166 2942 Quo
176 2878 369 2948 respondente,
380 2888 550 2951 utquaereret
560 2896 575 2935 a
587 2883 762 2952 piscatoribus
775 2901 781 2937 :
796 2905 809 2932 ι
825 2884 900 2939 Bien-
915 2882 936 2962 c
952 2880 1102 2953 Episcopus
1117 2882 1274 2953 agnoscitur
1296 2880 1406 2945 veritas,
1423 2879 1550 2949 abjicitur
1573 2895 1659 2933 error.
1677 2878 1752 2932 Con·

102 2968 176 3020 nium
201 2974 252 3030 est,
272 2986 284 3017 a
308 2968 356 3037 ait,
374 2988 387 3020 «
407 2969 479 3040 quod
503 2986 559 3024 nou
578 2970 749 3026 inveniuntur
769 2972 858 3044 pisces
871 2973 897 3028 iu

954 2969 1042 3024 lessus
1057 2977 1160 3025 reatum
1177 2968 1340 3032 absolvitur,
1358 2968 1425 3038 petit
1441 2967 1586 3033 viaticum,
1603 2965 1682 3020 datur
1707 2981 1750 3018 re·

103 3054 214 3110 tlumiue
238 3055 333 3110 :unde
358 3064 386 3110 et
400 3056 544 3127 piscatores
570 3073 680 3129 prorsus
700 3058 802 3128 dillusi,
818 3060 897 3115 etiam
952 3056 1123 3113 conciliatio:
1141 3065 1320 3125 etunopene
1344 3063 1480 3110 momento
1501 3052 1612 3124 perfidia
1635 3066 1682 3107 ore
1705 3052 1753 3106 ab·

98 3143 151 3197 arti
175 3158 231 3196 suae
255 3143 486 3201 renuntiaverunt.
508 3167 519 3196 ι
544 3147 578 3202 Ει
600 3147 644 3202 ille
669 3167 675 3203 :
703 3148 860 3218 ‹Praecipe
884 3170 895 3200 i
951 3145 1063 3211 dicatur,
1087 3155 1113 3201 et
1141 3156 1228 3201 morte
1256 3144 1379 3207 diluitur,
1407 3139 1495 3198 883}
1526 3142 1566 3196 lta
1589 3140 1752 3197 mirantibus

99 3230 199 3301 inquit,
218 3248 231 3277 s
251 3231 336 3288 laxari
356 3235 426 3290 retia
441 3233 468 3288 iu
483 3237 592 3292 nomine
616 3236 729 3291 Domini.
752 3258 763 3286 ι
789 3237 896 3292 Factum
951 3237 1063 3303 cunctis,
1080 3238 1131 3292 sub
1157 3236 1231 3290 omni
1256 3235 1396 3291 celeritate
1419 3232 1573 3304 completus
1595 3242 1637 3287 est
1659 3246 1749 3285 sermo

99 3328 153 3388 est,
167 3332 193 3376 et
206 3321 277 3388 capti
290 3330 354 3376 sunt
377 3323 511 3379 salmones
528 3324 682 3381 duodecim.
707 3325 833 3382 Secundo
848 3326 898 3381 mi·
951 3323 1097 3396 Malachiae,
1112 3333 1138 3381 et
1157 3324 1297 3397 scripturae
1311 3323 1412 3396 pariter
1422 3321 1538 3378 dicentis
1557 3322 1619 3391 quia
1635 3321 1751 3378 occatio

100 3419 205 3473 serunt,
219 3418 247 3464 et
259 3411 344 3482 <aptis
359 3413 480 3481 totidem,
496 3414 664 3482 inopinatum
686 3414 805 3471 inierunt
819 3431 896 3470 men·
950 3415 1001 3472 dat
1011 3416 1190 3474 intellectum
1204 3414 1318 3471 auditui
1332 3413 1400 3483 (ltu.
1416 3425 1518 3479 xxvtu,
1536 3411 1593 3479 ts).

101 3498 141 3552 sis
154 3503 181 3550 et
206 3497 348 3568 ferculum,
363 3507 391 3553 et
408 3501 578 3556 titiunculum.
595 3503 626 3556 Et
651 3512 678 3557 ut
691 3504 762 3559 clare
785 3503 896 3574 liqueat,
1115 3495 1122 3510 ⁸

102 3584 238 3639 blalacbiae
261 3584 364 3639 meritis
394 3585 445 3641 hoe
467 3586 559 3642 datum
584 3587 678 3651 luisse,
704 3590 764 3644 aliis
790 3606 899 3661 quoque
1229 3556 1344 3610 CAPUT
1358 3553 1469 3608 mn·
1763 3657 1774 3669 ³

102 3673 212 3727 duobus
227 3672 403 3745 sequentibus
424 3677 503 3729 struis
515 3675 610 3729 eadem
634 3676 809 3732 nibilominus
822 3678 899 3734 steri·
936 3673 1053 3739 ,Pacem
1063 3673 1092 3728 el
1106 3666 1287 3726 concordiam
1297 3670 1374 3723 inter
1390 3666 1557 3724 dissilientes
1576 3667 1753 3723 mirabiliter

104 3759 164 3816 litas
178 3759 341 3830 perdurarit.
1281 3756 1427 3814 conciliat.

386 3860 500 3918 CAPUT
519 3861 620 3918 ΧΧῊ·
989 3895 1033 3948 58.
1049 3891 1123 3945 Inter
1138 3888 1253 3960 populos
1267 3887 1446 3961 quammdam
1462 3887 1606 3957 regionum
1622 3893 1682 3943 orta
1705 3888 1753 3944 ali·

110 3967 897 4040 tentatamrnrport'scelatimaucturettapropunuct.
953 3979 1064 4051 quando
1077 3979 1167 4050 gravis
1180 3976 1314 4032 discordia
1329 3984 1379 4030 est.
1392 3976 1585 4047 interpellatur
1609 3975 1753 4031 Malachiae

140 4063 184 4115 tr.
200 4060 259 4116 Fuit
280 4060 388 4132 quidam
416 4061 532 4118 clericus
556 4063 582 4117 in
610 4063 731 4130 ieamer,
748 4062 899 4133 probabilis
953 4069 988 4123 de
1002 4066 1190 4135 componenda
1206 4081 1268 4135 pace
1284 4064 1355 4119 inter
1368 4080 1416 4119 eos
1431 4082 1438 4116 ι
1454 4072 1480 4117 aa
1508 4078 1570 4117 rum
1596 4070 1668 4118 esset
1687 4062 1754 4116 alias

102 4152 145 4215 (ut
158 4149 252 4220 fertur)
269 4149 340 4216 ritae,
357 4150 403 4205 sed
419 4150 482 4208 fidei
498 4166 552 4207 non
573 4152 618 4208 ita.
637 4152 662 4206 ls
676 4151 776 4207 sciolus
792 4151 817 4205 iu
832 4166 899 4206 ocu·
917 4156 1115 4233 nimpeditus,
1131 4154 1249 4225 injungit
1263 4153 1401 4223 negotium
1417 4153 1469 4208 boc
1485 4151 1531 4207 uni
1550 4151 1751 4223 episcoporum.

103 4240 137 4294 lit
156 4240 222 4304 ⁸⁰5⁸,
238 4241 409 4310 praesumpsit
423 4239 525 4304 dicere,
541 4241 567 4294 iu
584 4239 751 4295 Ettchsttitlia
764 4255 824 4294 0⁸80
839 4249 900 4295 lan·
955 4246 1004 4302 Illo
1019 4253 1163 4299 excusante
1178 4253 1203 4299 et
1219 4249 1343 4316 negante,
1360 4253 1387 4296 et
1400 4242 1505 4297 dicente
1516 4239 1686 4301 Malachiam,
1699 4254 1753 4294 nou

105 4328 245 4383 tummodo
266 4338 472 4395 sacramentum,
488 4336 515 4384 et
530 4345 584 4384 non
609 4345 666 4383 rem
690 4330 858 4395 sacramenti,
875 4329 901 4383 id
955 4350 995 4401 se,
1012 4332 1177 4406 quaesitum3
1200 4348 1229 4384 ae
1244 4340 1430 4399 contemptum
1455 4329 1498 4394 iri,
1529 4327 1628 4383 trustra
1647 4320 1753 4399 fatigari

105 4425 147 4472 eat
161 4416 248 4471 solam
270 4416 516 4483 aancddeationem,
533 4427 560 4473 et
583 4433 635 4472 non
656 4418 779 4490 corporis
799 4421 901 4474 verita·
957 4423 1049 4480 nolle:
1069 4442 1081 4473 ι
1100 4419 1209 4486 Vade»
1229 4417 1325 4490 inquit,
1346 4441 1355 4466 ιι
1375 4427 1401 4472 et
1418 4418 1549 4472 Dominus
1566 4417 1751 4471 aristaeum.»

107 4513 171 4559 tem.
189 4504 343 4575 Superque
358 4521 372 4558 a
387 4505 515 4561 llalachia
530 4516 644 4573 secreto,
661 4515 689 4562 et
701 4523 774 4576 saepe
788 4522 902 4564 conven-

108 4601 161 4656 tus,
176 4594 224 4648 sed
240 4593 384 4662 incassum,
400 4603 513 4650 uocatus
527 4593 562 4650 ad
578 4595 695 4651 medium
710 4606 761 4661 est,
777 4610 900 4652 seorsum

108 4690 199 4738 tamea
221 4681 340 4747 alaicis,
357 4691 395 4748 ut,
411 4683 509 4740 silleri
534 4692 795 4756 posset,sanaretur,
811 4691 903 4738 ernon

106 4770 327 4827 contunderetur.
342 4772 435 4844 ltaque
459 4773 486 4828 in
509 4781 641 4830 contentu
663 4772 823 4829 clericorum
841 4772 905 4827 data

106 4857 220 4914 incultas
239 4860 341 4916 bomini
363 4864 405 4916 est
418 4876 467 4933 pro
491 4877 540 4917 sua
560 4861 695 4919 sentenia
713 4860 904 4934 respondendi.

106 4947 229 5016 Cumque
254 4947 318 5004 totis
336 4948 440 5020 ingenii
452 4950 567 5019 uiribus,
583 4964 636 5021 quo
659 4964 714 5005 nou
735 4949 906 5005 mediocriter

106 5036 228 5105 callebat,
245 5050 369 5093 asserere
387 5047 414 5092 et
437 5036 584 5094 defendere
604 5046 753 5094 conaretur
774 5053 907 5108 errorem,

106 5122 235 5181 blalacbia
256 5132 352 5180 contra
369 5123 526 5198 disputante
549 5135 575 5181 et
599 5124 785 5192 convincente,
804 5126 908 5195 judicio

107 5213 229 5271 omnium
253 5221 410 5285 superatus,
433 5213 468 5268 de
491 5223 625 5270 consentu
648 5213 778 5271 contusus
795 5214 907 5285 quidem

110 5302 187 5367 exiit,
202 5302 252 5359 sed
271 5317 326 5359 non
340 5309 488 5359 corrmtus.
507 5302 616 5359 Dicebat
639 5310 728 5359 antem
748 5319 778 5360 se
790 5320 846 5359 nou
862 5321 907 5360 ra-

113 5395 187 5450 tione
217 5393 330 5459 vietum,
355 5393 401 5448 sed
426 5391 554 5465 Episcopi
584 5407 706 5465 pressum
738 5394 907 5455 auctoritate.

114 5506 127 5535 ι
148 5483 183 5540 lit
207 5491 245 5555 tu,
267 5502 281 5537 a
298 5480 394 5556 iuquit,
412 5499 424 5535 ι
439 5495 456 5540 o
470 5478 610 5554 llalacbia,
625 5480 684 5539 siue
696 5494 776 5539 muta
797 5498 841 5541 me
857 5483 910 5541 bo·

955 4513 989 4569 Et
1000 4512 1065 4568 ille:
1087 4533 1097 4559 a
1114 4509 1277 4581 acquiesco,
1293 4509 1340 4563 sed
1356 4509 1377 4562 si
1394 4522 1437 4561 me
1452 4522 1507 4560 nnn
1523 4505 1669 4570 audierint,
1686 4503 1754 4559 scito

958 4616 1002 4657 me
1014 4601 1047 4656 ad
1067 4609 1142 4656 tuam
1159 4598 1347 4653 Paternitatem
1362 4596 1570 4667 appellaturum.
1584 4591 1755 4648 »subridens

958 4689 1103 4746 llalacliias
1121 4707 1126 4740 e
1146 4707 1159 4737 α
1175 4687 1243 4752 Fiat,
1263 4685 1383 4756 »inquit
1399 4685 1473 4738 Tunc
1488 4683 1635 4754 episcopus
1650 4696 1755 4737 convo·

958 4779 1025 4835 catis
1039 4777 1174 4850 partibus,
1191 4776 1273 4830 dictat
1296 4773 1413 4827 sormam
1438 4771 1540 4844 pacis:
1564 4771 1753 4842 acquiescunt,

959 4865 1171 4924 reconciliantur
1185 4865 1218 4919 ad
1234 4860 1369 4928 invicem;
1385 4860 1437 4916 lide
1452 4860 1514 4914 hinc
1530 4859 1593 4914 inde
1608 4859 1681 4926 data,
1697 4864 1755 4913 sta·

959 4956 1053 5012 bilitur
1067 4969 1120 5025 pat
1137 4970 1143 5007 :
1159 4959 1186 5007 et
1200 4951 1240 5007 sic
1253 4949 1356 5006 dimisit
1369 4965 1428 5005 eos.
1447 4948 1482 5003 dt
1497 4963 1563 5020 pars
1587 4963 1642 5002 una
1662 4945 1757 5003 videus

960 5046 1053 5100 hostes
1073 5041 1145 5097 iacta
1164 5038 1228 5094 mali
1248 5037 1314 5093 nihil
1335 5037 1550 5109 suspicarentur,
1574 5034 1758 5106 loquebantur

960 5141 1064 5198 mutuo,
1081 5137 1108 5186 et
1121 5127 1229 5184 dicebat
1239 5127 1322 5181 homo
1337 5125 1372 5181 ad
1383 5125 1538 5197 proximum
1550 5138 1628 5178 suum
1641 5141 1648 5177 :
1663 5121 1758 5191 «Quid

961 5220 1095 5276 voluimus
1112 5216 1222 5273 lacera?
1238 5212 1358 5270 Victoria
1372 5228 1430 5285 prae
1444 5211 1572 5268 manibus
1586 5219 1637 5277 est,
1650 5218 1677 5267 et
1691 5211 1758 5266 ultio

962 5307 997 5363 de
1012 5305 1135 5363 inimicis.
1155 5325 1166 5354 ι
1185 5302 1217 5357 Et
1230 5317 1340 5374 coepere
1355 5301 1464 5372 insequi·
1474 5299 1549 5355 illos.
1564 5300 1684 5355 innotuit
1697 5299 1758 5371 epi-

963 5411 1047 5468 scopo
1061 5392 1134 5467 quod
1149 5392 1250 5458 fiebat;
1265 5397 1291 5446 et
1305 5403 1437 5447 accurens
1451 5388 1579 5446 convenit
1600 5389 1697 5446 ducem
1712 5402 1759 5445 ao-

962 5503 1024 5544 rum
1039 5499 1122 5558 super
1136 5480 1277 5556 iniquitate
1293 5487 1319 5538 et
1333 5479 1407 5547 dolo,
1420 5479 1468 5537 sed
1477 5487 1586 5551 spretus
1599 5479 1636 5536 ab
1650 5477 1697 5535 illo
1706 5486 1758 5536 est.
