3728 5940
160 204 229 264 tutta

631 198 657 256 S.
678 197 846 256 ccultant
867 194 1003 258 aaaatls
1023 195 1336 257 atnam-ttttuvsts

1758 195 1819 257 t'ltt

156 329 230 402 ipse,
245 328 293 385 sed
309 328 383 384 Deus
398 325 426 378 in
440 322 511 395 ipso.
527 322 654 396 Alioquin
671 326 703 378 tu
719 339 746 379 ee
762 326 843 388 beas,
858 322 957 396 inquit,
975 339 998 417 p
1014 321 1125 393 praelate
1134 322 1242 378 civitate
1252 323 1364 378 Lesmor
1371 320 1488 392 puellam
1498 329 1604 377 mamm
1614 326 1818 396 parentesejus

162 423 210 495 qui
228 419 299 490 sacis
315 413 457 472 mirabilia
466 413 553 483 (Prot.
573 425 672 478 trava,
688 413 743 482 lt).

485 501 598 558 CAPUT
613 502 678 558 XX.

212 599 424 666 Enerqamenos
447 596 599 650 venatose
627 591 775 647 decenniis
799 589 909 645 liberat.

198 687 243 742 45.
269 685 334 740 Erat
348 682 445 738 mulier
460 681 486 735 in
515 680 622 736 civitate
649 680 779 735 Culratim
795 676 844 751 [cl.
870 679 958 734 culta-

162 773 232 847 timl,
254 773 418 831 daemonium
451 770 562 826 habeus.
587 769 702 824 Vocatus
726 775 766 822 est
786 766 956 831 lllalacbias;

161 873 222 919 orat
236 876 284 933 pro
300 860 418 927 addicta,
439 866 518 932 urget
532 857 687 912 invasorem
701 875 708 926 3
723 857 787 912 avit.
811 856 864 911 Sed
889 869 958 910 uon·

162 953 227 1009 darn
242 957 396 1007 exsaturata
411 948 530 1020 nequitia
544 950 614 1018 ejus,
631 948 758 1003 miseram
781 946 882 1002 invadit
896 963 959 1000 mu·

161 1041 310 1106 lierculam,
345 1056 406 1112 quar
432 1038 502 1093 lorte
522 1054 606 1111 prope
637 1038 785 1093 assisteret.
816 1037 848 1091 Et
876 1037 959 1091 bla'a-

162 1131 337 1187 clriaszNon
366 1129 505 1193 adhoc»
537 1127 665 1197 inquiat
698 1125 960 1193 tibiillamtuli,ut

163 1221 232 1274 lianc
248 1218 410 1290 pervaderes
428 1234 433 1269 :
450 1215 494 1270 exi
510 1224 536 1270 et
549 1215 584 1268 ab
601 1231 643 1271 ea.
663 1235 672 1262 a
691 1215 781 1280 Paret,
796 1215 845 1270 sed
860 1215 959 1286 repetit

163 1310 295 1380 priorem.
311 1308 370 1377 Qua
385 1306 474 1360 denno
491 1307 594 1376 pulsus,
610 1304 724 1359 recurrit
739 1304 765 1358 in
781 1304 904 1362 alteram.
919 1305 959 1359 lta

164 1413 213 1468 per
228 1396 337 1468 aliquod
356 1394 472 1466 spatium
493 1392 644 1449 alternatim
663 1392 779 1448 vacabat
799 1393 868 1461 illas,
898 1393 960 1448 hinc

138 1471 147 1493 ⁸
164 1486 225 1541 inde
240 1484 385 1558 refugiens.
401 1483 478 1537 Tunc
490 1490 602 1537 sauctus
623 1482 768 1553 indignans
783 1482 835 1537 sibi
851 1481 929 1536 illudi
944 1499 960 1536 a

164 1576 297 1643 damona,
318 1574 505 1645 colligensque
521 1572 657 1643 spiritum,
683 1571 831 1639 infremuit,
847 1581 873 1628 et
898 1573 960 1629 totis

1013 410 1042 466 in
1056 411 1143 467 media
1157 412 1242 483 platea
1257 407 1339 469 878
1351 409 1469 467 oderunt
1485 411 1648 480 transeunti,
1657 427 1726 470 cum
1738 414 1818 470 melta

1013 500 1209 572 supplicatione
1236 509 1362 574 rogantes
1389 510 1419 557 ut
1447 500 1472 556 ei
1501 500 1649 559 subvenire
1674 501 1817 577 dignetur.

1013 588 1070 644 Stat
1096 589 1249 656 llalaehias,
1273 599 1299 645 et
1326 588 1397 645 lacta
1425 589 1556 656 oratione,
1586 596 1707 662 tangens
1736 592 1817 665 digito

1013 675 1135 750 linguam
1150 679 1219 748 ejus,
1236 685 1345 751 sputum
1359 678 1432 733 misit
1445 678 1474 732 in
1493 692 1524 734 os
1538 679 1599 749 ejus
1613 686 1642 738 et
1657 679 1817 758 loquentem

1013 765 1125 822 dimisit.

1295 856 1411 914 CAPUT
1426 855 1505 911 xxt.

1015 947 1151 1016 Beneficia
1180 945 1358 1002 erroribundt‘s
1384 945 1654 1020 etpertcrientt'bae
1670 953 1818 1022 proestitn.

1050 1035 1094 1090 ll.
1124 1035 1220 1090 Exiens
1249 1037 1281 1090 de
1297 1037 1417 1108 quadarn
1440 1035 1563 1104 ecclesia,
1594 1036 1711 1094 obvium
1729 1039 1818 1096 habuit
1849 1072 1856 1084 ·

1014 1124 1151 1180 bominem
1178 1140 1240 1180 cum
1269 1140 1352 1180 uxore
1381 1140 1442 1190 suo,
1458 1139 1520 1197 quae
1535 1140 1591 1180 non
1606 1134 1720 1197 poterat
1736 1129 1817 1202 loqui.

1014 1214 1136 1286 Rogatus
1152 1222 1180 1268 ut
1210 1214 1269 1283 ejus
1298 1213 1466 1282 misereatur,
1484 1222 1580 1270 statrn
1596 1222 1687 1287 porta,
1719 1218 1819 1290 populo

1014 1302 1204 1358 circumstante
1220 1320 1227 1373 3
1244 1309 1269 1358 et
1291 1304 1353 1358 data
1380 1303 1564 1359 benedictione
1589 1319 1673 1376 super
1687 1321 1766 1376 earn,
1779 1307 1820 1377 jn-

1012 1390 1058 1446 bet
1072 1390 1231 1448 dominicam
1247 1392 1337 1454 dicere
1352 1392 1513 1447 orationem.
1530 1391 1604 1448 Dixit
1616 1392 1673 1462 ille,
1690 1401 1721 1450 et
1732 1412 1818 1466 popu·

1012 1478 1058 1535 lus
1086 1480 1222 1536 benedixit
1251 1480 1408 1535 Dominum.
1437 1480 1468 1534 ln
1495 1480 1616 1553 civitate,
1655 1483 1702 1539 cui
1719 1499 1817 1540 nomeu

1017 1567 1156 1626 Oeutlrreb
1185 1569 1234 1641 [al.
1265 1569 1393 1642 Onereb]‚
1410 1569 1575 1626 decumbens
1590 1571 1693 1628 lectulo
1709 1573 1817 1646 quidam

164 1664 268 1721 viribus
283 1662 345 1718 fidei
361 1663 432 1717 lacto
454 1662 556 1732 impetu
579 1661 605 1714 in
621 1660 819 1732 adversarium,
835 1661 869 1716 ab
885 1672 959 1717 ntra·
977 1646 998 1725 Β
1016 1658 1102 1725 dives,
1118 1659 1173 1728 jam
1189 1658 1246 1713 dies
1261 1658 1406 1715 duodecim
1421 1657 1541 1730 privatus
1555 1658 1657 1730 linguar
1668 1658 1774 1729 allicio,
1788 1664 1817 1717 ad

168 1767 220 1822 que
245 1749 360 1820 fugavit,
380 1759 406 1803 et
430 1747 538 1819 quidem
564 1760 617 1801 non
643 1749 733 1800 minus
761 1755 886 1802 vexatum
907 1748 958 1814 bis,
1009 1745 1161 1815 jussionem
1190 1747 1323 1805 visitantis
1347 1764 1376 1804 se
1400 1747 1495 1815 sancti,
1513 1747 1649 1819 loquelam
1665 1735 1816 1824 recuperat,

169 1855 236 1911 quas
255 1846 396 1895 arctaverat
415 1837 483 1908 ipse.
514 1837 646 1890 Caeterum
670 1837 742 1907 quod
767 1851 873 1893 moram
901 1834 965 1892 lecit
1017 1835 1208 1892 eucharistiam
1236 1836 1317 1892 sumit
1334 1853 1340 1890 :
1357 1844 1384 1893 et
1410 1836 1448 1892 ita
1476 1835 1605 1907 munitus,
1620 1839 1817 1895 extremumiu

167 1939 271 1992 sancto,
287 1944 343 1982 non
358 1936 448 1999 putes,
465 1926 560 1993 lector,
576 1925 662 1980 luisse
685 1925 793 1981 virtutis
818 1927 888 1996 ejus,
916 1925 964 1983 sed
1017 1924 1088 1980 bona
1103 1925 1274 1982 consessione
1288 1924 1389 1981 elllavit
1402 1925 1577 1998 spiritum.0
1596 1926 1669 1983 oliva
1683 1926 1818 1985 tmeutera

166 2016 375 2088 dispensationis
388 2015 500 2072 divina:
518 2023 546 2069 ut
561 2014 786 2070 videlicetexhoc
797 2014 964 2071 manifestior
1017 2013 1141 2069 indomo
1170 2014 1273 2072 Deilo
1298 2015 1389 2070 oleum
1402 2014 1589 2084 jucunditatis,
1618 2018 1818 2088 ungensetln·

167 2105 286 2161 liei-etet
314 2104 426 2176 maligni
455 2102 782 2174 p1·aesentin,ctvictoria
815 2103 962 2161 blalaclriee.
1017 2103 1098 2159 ceusl
1115 2104 1147 2158 Et
1163 2103 1313 2175 Splendore
1335 2103 1455 2160 miraculi
1491 2102 1637 2162 illustravit
1670 2120 1766 2173 sanos,
1795 2114 1820 2160 ct

166 2195 289 2267 Denique
305 2194 368 2249 audi
384 2192 448 2265 quid
463 2191 527 2247 alibi
544 2191 643 2257 lecerit,
660 2207 716 2248 non
733 2201 824 2248 autem
839 2209 886 2262 per
896 2211 965 2267 prae·
1018 2193 1147 2249 suavitate
1162 2192 1287 2248 beneficii
1301 2192 1378 2248 unxit
1391 2191 1538 2261 infirmum,
1550 2193 1594 2249 cui
1608 2209 1672 2249 mox
1687 2195 1819 2250 morituro

166 2284 281 2341 sentiam
317 2297 405 2337 stram.
428 2283 462 2338 Et
490 2282 584 2353 ulique
612 2281 699 2352 potuit
725 2297 865 2353 praesens,
892 2284 964 2356 quod
1017 2281 1161 2339 salutarem
1176 2281 1321 2338 confitendi
1341 2289 1367 2337 et
1382 2282 1599 2338 communicandi
1627 2282 1750 2339 obtinuit
1778 2281 1819 2338 sa·

166 2371 374 2430 absensvuluit.
1016 2369 1153 2428 cultatem.
1184 2372 1295 2428 Intravit
1322 2371 1355 2427 ad
1387 2388 1450 2429 eum
1478 2370 1586 2444 quidam
1615 2372 1649 2427 de
1664 2371 1818 2439 nobilibus,

203 2466 248 2518 db.
262 2462 292 2516 ln
304 2461 417 2532 regione
433 2458 602 2531 aquilonaris
615 2459 843 2532 partislliberniae
853 2460 964 2530 iacebat
1017 2459 1120 2517 babens
1135 2461 1160 2516 ei
1175 2460 1275 2534 aliquid
1298 2461 1398 2518 dicere.
1414 2459 1465 2528 Qui
1480 2460 1547 2517 inter
1565 2459 1749 2531 loquendum,
1768 2460 1823 2518 fide

164 2551 328 2607 infirmusin
345 2553 435 2620 domo,
452 2549 629 2606 necdubium
645 2548 710 2621 quin
729 2550 886 2605 daemonum
900 2565 961 2605 ma·
1016 2548 1122 2620 plenus,
1150 2560 1205 2607 tres
1218 2552 1315 2621 juncos
1342 2550 1387 2622 pie
1416 2549 1514 2605 iuratus
1541 2548 1699 2618 delectulo,
1716 2546 1747 2603 in
1764 2564 1823 2622 quo

165 2640 347 2697 teucrorum
368 2638 486 2710 quadam
505 2647 582 2694 nocte
606 2638 710 2693 audivit
738 2654 786 2694 eos
809 2638 962 2712 loquentes,
1018 2638 1062 2694 ille
1091 2639 1211 2707 sedebat,
1242 2640 1301 2695 tulit
1329 2637 1584 2710 secumzctmulta
1607 2635 1734 2692 Deuade
1749 2635 1821 2694 furio

164 2730 270 2786 dicente
293 2735 379 2783 antero
403 2728 435 2782 ad
460 2728 598 2783 alterum:
628 2726 724 2782 «Vide
738 2742 773 2782 ne
800 2728 884 2783 miser
911 2727 963 2785 iste
1016 2728 1123 2798 pietatis
1133 2736 1174 2786 est
1189 2735 1324 2800 operatus,
1335 2727 1387 2784 lide
1397 2727 1480 2793 illius,
1492 2734 1518 2782 et
1528 2725 1654 2781 Praesulis
1663 2727 1819 2782 sanctitate.

166 2817 312 2893 hypocrite>
336 2815 406 2871 illius
427 2825 553 2885 stratum,
579 2825 733 2871 stramenve
760 2816 909 2891 contingat,
934 2826 960 2873 et
1016 2817 1096 2872 Forte
1124 2826 1232 2874 venerat
1260 2819 1288 2874 in
1318 2817 1466 2882 civitatem,
1484 2814 1593 2873 nomine
1608 2813 1761 2871 Duevania.
1789 2816 1821 2871 Et

163 2908 203 2963 sic
217 2905 330 2977 ell'ugiut
344 2921 440 2960 mantus
456 2914 572 2961 nostras.
593 2926 603 2954 a
625 2904 757 2980 Cognovit
777 2907 870 2974 homo,
888 2905 963 2978 quod
980 2924 1001 3004 c
1018 2920 1080 2962 cum
1109 2906 1216 2963 sederet
1244 2909 1278 2962 ad
1294 2922 1427 2973 mensam,
1443 2904 1584 2977 ingressus
1598 2905 1643 2962 vir
1655 2902 1759 2958 nobssis
1785 2904 1818 2959 de

163 2995 324 3053 Malachiam
354 2996 641 3066 loquerentur,jquent
660 3009 715 3049 non
739 2994 827 3050 mullo
850 3003 912 3049 ante
934 2995 962 3050 iu
1018 2995 1126 3052 civitate
1155 2996 1212 3067 ipsa
1235 2995 1371 3052 humiliter
1398 2994 1532 3068 supplicat
1557 3008 1609 3064 pro
1637 3007 1724 3048 uxore
1748 3007 1819 3065 prae·

163 3089 258 3143 cadem
272 3086 353 3140 domo
368 3084 530 3140 meminerat
545 3093 733 3156 pernoctasse.
749 3085 781 3140 Et
797 3085 886 3140 adbuc
896 3093 964 3140 stra·
1017 3096 1127 3156 gnama
1144 3100 1205 3158 quae
1220 3085 1277 3156 jam
1292 3085 1415 3141 solemne
1429 3098 1509 3139 omne
1522 3081 1691 3155 preterisset
1707 3090 1814 3154 tempus

161 3191 224 3232 meu
241 3175 267 3229 in
282 3175 344 3231 loco
361 3192 367 3228 :
393 3182 557 3244 sculptaque
574 3172 684 3239 liduciu,
702 3181 728 3229 et
745 3191 800 3246 quo
817 3172 905 3246 potuit
918 3187 965 3230 co·
1016 3174 1189 3245 pariendi‚ita
1205 3182 1233 3230 ut
1247 3174 1408 3230 mirarentur
1421 3187 1533 3239 omnes;
1544 3180 1672 3239 etnemo,
1684 3170 1732 3243 qui
1743 3169 1812 3224 aliud

161 3273 236 3330 natu,
251 3262 333 3333 eoepit
348 3278 442 3333 repere
457 3261 553 3315 debilis
569 3276 692 3332 corpore,
717 3264 766 3317 sed
792 3261 846 3317 lide
869 3261 958 3317 sortis.
1015 3279 1096 3333 quam
1111 3264 1171 3322 ritae
1199 3263 1351 3335 periculum
1379 3262 1503 3319 crederet
1516 3259 1672 3316 imminere.
1686 3259 1777 3334 Rogat
1792 3266 1818 3314 et

161 3355 193 3409 Et
206 3368 267 3407 ecce
282 3352 311 3405 in
334 3366 396 3405 aero
418 3351 521 3405 clamor
548 3358 574 3405 et
597 3349 752 3407 vociferatio
770 3369 775 3404 :
803 3374 813 3401 l
841 3349 958 3408 Prohibe
1013 3366 1073 3407 cum
1089 3369 1122 3407 eo
1137 3353 1270 3419 Neemias,
1289 3353 1435 3423 episcopus
1449 3348 1521 3406 illius
1534 3348 1662 3418 civitatis,
1678 3347 1726 3421 qui
1740 3347 1822 3417 juxta

160 3459 234 3506 eunt,
255 3438 386 3511 prohibe,
404 3440 489 3494 retine
505 3455 579 3504 erint,
596 3440 704 3495 retine:
729 3439 877 3494 amittimus
891 3457 959 3512 prae-
1013 3454 1075 3495 eum
1101 3439 1213 3496 sedebat
1235 3459 1242 3494 ι
1260 3446 1357 3512 rogant
1371 3450 1398 3493 et
1412 3436 1516 3504 caeteri,
1541 3444 1679 3510 quotquot
1708 3437 1819 3495 aderant

159 3533 234 3588 dam.
251 3551 264 3581 n
283 3528 381 3586 Verum
396 3527 514 3600 isquam
531 3528 656 3598 portabat
672 3527 738 3584 lides
751 3537 776 3584 et
793 3529 956 3585 desiderium
1012 3529 1092 3584 simul
1122 3529 1330 3585 discumbentes.
1347 3527 1415 3583 Tum
1440 3526 1484 3584 ille
1499 3543 1507 3582 :
1523 3526 1681 3599 Competior
1695 3525 1734 3593 ai,
1749 3546 1763 3579 r
1781 3525 1818 3582 in·

160 3618 302 3691 evadendi,
319 3627 421 3689 quanto
438 3619 497 3690 plus
519 3618 672 3674 clamabant
698 3617 747 3690 illi,
779 3625 853 3675 tauto
869 3621 958 3694 magis
1013 3618 1080 3690 quit,
1099 3642 1112 3668 ι
1143 3618 1214 3691 quod
1231 3618 1302 3675 bona
1316 3617 1415 3672 mulier
1428 3616 1475 3682 sit,
1491 3625 1517 3672 et
1531 3615 1678 3688 pudica.Et
1692 3616 1819 3693 porriges

159 3711 275 3789 genibus
296 3709 477 3779 manibusque
499 3708 598 3777 nitens,
614 3709 648 3763 ad
671 3708 820 3764 remedium
841 3708 956 3766 lestina·
1012 3708 1073 3764 viro
1087 3709 1273 3779 poculum,cui
1288 3707 1478 3764 benedeeret:
1498 3727 1510 3757 n
1528 3705 1609 3771 Vade,
1628 3725 1641 3755 ι
1660 3705 1777 3779 inquit«
1789 3704 1820 3759 da

159 3803 215 3857 bnt.
232 3801 264 3855 Et
280 3798 442 3872 perveniens
460 3796 582 3853 ascendit
594 3797 744 3866 lectulum,
768 3798 907 3854 volutatur
931 3801 957 3856 in
1010 3796 1050 3862 illi
1066 3798 1168 3864 bibere,
1185 3798 1276 3854 sciens
1291 3813 1350 3854 eam
1365 3804 1474 3868 sumpto
1490 3793 1690 3851 benedictionis
1703 3801 1784 3866 potu,
1798 3788 1820 3849 εί

161 3888 303 3956 stramine,
321 3888 396 3944 audit
411 3886 545 3941 ululatum
557 3886 872 3958 plangentiunmlleu,
884 3889 954 3944 haul
1012 3887 1073 3950 sine
1098 3902 1187 3952 mora,
1202 3899 1228 3943 et
1251 3887 1310 3943 sine
1330 3884 1454 3958 periculo
1482 3883 1639 3955 parituram.
1672 3901 1683 3931 a
1713 3881 1822 3938 Factum

160 3980 211 4051 ipsi
228 3994 277 4035 nos
288 3976 469 4050 prodidimus,
480 3976 699 4050 deceptisnmus,
711 3976 957 4035 evasitrlltdicto
1010 3986 1052 4034 est
1079 3977 1153 4049 quod
1181 3977 1320 4049 praecepit,
1350 3985 1377 4031 et
1403 3982 1482 4030 nocte
1501 3974 1561 4045 ipsa
1587 3971 1771 4028 subsecutum
1785 3980 1823 4027 cst

160 4069 238 4125 cirins
253 4066 365 4123 recessit
378 4067 413 4121 ab
423 4081 456 4121 eo
471 4067 624 4121 daemonum
641 4074 764 4123 terreret
778 4068 958 4139 horrorquem
1018 4069 1093 4140 quod
1121 4067 1257 4139 promisit.
1273 4065 1391 4122 Sedebat
1403 4064 1433 4120 in
1446 4079 1543 4136 campo
1557 4077 1621 4118 cum
1637 4061 1748 4119 Comlte
1764 4061 1825 4132 utq-

159 4159 322 4232 patiebatur,
348 4166 375 4213 et
394 4156 483 4211 omnis
502 4154 604 4225 pariter
619 4155 763 4229 aegritudo.
794 4157 823 4211 ln
850 4157 964 4212 Lesmor
1018 4157 1070 4212 diae
1098 4156 1188 4230 aliqua
1206 4164 1332 4222 tractans,
1349 4162 1375 4213 et
1390 4153 1533 4212 multitudo
1548 4151 1659 4223 copiosa
1673 4151 1821 4208 circueas.

160 4248 268 4304 civitate
298 4248 378 4301 homo
403 4260 419 4298 a
443 4245 714 4311 daemoniovexatus,
732 4261 780 4317 per
803 4213 1001 4304 Malachiamu
1022 4246 1101 4303 Venit
1130 4247 1228 4302 mulier
1256 4246 1375 4321 gravida,
1406 4255 1433 4301 et
1461 4241 1643 4315 veregravis.
1660 4241 1769 4300 ludicat
1795 4256 1823 4294 se

160 4337 353 4392 liberatusest.
378 4337 444 4391 ltem
471 4335 620 4389 transeunti
640 4335 786 4407 aliquando
815 4352 863 4407 per
887 4336 966 4409 Lagi·
1021 4342 1116 4391 contra
1143 4352 1238 4392 omnes
1261 4343 1364 4392 naturae
1383 4334 1459 4405 leges
1485 4331 1601 4388 retinere
1628 4338 1741 4403 parturn
1767 4330 1823 4400 jam

162 4428 235 4483 niam
258 4423 366 4480 oblatus
385 4423 421 4478 illi
445 4423 534 4478 inians
554 4426 658 4480 liabens
680 4423 854 4493 daemonium,
884 4441 967 4482 sanus
1021 4423 1175 4496 quindecim
1202 4425 1340 4480 mensibus
1367 4422 1505 4479 aldiebus
1528 4419 1632 4494 viginti.
1654 4418 1825 4491 compassus

162 4516 263 4571 relatus
282 4521 332 4569 est.
351 4513 382 4567 ln
396 4515 508 4584 regione
524 4515 619 4570 eadem
635 4516 744 4591 ligatam
764 4515 872 4570 lunibus
885 4514 964 4586 phre-

162 4605 276 4660 neticam
298 4602 471 4673 solvijussil,
501 4612 528 4659 et
550 4605 577 4658 in
600 4620 678 4676 aqua,
708 4621 789 4675 quam
817 4603 960 4672 benedixit,

161 4693 259 4750 lavari.
274 4693 342 4748 Luta
357 4702 407 4764 est,
426 4701 454 4748 et
478 4701 570 4748 sanata
584 4701 635 4751 cst.
661 4692 782 4749 lllteram
797 4708 906 4766 qaoque
936 4695 964 4749 in

161 4783 270 4841 Sabello
295 4780 407 4853 regione
428 4783 546 4855 Ulydiae,
579 4783 702 4839 membra
717 4783 826 4855 propria
840 4782 964 4838 dentibus

161 4871 319 4938 laniantem,
337 4873 441 4927 orando
461 4880 488 4928 et
514 4876 649 4945 tangendo
674 4873 791 4928 curavit.
820 4874 964 4928 dmentem

162 4962 323 5028 beluinam,
355 4962 439 5016 multa
467 4961 661 5032 praedicentem
690 4961 795 5031 lutura,
827 4963 908 5019 amici
938 4974 965 5019 et

161 5052 309 5124 propinqui
325 5051 462 5107 adducunt
479 5053 511 5107 ad
536 5052 584 5106 l'ei
610 5047 762 5121 bominem:
776 5053 893 5110 vinctum
919 5052 962 5107 lu·

162 5141 243 5194 nibus
263 5139 378 5205 fortiter,
409 5140 483 5212 quod
509 5139 605 5197 iontem
630 5141 663 5195 ud
691 5144 847 5198 nocendum
875 5141 965 5197 rabies

163 5231 222 5300 ipsa
236 5229 356 5297 lecisset,
382 5241 408 5287 et
434 5230 583 5287 terribilem
604 5230 690 5288 valde.
707 5233 773 5289 Orat
797 5231 964 5298 llulacltias3

163 5326 191 5371 et
205 5318 383 5375 incontinenti
403 5337 476 5392 auger
491 5328 646 5389 sanctacet
662 5321 784 5378 solvitur.
801 5322 912 5377 Factum
926 5328 967 5376 est

164 5405 288 5461 hocloco
308 5407 438 5479 quodam,
458 5410 536 5479 cujus
552 5417 792 5477 nonientaeemus,
803 5408 966 5482 quoduirnis

164 5490 315 5550 barbarum
330 5504 420 5561 sonet,
437 5497 507 5554 sicut
521 5507 547 5555 et
562 5501 616 5555 aliu
632 5500 725 5556 multa.
735 5499 796 5555 ntio
812 5497 967 5570 temporcin

1021 4514 1163 4570 llalacltias
1176 4530 1259 4585 super
1273 4529 1345 4570 novo
1368 4521 1394 4568 et
1411 4511 1532 4569 inaudito
1548 4508 1737 4578 incommodo,
1754 4515 1823 4575 oret,

1018 4612 1044 4658 et
1060 4603 1158 4658 mulier
1187 4603 1267 4675 parit.
1298 4601 1350 4670 Qui
1370 4602 1488 4666 aderant,
1506 4597 1585 4655 laetati
1600 4606 1672 4664 sunt,
1691 4605 1721 4651 et
1735 4594 1825 4653 mbae

1019 4703 1091 4749 sunt.
1109 4692 1211 4749 Omnes
1227 4692 1299 4749 enim
1314 4691 1450 4761 viderunt,
1466 4691 1493 4744 in
1509 4706 1563 4762 qua
1585 4685 1717 4744 facilitate
1734 4692 1765 4743 et
1778 4701 1824 4743 ve·

1019 4784 1127 4840 locitate
1143 4785 1204 4842 loco
1219 4784 1315 4840 eodem
1330 4781 1408 4838 enixa
1423 4782 1466 4846 sit,
1483 4790 1510 4835 et
1526 4779 1600 4835 triste
1618 4776 1717 4851 negati
1731 4784 1825 4848 partus

1022 4873 1176 4944 periculum
1191 4872 1324 4928 miraculo
1339 4879 1536 4928 commutatum
1549 4866 1719 4938 iucundiori.

1304 4995 1417 5052 CAPUT
1444 4994 1533 5049 xxll.

1084 5116 1287 5173 concubinarie
1305 5114 1445 5172 obstinato
1458 5113 1582 5169 certium
1594 5109 1766 5166 denuntiat.

1056 5234 1099 5287 ta.
1117 5231 1222 5290 Accidit
1232 5229 1333 5286 ibidem
1349 5228 1477 5302 quiddam
1491 5227 1549 5299 pari
1560 5225 1668 5299 quidem
1681 5225 1824 5286 miraculo.

1020 5323 1066 5378 sed
1080 5330 1152 5378 sorte
1166 5319 1279 5393 dispari.
1296 5319 1367 5377 Vidit
1376 5317 1525 5382 bornicum,
1542 5314 1589 5387 qui
1603 5313 1717 5386 publice
1733 5325 1825 5371 tenere

1020 5410 1154 5466 diceretur
1167 5408 1345 5468 concubinam
1370 5406 1477 5477 iratris3
1493 5413 1520 5462 et
1531 5405 1575 5461 liic
1589 5411 1648 5460 erut
1661 5401 1755 5469 miles,
1774 5403 1826 5459 mi·

1023 5498 1109 5555 nister
1123 5498 1245 5555 Comitis.
1275 5497 1308 5553 tu
1319 5497 1430 5569 publice
1443 5493 1608 5555 contentens
1625 5491 1828 5562 incestuosum,
