3728 5940
183 203 236 264 cor
645 197 672 256 s.
693 195 861 257 asariam
880 195 1017 258 marris
1035 165 1349 258 aman-rammam
1412 160 1413 165 ‘
1774 200 1835 263 svs

182 331 240 387 Jam
251 345 317 386 vero
329 330 363 384 de
386 326 477 381 labore
495 337 623 378 manuum
642 321 707 395 quid
721 323 887 397 gloriamini,
915 339 976 380 eum
1036 321 1111 383 Sicut
1124 338 1175 382 nac
1192 324 1285 391 Jacob,
1302 323 1354 378 nisi
1372 321 1448 393 prins
1461 321 1570 393 cognita
1588 322 1645 390 Lis,
1660 322 1832 384 desideratos

181 427 210 474 et
230 418 335 474 Martha
353 414 482 468 laborans
505 411 653 482 increpata,
678 418 705 467 et
724 411 809 466 blaria
830 411 974 482 quiescens
1026 415 1153 481 Rachelis
1171 413 1313 483 amplexus
1326 411 1423 467 memit
1436 409 1569 466 obtinere.
1591 409 1668 466 Unde
1681 427 1778 468 rursus
1802 414 1831 469 in

182 506 290 560 laudata
305 503 339 557 sit
353 501 431 570 (buc.
448 516 478 569 x,
495 501 539 565 bl,
552 498 613 570 te);
630 507 655 554 et
666 499 765 554 Paulus
778 498 971 571 apertedicat:
1027 510 1142 583 psalmo,
1157 501 1429 574 semiteprotmem,
1440 500 1469 556 ct
1482 498 1547 554 dcte
1564 500 1829 570 tympanumll’sot.

182 594 267 648 Labor
280 589 405 662 corporis
422 588 458 642 ad
468 588 611 646 modicum
625 588 712 650 valet.
721 589 815 660 pictas
828 593 924 644 cutem
937 587 975 643 cd
1026 613 1116 665 mx,
1132 595 1160 664 3)
1177 590 1267 663 :quod
1291 597 1332 645 cst
1355 588 1452 654 dicere,
1475 586 1581 643 Sumite
1598 587 1761 658 spiritualia,
1780 591 1831 646 sed

180 677 299 737 Omnia?
314 680 340 749 (¹
355 679 422 734 Tim·
440 692 479 745 Ν,
496 680 535 747 ⁸·)
550 676 815 747 Optimusllbfflrdfl
831 693 884 746 tl¹¹⁰
905 692 973 746 pro·
1026 688 1102 758 prins
1117 684 1177 738 date
1199 677 1360 750 corporalia.
1375 675 1501 746 Optimus
1515 683 1606 732 autem
1624 674 1681 743 ille,
1710 677 1758 750 qui
1786 676 1831 734 di·

180 769 258 841 pheta
267 767 391 824 dicebat:
406 767 581 823 laborantia
593 767 768 838 pcmtteoreo
783 767 911 836 (Psalmi,
921 767 971 835 7)ss
1026 781 1116 832 sor-oto
1129 778 1156 827 ot
1170 783 1290 843 congrue
1305 773 1333 823 et
1345 766 1405 820 baec
1419 773 1557 836 operatur,
1571 771 1600 819 et
1612 764 1668 822 illa.

179 866 206 912 et
225 856 323 926 dequo
338 853 413 925 alibi,
431 855 532 913 Memor
545 857 590 926 set
603 857 662 920 Det,
683 855 924 919 deterrebamur,
945 858 974 911 ct
1063 866 1106 918 lb.
1134 861 1194 914 tam
1208 871 1273 915 vero
1297 853 1412 926 epistola
1438 859 1468 908 ut
1491 853 1606 923 epistola
1624 861 1772 921 remaneat,
1797 853 1832 909 a·

178 945 354 1002 exercitetur
371 958 443 999 sum.
464 944 504 997 Ac
517 958 553 998 na
567 945 709 1013 corporale
725 942 861 1015 intelligas
874 941 974 999 exerci-
1026 951 1126 1008 mondo
1153 954 1221 1014 orat,
1238 941 1457 1016 quandoquidem
1470 949 1498 997 et
1510 950 1620 998 ncstrca
1646 940 1692 1015 (de
1715 943 1828 1016 quibus,

179 1033 254 1086 lium·
267 1031 306 1086 Et
316 1031 430 1102 dsssssssl'l»
446 1030 672 1103 in(lustrilll‘l‘l'llts
684 1047 763 1089 metti
775 1033 861 1099 (ΡδαίΙ
876 1047 971 1098 mil.
1026 1048 1112 1110 pater,
1133 1041 1296 1106 conquestus
1317 1033 1391 1098 estis,
1402 1031 1475 1102 quod
1490 1028 1584 1087 Ordini
1596 1037 1688 1088 vestro
1702 1031 1830 1088 detrabe·

178 1120 217 1190 b).
232 1117 286 1174 Ubi
299 1126 389 1173 autem
414 1133 470 1171 nou
493 1133 603 1191 corpus,
628 1120 673 1174 sed
698 1118 809 1190 spiritus
832 1118 971 1191 fatigatur,
1027 1126 1097 1199 rent)
1120 1126 1196 1191 satis,
1211 1129 1341 1196 quantum
1365 1119 1451 1191 potui,
1476 1118 1546 1191 stylo
1567 1118 1703 1191 eurupam
1732 1127 1760 1176 et
1782 1134 1829 1175 me

177 1207 325 1278 spiritualis
338 1207 432 1277 procul
448 1206 530 1261 dubio
545 1206 622 1262 labor
635 1206 802 1279 intelligitur.

484 1295 600 1351 CAPUT
616 1297 673 1352 Vll.

213 1386 380 1457 spiritualis
399 1386 565 1442 exercitatio
586 1387 762 1457 fructuosior
784 1388 934 1458 corporati.

213 1475 257 1531 l3.
274 1470 344 1541 Quid
359 1486 438 1544 ergo,
454 1471 895 1543 inquis‘lSiccineillaspiritualia
908 1490 970 1546 per·

1026 1230 1132 1288 quoque
1141 1214 1175 1270 ab
1188 1210 1345 1282 hujusmodi
1354 1208 1423 1264 laisa
1432 1206 1588 1276 suspicione
1599 1207 1723 1280 purgavi,
1740 1215 1771 1262 ut
1780 1208 1829 1265 de·

1026 1306 1084 1362 bui.
1106 1304 1158 1360 Sed
1173 1302 1307 1374 quoniam
1320 1300 1386 1354 dum
1400 1297 1501 1352 nostris
1517 1296 1630 1352 minime
1644 1310 1739 1368 parco,
1753 1311 1827 1353 ncn-

1025 1391 1107 1447 uullis
1120 1390 1155 1446 de
1167 1389 1262 1446 vestris
1272 1386 1397 1453 nimium,
1410 1384 1438 1438 in
1451 1382 1550 1456 quibus
1563 1399 1620 1440 non
1633 1383 1720 1453 decet,
1734 1382 1828 1442 videor

1025 1480 1172 1550 assendre3
1190 1491 1277 1549 pauca
1298 1490 1359 1547 que
1386 1481 1413 1528 et
1438 1472 1517 1529 vobis
1539 1471 1684 1542 displicere
1697 1473 1824 1546 cognori,

176 1560 286 1630 suades,
307 1567 337 1614 ut
351 1559 434 1614 etiam
443 1562 511 1628 baec,
527 1576 588 1630 quae
603 1577 636 1616 cr
648 1562 752 1633 Regula
761 1562 904 1631 habemus,
913 1578 972 1619 cor·
1026 1577 1053 1624 et
1066 1568 1193 1626 omuibus
1207 1566 1287 1622 bonis
1301 1561 1412 1620 vitanda
1424 1577 1484 1616 esse
1498 1575 1554 1617 non
1580 1559 1683 1628 dubito,
1698 1575 1826 1616 necessa·

175 1648 280 1720 pomlia
294 1648 427 1703 damnes?
441 1648 619 1718 Nequaquam
632 1649 752 1707 :sedilla
762 1658 868 1721 oportet
878 1667 968 1724 agere,
988 1627 1010 1705 Β
1026 1659 1095 1715 rium
1109 1673 1170 1714 reor
1193 1656 1358 1726 subjungere
1374 1666 1379 1705 :
1395 1647 1481 1708 584
1496 1665 1556 1720 quae
1569 1650 1681 1721 quidem
1692 1649 1744 1705 etsi
1764 1649 1825 1704 lieri

176 1744 203 1791 et
218 1737 270 1791 ista
293 1752 349 1791 non
366 1737 497 1792 omittere.
519 1736 646 1808 Alioquin
661 1754 721 1793 cum
745 1748 791 1793 aut
809 1739 863 1795 ista
885 1741 972 1797 omitti
1024 1748 1148 1803 ridentur
1171 1745 1199 1799 in
1222 1742 1333 1807 Ordine,
1349 1739 1418 1795 absit
1436 1746 1529 1794 tamen
1542 1744 1571 1792 ut
1591 1737 1687 1793 sintde
1701 1736 1822 1794 Ordine!

97 1819 107 1831 '
175 1840 288 1880 necesse
302 1832 354 1888 est,
385 1833 431 1879 aut
456 1824 521 1892 illa;
537 1826 589 1880 ista
614 1827 705 1896 potius
720 1828 869 1883 omittenda
888 1841 969 1901 aunt,
1024 1834 1121 1890 Nullus
1144 1833 1247 1905 quippe
1266 1830 1334 1885 ordo
1350 1827 1490 1899 quidpiam
1504 1826 1603 1896 recipit
1616 1814 1848 1881 inordinabrm:'

175 1929 255 1984 quam
271 1911 325 1968 illa.
341 1913 449 1982 Quanto
463 1913 534 1967 onim
547 1914 657 1984 spiritus
670 1931 784 1988 corpore
799 1918 895 1974 melior
918 1928 969 1985 est,
1024 1923 1095 1995 quod
1115 1936 1180 1978 vero
1198 1918 1382 1975 inordinatum
1395 1923 1446 1983 eat,
1462 1915 1529 1971 ordo
1542 1929 1598 1970 non
1610 1922 1660 1969 est.
1672 1914 1749 1969 Unde
1767 1928 1823 1969 uon

176 2009 251 2055 tauto
276 1999 423 2070 spiritualis
446 2016 527 2071 quam
558 2004 706 2072 corporalis
725 2005 880 2062 exercitatio
911 2006 970 2062 fru-
1024 2008 1312 2075 adversumOrdinem,
1324 2006 1429 2073 sedpro
1438 2003 1540 2060 Ordine
1550 2001 1824 2074 disputareputaudus

175 2089 304 2145 ctuosior.
320 2089 361 2143 Tu
371 2105 434 2159 ergo
442 2105 503 2143 eum
514 2090 548 2145 de
559 2091 658 2145 borum
672 2093 862 2150 observatione
872 2095 969 2163 elatus,
1022 2117 1080 2168 oro,
1096 2100 1120 2156 si
1144 2115 1199 2156 non
1222 2097 1353 2154 Ordinem
1371 2093 1404 2148 in
1427 2093 1591 2158 bominibus,
1613 2093 1661 2147 sed
1681 2091 1823 2146 bominum

174 2178 234 2233 aliis
252 2178 347 2233 eadem
371 2193 426 2231 non
445 2178 655 2235 observantibus
677 2181 803 2253 derogas,
825 2197 916 2240 nonne
942 2192 969 2238 te
1023 2189 1088 2245 vitia
1102 2185 1287 2258 reprehendo.
1298 2183 1331 2238 Et
1345 2181 1454 2253 quidem
1469 2180 1644 2252 diligentibus
1657 2178 1781 2234 ordinem
1796 2177 1836 2232 in-

173 2266 263 2337 magis
278 2276 509 2337 transgressorem
533 2268 646 2339 llegulae
665 2267 779 2335 indicas,
804 2271 883 2341 eujus
907 2270 969 2327 licet
1022 2279 1073 2335 hac
1084 2293 1113 2333 re
1122 2279 1267 2332 molestum
1278 2288 1323 2328 mc
1338 2272 1394 2329 lore
1403 2287 1459 2327 non
1468 2269 1552 2326 timeo
1564 2291 1571 2326 :
1583 2269 1706 2339 quinimo
1716 2275 1823 2338 gratnm

171 2356 284 2409 minima
298 2354 422 2425 quadam
437 2363 541 2420 mneos,
556 2357 669 2411 meliora
690 2357 802 2425 desitas,
819 2360 852 2414 de
868 2359 968 2431 quibus
1021 2367 1116 2439 procul
1131 2364 1213 2420 dubio
1227 2359 1366 2432 accepturi
1383 2366 1455 2428 sunt,
1471 2358 1696 2430 sipcrccquimttr
1709 2356 1784 2428 quod
1797 2362 1824 2411 et

171 2444 293 2498 Paulus:
320 2443 519 2514 AEmelornr'rti,
544 2443 592 2510 ait,
617 2446 793 2502 charismata
815 2448 934 2504 meliore
954 2448 968 2502 ?
1022 2455 1074 2527 ipsi
1092 2454 1216 2509 oderunt.
1235 2451 1264 2507 Si
1278 2449 1379 2522 quibus
1391 2461 1456 2504 vero
1469 2444 1643 2516 displicuerit,
1656 2444 1709 2515 ipsi
1725 2458 1823 2500 sema·

172 2533 198 2601 (l
211 2534 272 2589 dor.
288 2531 404 2602 xrr,3l.)
416 2532 590 2588 Detrahendo
600 2534 703 2604 quippe
715 2534 853 2604 iratribus,
870 2536 966 2608 inquo
1021 2543 1158 2610 niteamus,
1183 2540 1246 2612 (pria
1264 2538 1394 2596 Ordinem
1416 2550 1470 2593 non
1488 2532 1614 2604 diligunt,
1630 2533 1709 2601 cuius
1725 2534 1824 2604 utique

170 2622 342 2692 temetipsum
358 2619 476 2687 extollis,
486 2621 579 2692 perdis
589 2623 821 2692 bumilitatem;in
835 2640 889 2696 quo
898 2626 967 2681 alios
1020 2629 1234 2700 corruptionem,
1263 2626 1291 2681 id
1314 2633 1356 2681 est
1379 2624 1452 2691 vitis,
1476 2621 1597 2678 damnari
1623 2621 1728 2677 nolunt.
1750 2621 1824 2690 ipsis

170 2707 313 2778 deprimis,
328 2708 505 2763 charitatem:
523 2725 583 2780 quae
595 2719 657 2765 sent
668 2713 853 2781 proculdubio
868 2713 968 2769 cbaris-
1019 2717 1112 2790 itaque
1134 2716 1199 2772 illud
1222 2716 1421 2788 Gregorianum
1449 2710 1599 2782 respondeo
1624 2727 1631 2764 ε
1661 2709 1758 2765 blelius
1780 2716 1823 2765 est

173 2805 243 2852 matu
258 2796 377 2852 meliora.
394 2797 436 2852 Tu
451 2806 523 2852 tuum
539 2813 637 2867 corpus
651 2799 742 2855 multis
755 2811 781 2854 et
791 2801 880 2856 nimiis
895 2801 966 2856 labo
1021 2831 1033 2860 r
1049 2815 1079 2862 ut
1092 2805 1248 2862 scandalum
1262 2803 1373 2870 edatur,
1395 2815 1480 2874 quam
1493 2799 1595 2858 veritas
1609 2797 1787 2871 relinquatur.
1807 2817 1819 2847 ι

169 2875 245 2941 ribus
255 2887 357 2954 atteris,
382 2900 415 2940 ac
429 2884 600 2957 regularibus
614 2888 805 2958 asperitatibus
825 2889 970 2945 mortificas
984 2906 1006 2986 c
1020 2893 1133 2969 (llomil.
1147 2894 1164 2946 7
1180 2894 1212 2948 in
1222 2890 1336 2961 Ececb.)

169 2974 289 3029 membra
309 2983 355 3028 tua
379 2990 439 3045 quae
465 2985 529 3029 sunt
553 2991 633 3044 super
658 2983 768 3034 terram.
798 2977 872 3034 Bene
890 2978 966 3036 lacis.
1327 2976 1440 3032 CAPUT
1459 2974 1530 3032 Vlll.

167 3063 221 3120 Sed
235 3062 299 3135 quid
314 3063 337 3117 si
352 3061 398 3117 ille
411 3078 495 3134 quem
509 3063 632 3119 similiter
645 3080 701 3120 non
712 3066 878 3122 laborantem
893 3068 965 3137 diju·
1059 3067 1386 3134 transcensurum,
1397 3065 1540 3121 uirtutum
1563 3064 1679 3119 nominc
1696 3062 1820 3134 palliata

170 3150 253 3217 dicas,
272 3151 524 3223 modicumquidem
540 3153 637 3208 babeat
652 3153 685 3209 de
698 3155 759 3223 bac,
780 3171 841 3226 quae
860 3155 894 3210 ad
912 3173 968 3212 mo·

170 3240 263 3295 dicum
280 3247 321 3295 est
335 3239 419 3305 utilis,
442 3240 581 3310 corporali
605 3242 728 3298 videlicet
754 3245 966 3312 exercitatione,-

171 3330 287 3399 amplius
299 3339 390 3384 autem
404 3343 483 3399 quam
498 3337 526 3384 tu
542 3333 575 3384 de
592 3331 648 3400 illa,
660 3347 720 3401 quae
730 3334 763 3386 ad
779 3333 870 3387 omnia
885 3335 965 3405 calet,

96 3443 99 3447 ⁴
171 3417 199 3472 id
215 3425 256 3473 est
266 3417 388 3488 pietate?
400 3415 588 3488 Quisquam,
597 3427 716 3475 vestrum
729 3420 858 3493 Regulam
870 3421 966 3477 melius

170 3506 268 3562 teneti
279 3507 377 3561 Annon
392 3506 490 3561 melius
502 3507 550 3578 qni
569 3506 685 3564 meliori
699 3508 766 3579 Quis
781 3527 844 3566 vero
858 3511 964 3577 melior,

169 3593 297 3650 humilior
309 3610 345 3650 an
359 3595 495 3666 fatigatior
509 3597 523 3651 ‘l
537 3599 634 3653 Annon
649 3598 673 3653 is
688 3599 736 3669 qui
753 3615 769 3654 a
787 3600 904 3657 Domino
920 3600 964 3655 di-

171 3684 236 3740 dicit
249 3683 322 3739 mitis
337 3700 398 3740 esse
411 3692 438 3739 et
452 3684 561 3740 humilis
574 3689 655 3743 corde
670 3687 781 3757 tllcttlt.
797 3704 838 3754 ιι,
850 3691 904 3761 29),
916 3691 964 3761 qui

168 3778 198 3827 et
211 3788 272 3828 cum
296 3772 381 3828 bieria
393 3773 523 3844 optimam
537 3783 643 3847 partem
661 3777 750 3848 elegit,
771 3793 833 3849 quae
846 3793 902 3834 uon
916 3793 964 3833 au·

170 3860 272 3918 leretur
285 3862 320 3916 ab
335 3877 368 3916 ec
383 3862 397 3917 t
410 3863 488 3935 (Luc.
504 3879 533 3932 x,
551 3864 609 3937 ta.)

207 3953 252 4007 ld.
266 3949 344 4020 Quod
360 3951 383 4006 si
393 3952 522 4024 llegulsm
536 3953 569 4008 ab
583 3954 710 4010 omnibus
724 3955 837 4025 quieam
847 3956 964 4027 pmiessi

169 4048 233 4096 sunt
250 4040 290 4096 sic
316 4041 351 4095 ad
379 4040 492 4097 litteram
516 4043 657 4099 tenendam
684 4058 789 4111 censes,
819 4054 850 4102 nt
863 4045 962 4102 nnllam

1326 3154 1505 3227 perstringit.

1058 3247 1102 3301 lb.
1119 3246 1232 3312 Dicitur,
1252 3250 1280 3298 ct
1303 3241 1432 3297 ueraciter
1445 3240 1572 3305 creditur,
1597 3244 1707 3292 muetos
1729 3245 1819 3309 patres

1021 3333 1096 3390 illam
1110 3335 1194 3389 vitam
1209 3330 1356 3386 instituisse
1369 3345 1376 3398 ;
1392 3336 1419 3384 et
1432 3335 1462 3382 ut
1475 3327 1503 3381 in
1517 3342 1551 3381 ea
1572 3325 1665 3396 plures
1681 3326 1816 3381 saltaren-

1020 3429 1072 3489 tur,
1088 3437 1175 3492 usque
1194 3420 1228 3474 ad
1242 3418 1366 3475 infirmos
1378 3416 1491 3488 Regulae
1505 3423 1672 3485 temperasse
1686 3413 1815 3486 rigorem

1019 3525 1074 3566 non
1093 3509 1225 3582 Regulam
1240 3506 1417 3564 destruxisse.
1436 3502 1516 3559 Absit
1534 3510 1623 3557 autem
1646 3509 1677 3556 ut
1697 3503 1814 3567 cratim,

1018 3607 1106 3655 tantas
1126 3613 1183 3667 eos,
1205 3604 1320 3670 quantas
1337 3595 1416 3651 rideo
1434 3593 1462 3648 in
1482 3590 1617 3663 plerisque
1635 3589 1814 3656 monasteriis,

1018 3689 1148 3744 vanitates
1170 3703 1202 3745 ac
1224 3683 1423 3758 superfluitates
1445 3680 1616 3754 precepisse,
1637 3680 1679 3735 vel
1703 3692 1815 3735 ocum

1018 3777 1096 3833 sisse.
1120 3777 1202 3832 bliror
1225 3775 1324 3832 etenim
1338 3773 1409 3829 uude
1432 3772 1502 3826 inter
1524 3769 1670 3825 monachos
1694 3766 1815 3823 tentain

1019 3866 1194 3938 tempemntia
1214 3865 1243 3920 in
1265 3860 1509 3920 comessationibus
1529 3865 1557 3913 et
1583 3856 1776 3928 potationibus,
1791 3853 1815 3908 in

1017 3955 1184 4011 vestimentis
1204 3961 1232 4009 et
1254 3950 1436 4017 lectisterniis,
1460 3956 1488 4005 et
1508 3945 1677 4018 equitaturis,
1697 3952 1727 4000 et
1750 3958 1814 3999 cou-

1018 4045 1155 4101 struendie
1168 4042 1289 4100 aediliciis
1310 4040 1458 4097 inolescere
1481 4037 1568 4108 potuit
1590 4049 1596 4089 :
1616 4041 1750 4106 quatenus
1770 4032 1816 4088 ubi

171 4129 280 4185 omuino
306 4129 535 4201 dispensationem
568 4131 673 4188 admitti
694 4133 812 4205 patiaris,
837 4133 965 4190 audacter
1018 4132 1077 4189 baec
1100 4132 1255 4199 studiosius,
1279 4128 1475 4200 voluptuosius,
1500 4131 1581 4194 atque
1602 4122 1716 4178 effusius
1740 4119 1815 4186 liunt,

169 4219 241 4284 dico,
268 4233 320 4273 nec
340 4227 367 4272 tu
389 4234 459 4288 eam,
481 4235 532 4275 nec
550 4220 595 4275 ille
618 4222 723 4278 tenetis.
746 4224 815 4278 Nam
842 4222 892 4279 etsi
919 4222 964 4277 ille
1018 4221 1055 4276 ibi
1069 4223 1135 4277 ordo
1148 4221 1248 4276 melius
1258 4219 1344 4276 teneri
1353 4217 1465 4281 dicatur,
1477 4213 1516 4269 ibi
1528 4212 1616 4282 major
1625 4218 1737 4283 putetur
1751 4209 1815 4266 reli·

170 4314 300 4379 quantum
327 4305 433 4375 quidem
458 4307 575 4378 pertinet
595 4310 629 4365 ad
649 4311 851 4368 observationes
870 4327 964 4382 corpo·
979 4308 1002 4387 0
1018 4309 1074 4381 gie.
1090 4311 1159 4365 Ecce
1185 4309 1258 4364 enim
1281 4306 1397 4379 parcitas
1417 4310 1527 4376 putatur
1546 4300 1664 4367 amritia,
1687 4298 1817 4355 sobrietas

170 4410 242 4459 reas,
259 4393 287 4448 in
301 4392 426 4465 pluribus
448 4394 573 4469 ollendit,
588 4399 755 4470 impossibile
769 4409 811 4457 est
833 4407 923 4455 tamen
939 4409 964 4456 tc
1016 4399 1158 4454 austeritas
1181 4398 1309 4463 creditur,
1334 4393 1472 4451 edentium
1495 4389 1603 4446 tristitia
1623 4394 1775 4461 reputatur.
1796 4386 1817 4441 ll

169 4499 279 4558 quoque
292 4484 334 4539 rel
349 4484 375 4537 in
395 4500 449 4540 uno
473 4500 528 4540 non
544 4488 706 4560 transgredi.
722 4488 781 4545 Seis
793 4501 884 4544 autem
900 4504 963 4560 qma
1016 4495 1110 4542 contra
1125 4486 1247 4541 remissio
1257 4483 1384 4541 discretio
1398 4482 1513 4548 dicitur;
1529 4478 1638 4546 allusio,
1650 4475 1816 4543 liberalitem

168 4573 197 4635 in
212 4590 266 4629 uno
281 4572 406 4640 ollendit,
430 4574 552 4631 omniurn
571 4584 613 4631 est
631 4593 703 4634 reus.
731 4577 779 4633 Sin
805 4590 871 4633 rero
898 4591 962 4633 con·
1016 4576 1174 4645 loquacitas,
1190 4570 1355 4641 allabilitas3
1371 4570 1548 4636 cachinnatio,
1562 4565 1735 4637 jncunditas;
1751 4563 1818 4620 mol·

167 4668 248 4720 cedas
262 4665 350 4734 aliqua
365 4679 447 4733 posse
463 4665 560 4719 mutari
575 4664 780 4736 dispensatorie,
796 4666 888 4734 procul
911 4665 961 4721 du-

155 4753 214 4809 ·bic
227 4760 253 4808 et
269 4761 296 4807 tu
312 4752 385 4808 illam
399 4759 484 4819 tenes,
504 4762 531 4809 et
546 4752 764 4826 illc,quanquam
777 4752 958 4810 dissimiliter:

164 4856 226 4898 nam
243 4853 272 4898 tu
289 4841 398 4911 quidem
413 4841 568 4908 districtius,
583 4851 609 4897 nt
624 4843 668 4899 ille
682 4843 956 4900 lonassediscretius.

1014 4662 1085 4719 lities
1108 4663 1330 4719 vestimentorum
1353 4668 1381 4717 et
1404 4674 1537 4731 equorum
1558 4656 1650 4721 lastus,
1666 4654 1815 4722 honestam

1013 4753 1145 4811 lectorum
1167 4752 1318 4823 superfluus
1338 4748 1435 4815 cultus,
1458 4745 1600 4801 munditia.
1614 4744 1742 4814 Cumque
1759 4742 1818 4797 baec

1012 4842 1172 4899 alterutrum
1205 4839 1398 4911 impendimus,
1426 4836 1542 4892 ebaritas
1573 4832 1738 4905 appellatur.
1764 4831 1817 4885 lete

162 4931 258 5002 Neque
271 4933 322 4986 boc
336 4930 407 4995 dico,
422 4931 485 5003 quia
500 4934 558 4987 bac
566 4931 700 4987 exteriora
711 4933 873 5006 negligenda
882 4931 955 4999 sint;
1012 4932 1127 4989 ebaritas
1151 4930 1265 4985 destmit
1289 4926 1457 4991 charitatem,
1479 4926 1538 4979 baec
1559 4921 1686 4978 discretio
1709 4920 1816 4976 diacre·

162 5028 211 5076 aut
224 5020 272 5090 qui
286 5036 316 5075 se
335 5019 363 5074 iu
386 5020 439 5076 illis
456 5036 510 5076 non
525 5021 686 5087 exercuerit,
702 5037 765 5078 mox
788 5024 849 5078 ideo
874 5021 954 5093 spiri·
1011 5021 1111 5078 tionem
1125 5017 1276 5075 contundit.
1289 5008 1721 5072 Tatismiserioordiacrudelnrte
1735 5009 1815 5080 plena

160 5108 241 5166 turbs
274 5109 430 5166 elliciatur:
463 5125 522 5166 curn
549 5111 639 5182 potius
663 5110 811 5182 spiritualia
836 5113 845 5181 (
870 5126 955 5181 quan·
1010 5118 1061 5178 est,
1086 5123 1141 5181 qua
1165 5106 1291 5164 videlicet
1318 5106 1354 5160 ita
1382 5101 1488 5174 corpori
1516 5102 1643 5167 servitur,
1667 5105 1698 5152 ut
1726 5095 1816 5152 anima

44 5242 49 5248 -
158 5215 239 5270 qnam
268 5199 389 5269 meliora}
418 5198 470 5254 uisi
498 5214 548 5271 per
575 5199 637 5269 ista,
665 5213 711 5256 aut
736 5201 799 5269 vix,
822 5207 868 5255 aut
891 5201 954 5256 nul·
1007 5199 1158 5270 iuguletur.
1185 5195 1252 5265 Quae
1276 5194 1377 5251 etenim
1405 5191 1522 5247 charitas
1545 5196 1595 5257 est,
1621 5201 1732 5244 carnem
1754 5185 1816 5240 dili·

61 5303 64 5309 ·
157 5286 264 5345 latenas
285 5288 523 5360 veluequirantur,
540 5290 582 5346 vel
596 5291 778 5359 obtineantur,
798 5290 868 5345 sieut
882 5289 952 5344 scri·
1009 5303 1085 5361 gere,
1101 5294 1129 5343 et
1147 5286 1273 5358 spiritum
1287 5282 1447 5359 negligeret
1461 5293 1556 5351 quave
1574 5276 1703 5334 discretio
1728 5282 1816 5331 totum

154 5384 231 5448 ptum
251 5384 304 5446 est,
328 5378 389 5433 lton
416 5380 496 5451 prius
520 5380 593 5451 qaod
620 5381 784 5456 spirituale,
809 5377 857 5436 scd
880 5378 953 5451 quod
1011 5376 1075 5433 dare
1088 5375 1207 5448 corpori,
1222 5383 1249 5430 et
1263 5373 1359 5430 anbnae
1373 5369 1464 5426 nibil‘l
1477 5367 1566 5441 qualis
1579 5380 1643 5423 vero
1660 5363 1817 5421 misericor.

160 5464 307 5530 oetmc1e3
322 5464 423 5523 deinde
447 5466 518 5538 quod
538 5468 689 5540 rptrr'tacte
704 5468 727 5536 (l
744 5467 804 5528 Cor,
823 5481 873 5532 xv,
896 5465 953 5536 lb).
1014 5464 1067 5535 dia,
1083 5464 1207 5522 anrdlam
1226 5461 1347 5529 relicere,
1362 5468 1390 5518 ct
1407 5457 1546 5516 dominam
1566 5452 1741 5513 interficeret
1761 5452 1819 5510 Ne·
