3728 5940
173 189 232 253 obt

641 180 668 239 S.
693 178 865 240 bubulam
878 178 1017 240 subluto
1036 179 1352 243 mlta-valtttltSts

1772 181 1826 259 55⁶.

173 329 425 400 Ecclesie,dilecte
448 323 485 378 fili
509 323 536 379 in
564 321 680 379 Domino
707 322 843 379 bernardo
871 319 1009 399 abbasfl
1060 306 1117 379 1380
1146 304 1320 363 lssss⁰⁰01¹liu⁸
1360 304 1498 362 otth0licae
1538 302 1665 362 Ecclesiae
1710 304 1824 377 episco-

172 423 375 482 incandesoente
404 413 475 471 Petri
503 412 600 469 Leonis
620 410 762 467 schismate
789 409 875 468 lorvor
904 419 967 478 tue,

1023 409 1083 463 pus.

173 511 314 583 religionis
327 515 354 562 et
367 501 537 560 discretionis
562 500 697 573 suceperit
723 500 925 571 defensandam,
941 511 969 557 et
1056 482 1115 555 138⁰
1130 481 1276 538 flamm
1289 483 1452 538 Albium
1466 483 1623 555 ‘limbi-⁸·

171 613 317 656 semorum
332 591 570 667 inexpugnabilem
585 607 634 661 pro
656 591 737 647 domo
760 589 813 646 Dei
827 604 968 662 opponens
1056 573 1115 645 ΕΚΘ
1142 573 1279 629 fl⁰ffl⁸1¹1¹³
1306 572 1378 630 ⁶18⁰·
1406 574 1482 630 card·
1511 573 1540 627 S·
1571 571 1661 629 Msstlae
1692 571 1719 629 in
1750 573 1820 629 Per·

170 689 273 744 arrlmos
287 701 382 759 regum
395 698 427 739 ac
439 682 647 754 principum-et
670 681 784 739 aliarum
806 690 860 737 tam
880 683 968 739 eccle-
1021 660 1084 717 ²5⁰⁰·

169 777 340 833 siasticarum
359 789 441 846 quam
455 772 625 828 secularium
640 786 828 842 personarum,
854 771 887 825 ad
911 771 964 828 Ca·

168 864 275 922 thelicae
290 861 421 920 Ecclesiae
435 861 575 930 unitatem,
592 869 621 916 et
634 860 706 916 beati
719 861 788 915 Petri
799 875 832 916 ac
846 868 964 916 nostram

167 954 359 1020 obedientiam,
389 951 573 1024 frequentibus
607 949 774 1021 argumentis
803 956 829 1004 et
861 948 965 1004 ratione

168 1043 277 1099 munitis
291 1042 419 1097 inducere
441 1037 618 1107 laboraverim
634 1053 734 1113 magna
761 1053 821 1109 qne
838 1036 965 1093 Ecclestae

169 1133 221 1189 Dei
249 1142 276 1187 et
306 1130 386 1187 nohis
412 1113 538 1201 proibuit
565 1126 665 1182 utilitas
694 1124 847 1182 manifestat
878 1126 962 1199 (ott).

168 1220 348 1289 Quamobrem
363 1217 417 1272 tuis
427 1215 507 1286 justis
517 1213 659 1272 desideriis
670 1213 906 1271 accommodantes
920 1229 963 1270 as·

169 1324 290 1379 sensnm,
316 1307 402 1362 beate
416 1304 507 1361 llarie
521 1303 571 1358 Dei
586 1302 722 1375 genitricis
749 1303 962 1367 monasterinm;

98 1404 101 1408 '
168 1397 213 1456 cui
226 1398 285 1454 Deo
299 1403 409 1453 auotme
435 1394 575 1466 presides,
598 1408 659 1449 cunr
674 1392 800 1449 omnihus
824 1392 964 1464 adipsum

167 1485 375 1562 pertinentibus,
395 1482 551 1556 apostolice
575 1481 647 1538 sedis
675 1481 822 1557 patrocinio
839 1496 962 1538 commu·

166 1576 294 1635 trivimus.
324 1575 490 1642 statuentes,
516 1579 546 1627 ut
567 1586 745 1644 quascunque
777 1568 964 1642 possessiones

165 1676 212 1725 aut
224 1666 304 1731 bona,
320 1679 381 1736 que
395 1663 430 1720 ad
448 1661 572 1718 eumdem
596 1661 687 1718 locum
714 1659 963 1732 inpresentiarum

162 1757 235 1826 juste
249 1763 278 1811 et
291 1753 422 1813 canonice
438 1752 574 1824 pertinere
592 1760 751 1817 noscuntur,
768 1759 813 1806 aut
834 1752 862 1805 in
885 1750 962 1808 lutu-

164 1861 227 1900 rum
238 1842 412 1901 concessione
425 1840 593 1911 pontificum,
621 1840 780 1896 iiberalitate
794 1855 889 1914 regum
918 1840 963 1898 rel

165 1933 326 2006 principum,
342 1930 476 1986 oblatione
489 1928 613 1984 fidelium
628 1945 675 1985 seu
689 1929 749 1985 aliis
762 1929 843 1998 justis
861 1928 961 1999 modis,

164 2021 310 2079 auxiliante
327 2018 454 2084 Domino,
469 2016 496 2073 ei
509 2016 626 2074 coalerri
639 2017 794 2090 rentigerit,
819 2015 898 2072 firma
912 2017 961 2072 tibi

164 2110 282 2184 tuisque,
296 2105 509 2173 successoribus,
525 2113 553 2160 ct
567 2104 672 2161 illibata
695 2113 880 2178 permancant.
897 2106 963 2162 Pro-

163 2201 289 2257 hibemus
302 2214 337 2254 ne
351 2195 448 2269 aliquis
470 2194 689 2267 archiepiscopus
716 2203 764 2249 aut
778 2193 922 2264 episcopus
937 2201 963 2249 to

163 2289 206 2347 vel
219 2300 393 2345 successores
411 2293 484 2350 tuos,
504 2299 553 2338 seu
572 2282 687 2355 aliquem
710 2283 836 2338 abbatem
859 2283 961 2337 Cister-

161 2378 261 2436 ciensis
275 2375 387 2439 ordinis,
402 2372 454 2428 nisi
469 2387 520 2443 pro
536 2371 587 2427 fide
606 2372 641 2426 ad
661 2371 806 2428 concilium
821 2373 862 2427 vel
876 2386 961 2442 syno-

161 2468 227 2523 dum
242 2466 331 2525 venire
345 2461 500 2534 compellat.
515 2458 586 2528 Quin
607 2476 672 2517 vero
687 2459 868 2518 cisterciense
899 2476 962 2518 mo·

162 2555 309 2614 neoterium
336 2553 418 2622 hujus
434 2549 574 2626 religionis
598 2550 674 2623 origo
701 2557 841 2621 astatque
862 2549 961 2620 princi-

161 2648 248 2720 pium,
264 2653 356 2702 nostru
369 2640 545 2699 concessione
569 2641 619 2695 hac
638 2638 816 2711 prerogativa
838 2654 892 2695 non
906 2639 960 2694 im-

163 2735 261 2791 merito
274 2731 406 2806 gaudeat;
422 2738 452 2785 ut
466 2727 606 2800 siquando
625 2725 705 2785 luerit
726 2736 836 2798 pastore
850 2727 961 2799 proprio

163 2823 312 2887 viduatum,
327 2818 473 2891 quenlibet
486 2816 610 2871 abbatem
629 2815 663 2870 de
678 2815 805 2873 omnibus
819 2816 961 2872 abbatibus

162 2911 242 2968 rastri
256 2909 371 2976 ordinis,
388 2906 433 2966 tel
460 2906 622 2962 monachum
646 2904 700 2959 sibi
715 2905 798 2961 libere
812 2905 961 2977 preficien-
976 2898 998 2977 c

162 3003 228 3058 dum
241 2999 332 3072 eligat,
346 3006 374 3053 et
388 2998 489 3069 absque
503 2994 593 3067 aliqua
606 2992 819 3050 contradictione
830 2994 960 3067 obtineat,

161 3091 268 3150 ceteris
281 3103 345 3146 vero
362 3085 445 3144 vestri
472 3083 575 3141 ordinis
595 3083 721 3149 abbatiis,
737 3098 798 3155 que
819 3098 902 3140 unam
920 3083 960 3138 vel

162 3181 255 3253 plures
281 3176 400 3234 abbatias
427 3175 526 3230 habent
558 3172 609 3229 sibi
636 3172 766 3239 subditas,
795 3179 822 3228 et
848 3176 881 3228 de
918 3172 960 3229 sui

162 3269 286 3340 corporis
296 3264 435 3322 tructilera
454 3263 532 3335 copia
544 3260 688 3327 deriuatas,
703 3259 792 3321 net)
801 3262 897 3318 abbate
911 3279 960 3319 suo

163 3359 244 3414 rebus
263 3353 388 3411 humanis
402 3359 538 3421 exempto,
553 3350 672 3425 eligendi
689 3367 875 3422 quemcunque
901 3368 959 3407 ma·

163 3447 261 3504 luerint
288 3445 321 3500 de
350 3442 403 3497 sibi
426 3440 554 3510 subjectis
575 3438 726 3506 abbatibus,
747 3439 789 3496 rel
815 3440 961 3511 quemlibet

165 3536 325 3593 monachum
352 3533 386 3586 de
412 3531 540 3587 omnibus
565 3529 820 3603 congregationibus
856 3529 958 3586 Cister-

163 3624 311 3689 ciensibus‚
327 3621 439 3677 liberam
467 3619 640 3676 concedimus
653 3617 833 3690 ,laenitatem
848 3618 896 3673 llla
911 3635 960 3675 au-

165 3725 224 3771 tem
238 3710 345 3769 abbatia
360 3726 422 3783 que
437 3709 540 3765 unllam
554 3709 638 3763 babet
651 3706 797 3774 subditam,
811 3708 960 3780 quemlibet

165 3803 376 3862 monachumde
398 3799 523 3858 omnibus
538 3795 656 3870 praelate
683 3796 821 3870 religionis
844 3814 958 3874 congre-

165 3893 328 3971 gationibus,
343 3892 427 3949 libere
442 3889 492 3945 sibi
507 3888 535 3944 in
559 3887 684 3945 abbatem
707 3885 789 3960 eligat
804 3893 831 3943 ct
850 3886 957 3943 haheat.

166 3987 248 4043 Porro
267 3997 414 4042 conversos
441 3986 545 4036 vestros
572 3976 618 4049 qui
649 3973 776 4032 monachi
804 3989 858 4031 non
885 3984 957 4040 snut,

1055 750 1114 825 Ego
1127 750 1246 807 loannes
1257 750 1297 807 tit.
1314 751 1342 807 S.
1359 750 1528 824 Chrysogoni
1549 749 1639 822 presb.
1654 749 1729 810 card.

1054 839 1114 912 Ego
1141 839 1291 910 Gregorius
1318 839 1387 897 diac.
1420 841 1492 897 card.
1521 839 1570 895 SS.
1593 838 1679 912 Sergii
1707 848 1735 896 et
1752 840 1824 898 liac-

1019 926 1073 982 cbi.

1054 1014 1151 1071 Datum
1175 1013 1311 1087 Lugduni,
1340 1031 1389 1086 per
1416 1030 1526 1072 manum
1551 1014 1695 1072 Haimerici
1720 1029 1824 1075 sancte

1018 1104 1149 1161 Romane
1176 1103 1303 1160 licclosie
1326 1104 1396 1160 diac.
1426 1104 1500 1160 card.
1527 1114 1553 1160 et
1586 1102 1740 1162 cancellarii
1768 1121 1823 1164 xrrt

1018 1194 1071 1250 hal.
1087 1192 1185 1258 hlartii,
1201 1192 1295 1250 indict.
1310 1209 1334 1250 c.
1352 1208 1383 1248 ιι.
1399 1190 1596 1249 incarnationis
1609 1193 1735 1250 dominiae
1750 1210 1823 1253 anno

1019 1297 1140 1349 uexari,
1156 1279 1278 1356 pontific.
1307 1282 1410 1340 domini
1434 1281 1619 1339 innocentiill
1643 1299 1719 1355 pape
1748 1299 1823 1341 anno

1018 1370 1107 1428 tertio.

1159 1489 1240 1547 82!
1259 1491 1425 1551 EPlSTOLh
1439 1494 1562 1552 GCCblll
1580 1491 1666 1564 (925).

1079 1602 1115 1644 ao
1128 1603 1299 1646 wrunuauntt
1313 1604 1441 1648 aaaarsrr
1457 1607 1497 1647 aa
1511 1602 1647 1647 arevacis
1665 1589 1753 1658 (926).

1018 1685 1108 1744 doner
1118 1688 1318 1761 equanimiter
1331 1693 1407 1760 serre
1416 1690 1600 1761 illegitimam
1615 1687 1823 1758 archiepiscopi

1214 1775 1620 1834 Eboraceasisordirratioacm.

1051 1872 1152 1929 Dilecto
1167 1872 1241 1928 tratri
1256 1883 1284 1930 et
1297 1875 1421 1931 coabbati
1437 1891 1487 1931 sno
1500 1877 1661 1934 Wrunamro
1689 1873 1722 1927 dc
1750 1871 1818 1929 lile·

1015 1960 1094 2026 talla,
1119 1959 1203 2016 irater
1228 1961 1397 2020 Busatauns
1427 1964 1461 2018 de
1485 1962 1665 2028 Clara-Valle,
1694 1960 1817 2032 spiritum

1015 2048 1122 2106 consilii
1136 2056 1163 2104 et
1176 2047 1353 2109 fortitudinis.

1051 2139 1150 2194 Audivi
1164 2140 1235 2211 quod
1255 2139 1355 2197 lactum
1376 2149 1418 2197 est
1440 2144 1474 2198 de
1489 2142 1693 2214 archiepiscopo
1714 2139 1773 2202 illo,
1790 2143 1817 2195 et

1015 2228 1161 2299 plurimmn
1171 2227 1260 2284 doleo.
1271 2230 1418 2303 Propterea
1433 2230 1522 2288 sciens
1535 2232 1621 2287 zelum
1633 2237 1765 2293 restrum,
1783 2242 1817 2282 ne

1016 2315 1086 2372 forte
1095 2318 1156 2389 plus
1164 2316 1238 2387 iusto
1248 2317 1358 2383 terreat,
1370 2325 1609 2391 temperamentum
1624 2317 1744 2376 scientie
1758 2329 1815 2371 non

1016 2405 1170 2470 admittens,
1198 2406 1271 2478 qnod
1297 2422 1347 2464 nec
1372 2405 1459 2463 ordini
1486 2415 1580 2463 nostro
1599 2405 1735 2470 convenit,
1765 2418 1817 2461 nec

1015 2494 1107 2550 domui
1122 2503 1219 2552 restrae
1232 2494 1414 2552 necessarium
1433 2504 1487 2564 est,
1504 2494 1616 2568 dignum
1631 2493 1694 2550 duxi
1709 2509 1815 2550 conso·

1016 2583 1110 2640 latoria
1124 2578 1242 2641 scribere
1259 2580 1334 2643 robls
1358 2598 1366 2640 :
1389 2583 1514 2657 quonism
1540 2584 1606 2639 satis
1628 2580 1817 2654 equanimiter

1015 2673 1147 2745 portanda
1156 2678 1220 2729 sunt
1233 2679 1340 2741 cetera,
1354 2672 1573 2748 quandoquidem
1592 2687 1648 2729 non
1662 2684 1712 2726 nos
1722 2668 1817 2741 arguit

1015 2761 1123 2832 propria
1140 2761 1313 2819 conscientia.
1334 2762 1453 2819 Securus
1475 2761 1546 2828 dico,
1571 2775 1662 2833 neque
1685 2757 1817 2829 iniquitas

1015 2859 1116 2917 restra,
1138 2868 1223 2924 neque
1243 2859 1384 2924 peccatum
1408 2860 1528 2909 vestram
1556 2847 1702 2906 destitistis
1727 2849 1817 2921 quoad

1014 2940 1155 3012 potuistis:
1170 2942 1226 3011 jam
1240 2941 1393 3000 secundum
1406 2940 1552 3014 Augustini
1575 2937 1747 3003 sententiam,
1762 2950 1817 2992 non

1014 3041 1064 3085 vos
1078 3028 1198 3101 inquinat
1220 3029 1341 3086 alienum
1373 3030 1484 3095 malum,
1513 3025 1732 3101 qnandoquidem
1762 3035 1817 3078 aon

1014 3116 1188 3172 consensistis
1201 3118 1295 3184 corde,
1322 3125 1350 3172 et
1374 3132 1421 3174 ore
1437 3116 1628 3189 redarguistis.
1657 3113 1703 3171 tit
1724 3111 1815 3168 enirn:

1017 3221 1029 3257 a
1046 3205 1156 3261 Duobus
1172 3203 1259 3260 modis
1273 3219 1327 3260 non
1341 3212 1369 3260 te
1381 3205 1506 3276 inquinat
1516 3206 1637 3261 alienum
1648 3203 1750 3259 malum
1765 3199 1815 3274 [ol.

1013 3308 1067 3348 non
1086 3292 1244 3364 teinquinat
1256 3292 1365 3366 malnsl,
1381 3293 1404 3349 si
1416 3308 1470 3349 non
1483 3292 1629 3359 consentis,
1645 3298 1674 3350 et
1687 3291 1710 3348 si
1723 3289 1813 3347 redar-

1013 3380 1085 3455 guis.
1109 3405 1119 3431 ι
1138 3382 1238 3452 (Serra.
1256 3383 1301 3448 88,
1317 3395 1378 3453 cap.
1396 3384 1439 3447 l8,
1455 3398 1483 3436 n.
1510 3381 1566 3452 ts.)
1581 3382 1622 3438 De
1635 3387 1732 3438 celem
1757 3379 1815 3449 jani

1013 3471 1084 3528 bono
1097 3471 1188 3528 animo
1203 3478 1298 3537 estote,
1324 3479 1351 3528 et
1373 3470 1457 3526 nolite
1471 3470 1585 3526 turbari.
1601 3470 1643 3525 De
1666 3467 1814 3526 Ordinibus

1012 3568 1116 3618 reroet
1141 3559 1336 3617 Sarcrameutis
1358 3558 1463 3617 ceteris
1489 3560 1599 3628 scitote,
1613 3558 1742 3631 qnoniam
1766 3556 1812 3629 qul

1013 3648 1138 3722 baptizat,
1154 3649 1215 3723 ipse
1232 3656 1260 3707 et
1273 3656 1371 3716 sacrat,
1396 3648 1516 3705 Christus
1530 3647 1672 3716 Dominus,
1687 3646 1814 3704 Pontifex

1013 3739 1165 3795 animarum
1176 3744 1342 3796 nostrarum.
1352 3737 1432 3810 Quod
1452 3736 1549 3810 siquis
1574 3734 1761 3793 contentiosus
1773 3738 1815 3791 est

1013 3843 1097 3899 super
1110 3826 1290 3895 ordinatione,
1301 3841 1383 3884 nemo
1398 3842 1447 3884 ros
1458 3827 1532 3900 cogit
1551 3823 1684 3884 ordinari.
1695 3823 1813 3883 Omnino

1013 3925 1103 3972 tamen
1117 3933 1211 3975 secure
1225 3917 1296 3986 dico,
1321 3918 1345 3973 si
1359 3934 1421 3975 cum
1435 3916 1558 3973 Ecclesia
1579 3913 1736 3986 suscipitur,
1759 3929 1814 3972 aon

1012 4013 1053 4062 est
1068 4005 1230 4078 periculum.
1252 4005 1383 4078 Alioquin
1397 4006 1431 4063 dc
1444 4001 1607 4062 boemundo
1620 4011 1769 4071 extremus,
1790 4002 1814 4058 si

165 4086 227 4150 post
241 4074 338 4132 laetam
352 4074 379 4128 in
389 4069 489 4130 restris
502 4067 634 4124 coenobiis
644 4065 848 4139 prolessionem‚
864 4066 956 4122 nullus
1010 4095 1142 4152 ,egemus
1169 4109 1266 4150 omnes
1280 4093 1366 4150 malos
1380 4093 1486 4168 fugere,
1496 4107 1563 4164 quos
1573 4090 1692 4148 Ecclesia
1706 4090 1811 4148 ,olem

165 4163 439 4233 archiepiscoporum,
464 4155 652 4228 episcoporum
672 4154 714 4210 vel
733 4153 871 4220 abbatum,
897 4154 956 4209 siae

165 4260 254 4305 restra
284 4255 360 4319 grata
395 4244 505 4300 licentia
539 4240 686 4311 suscipere,
725 4251 771 4298 aut
803 4253 956 4315 susceptum

166 4343 284 4401 retinere
298 4342 454 4398 Presumat.
470 4338 617 4394 statuimus
632 4346 661 4393 ut
674 4337 708 4395 de
723 4339 871 4407 laboribus,
891 4356 960 4413 quos

167 4448 216 4489 tos
230 4440 254 4487 et
272 4430 353 4486 totins
367 4438 463 4486 restrae
488 4427 706 4500 congregationis
733 4429 829 4486 iratres
842 4432 961 4503 propriis

168 4522 291 4579 meamus
318 4527 345 4576 et
384 4517 536 4588 sumptibus
564 4517 662 4582 colitis,
690 4526 717 4574 et
744 4520 779 4577 de
799 4521 960 4578 animalibus

166 4609 273 4680 restris,
284 4625 301 4665 a
313 4608 390 4668 robis
403 4607 521 4663 decimas
542 4613 663 4676 expetere
679 4608 720 4664 vel
735 4610 855 4681 recipere
880 4626 961 4668 nemo

167 4709 324 4776 presumat.
352 4697 427 4756 Nulli
454 4710 529 4771 ergo,
558 4705 611 4752 etc.
640 4697 870 4756 conservantibus
899 4714 962 4758 vero

168 4792 256 4849 eidem
272 4789 331 4845 loco
345 4802 406 4860 que
416 4802 465 4841 sua
479 4794 551 4851 sunt,
567 4787 601 4841 sit
611 4802 662 4857 par
680 4788 784 4845 bomini
799 4787 884 4843 nostri
898 4791 961 4847 lesu

166 4880 265 4938 Christi
286 4887 445 4951 :quatenus
471 4883 498 4932 et
530 4875 574 4931 hic
601 4875 720 4932 lructum
748 4876 828 4934 hone
849 4877 963 4933 actionus

167 4969 327 5045 percipiant,
356 4977 383 5023 et
405 4966 477 5038 apud
494 4963 661 5021 ‘districtum
698 4964 819 5022 iudicem
852 4968 962 5036 praemia

166 5069 274 5116 eterne
288 5058 362 5129 pacis
372 5054 517 5114 inveniant.
529 5055 625 5108 Amrn.

202 5201 281 5278 teet)
294 5203 358 5258 llec
371 5197 453 5257 verba
467 5197 608 5254 laudantur
622 5213 638 5252 a
651 5197 786 5255 Gauirido
809 5197 838 5252 in
853 5198 916 5254 Vita
931 5199 959 5255 S.

164 5274 303 5341 llernardi,
319 5273 366 5328 lib.
383 5285 426 5341 tu,
442 5284 469 5325 n.
487 5272 530 5327 ts.

199 5344 364 5418 (santellas
387 5341 502 5414 epistola
525 5342 594 5398 379:
623 5356 684 5413 que
711 5354 775 5396 reto
808 5346 888 5397 antea
908 5343 959 5396 353

162 5427 230 5483 erat,
244 5431 318 5471 nnnc
330 5416 394 5470 38¹1.
408 5411 514 5485 Scripta
527 5412 598 5468 circa
610 5427 709 5466 annum
720 5412 800 5471 llll.

204 5488 280 5562 (926)
298 5486 325 5540 ls
339 5490 381 5540 cst
394 5483 556 5548 willelmus,
571 5483 702 5540 ltisvallis
715 5483 744 5538 in
761 5482 872 5538 diecesi
886 5480 958 5539 libo·

973 4178 997 4257 n
1013 4183 1056 4240 lld
1071 4201 1214 4254 summam,
1230 4198 1284 4241 nou
1298 4182 1345 4240 diu
1373 4184 1490 4239 tardabit
1502 4181 1568 4254 quin
1593 4180 1743 4238 innotescat
1770 4195 1813 4237 res

1014 4289 1120 4331 summo
1135 4274 1276 4331 Pontifici:
1291 4282 1318 4330 et
1329 4273 1402 4346 quod
1415 4270 1578 4330 ordinaverit
1593 4279 1640 4327 aut
1653 4269 1815 4343 preceperit

1013 4363 1084 4435 ipso,
1104 4365 1175 4419 bona
1188 4364 1300 4419 omnino
1314 4360 1478 4420 conscientia
1501 4358 1645 4432 sequimini
1661 4369 1690 4415 et
1713 4366 1811 4416 macte.

1013 4453 1126 4510 tntertrn
1141 4468 1190 4511 vos
1204 4453 1390 4524 equanimiter
1403 4457 1568 4523 exspectate.

1207 4565 1372 4624 arrsrom
1393 4564 1515 4622 cccut
1530 4564 1616 4636 (sart.

1014 4681 1051 4723 ΔΙ)
1071 4679 1437 4724 nnemtutssosourttonott
1455 4678 1633 4727 sinistrabunt,
1653 4675 1725 4717 stura
1744 4678 1813 4720 ΒΜ.-

1154 4753 1232 4794 butrtr
1246 4754 1339 4809 stols,
1353 4753 1390 4795 ΕΤ
1401 4751 1534 4793 FULCONIS
1548 4746 1672 4790 ΠΧΟΙΕΙ.

941 4877 946 4887 .
1046 4824 1154 4885 llortuo
1174 4829 1296 4886 Falcone
1307 4831 1368 4886 otro
1391 4844 1450 4896 sao,
1466 4829 1502 4882 ot
1526 4841 1556 4883 sc
1569 4822 1785 4898 qmerc'dclrect,

1050 4917 1478 5043 lllnstrissimaelerosolgmorunt
1502 4914 1602 4988 regine
1624 4912 1661 4969 hl.
1687 4913 1815 4970 Banath-

1014 4988 1313 5115 qunfflgqnevallensis
1338 4988 1434 5056 abas,
1461 4987 1584 5043 inveniro
1602 4985 1718 5059 gratiam
1741 4987 1811 5058 apud

1014 5203 1119 5260 recensi
1133 5202 1241 5260 Ordinis
1268 5202 1456 5260 cisterciensis
1482 5200 1578 5269 abbas,
1623 5213 1660 5256 uo
1688 5196 1813 5254 ministro

1015 5289 1081 5329 usus
1095 5283 1136 5330 est
1149 5275 1300 5332 hemardus
1315 5275 1343 5331 in
1358 5274 1498 5331 scribenda
1523 5216 1638 5344 opistoqa
1669 5275 1681 5325 l
1699 5271 1732 5326 ad
1757 5269 1812 5325 lto·

1015 5343 1128 5403 bertum.
1144 5349 1183 5403 lte
1197 5348 1314 5406 llierslle
1328 5346 1493 5404 ilonasucon
1523 5342 1630 5416 anglic.
1660 5359 1692 5415 pa
1716 5383 1723 5397 .
1745 5342 1812 5397 iti.

1052 5417 1128 5489 (927)
1141 5417 1263 5490 Epistola
1287 5434 1371 5486 noaa;
1393 5433 1453 5491 que
1476 5432 1539 5476 acro
1557 5422 1640 5471 antea
1662 5357 1716 5469 3ὅῖ
1740 5418 1811 5482 erat,

1015 5491 1273 5564 annessascripts
1284 5489 1552 5547 mnocurbttrtta.
