3728 5940
179 227 231 290 tta

643 223 670 282 S.
691 221 855 282 llllllllhlllll
874 216 1011 278 llssalls
1031 217 1352 284 clena-llllllllsls

1773 215 1827 278 351

174 357 326 412 adheserat
341 354 419 408 Petro
433 346 574 404 abalardo
598 363 604 403 :
633 347 711 415 eujus
734 361 830 402 omnes
853 360 970 421 errores,
988 364 1012 442 g
1027 347 1062 401 rit
1075 345 1151 401 lavor
1173 354 1271 416 vester,
1285 349 1338 402 erit
1356 345 1490 404 tuniculas
1513 345 1624 418 triplex,
1639 345 1687 418 qui
1710 344 1827 405 difficile

175 445 210 501 ab
225 442 345 499 Ecclesia
357 439 414 512 jam
436 435 618 507 deprehensos
638 443 720 508 atqua
742 436 895 505 damnatos,
909 450 969 491 cum
1028 433 1170 505 rumpitur,
1195 450 1277 505 supra
1300 436 1421 502 modum,
1440 445 1469 493 ιιι
1491 450 1599 505 vereor,
1625 432 1778 490 nociturus.
1792 434 1828 494 Bt

175 533 222 589 illo
240 532 320 587 etiem
335 535 362 582 et
380 540 436 596 prae
455 523 502 579 illo
516 523 660 581 defendere
675 524 773 579 acriter
787 533 815 580 et
827 521 971 595 pertinaci·

174 630 215 678 ter
229 617 384 675 conabatur.

207 712 235 762 a.
250 708 285 762 Et
299 705 326 759 in
342 705 384 759 his
397 702 522 759 omnihus
536 717 591 757 non
613 708 655 757 est
677 716 789 757 avarsus
808 697 884 754 luror
898 699 968 767 eius,

172 796 219 852 sed
233 793 320 850 adhuc
334 806 429 846 manus
443 791 504 859 eius
517 796 635 845 extenta.
654 788 722 844 Nam
736 789 817 843 etiam
833 787 870 842 ita
883 801 970 856 ragus

171 894 199 941 et
214 881 347 957 profugus
370 895 452 951 super
471 885 580 943 terram,
596 877 668 949 quod
686 877 742 946 jam
755 891 809 931 non
823 875 887 931 licet
899 874 970 929 inter

172 987 249 1039 suos,
264 985 317 1026 non
332 973 420 1025 cesset
430 966 500 1037 apud
516 965 630 1034 alienos,
645 973 773 1036 anquam
788 963 831 1021 leo
846 962 969 1044 largiens,

170 1060 305 1117 circuiens
323 1066 350 1113 et
365 1069 491 1128 quaerens
513 1069 594 1123 quem
614 1053 735 1109 deraret.
756 1053 789 1108 Et
813 1066 884 1106 nunc
897 1050 970 1122 apud

172 1164 231 1215 vos,
256 1147 327 1204 siout
349 1143 511 1215 accepimus,
532 1147 660 1214 operatur
679 1139 858 1211 iniquitatem,
874 1146 901 1195 ιι
919 1138 969 1193 de·

1023 537 1106 576 unum
1122 524 1247 578 existimo
1260 524 1295 578 de
1308 524 1425 591 duobus,
1442 524 1465 580 si
1480 529 1571 579 tamen
1589 538 1682 578 rerum
1695 533 1738 579 est
1751 521 1827 595 quod

1022 609 1163 664 vobiscum
1189 611 1325 666 hominem
1355 612 1478 668 habeatis
1502 631 1510 666 ι
1534 616 1582 666 ιιι
1609 611 1699 666 minus
1723 609 1826 666 scilicet

1024 707 1116 753 notum
1129 698 1205 754 vohis
1214 714 1274 755 esse
1287 700 1363 757 illurn
1374 719 1382 771 3
1394 706 1442 756 aut
1453 715 1510 766 ros,
1521 699 1593 770 quod
1608 705 1656 774 eat,
1662 697 1826 770 credibilius,

1024 785 1057 840 de
1080 790 1141 855 ejus
1165 789 1333 843 correctione
1360 786 1506 845 confidere.
1531 786 1564 840 Et
1587 786 1689 842 utinam
1718 787 1744 840 id
1771 801 1826 842 non

1024 870 1130 929 trustra.
1161 873 1226 942 Quis
1252 875 1297 932 det
1326 876 1362 932 de
1384 876 1476 950 lapide
1499 876 1552 930 hoc
1579 875 1710 931 suscitare
1739 873 1826 930 filium

1024 961 1161 1017 Abrahae?
1188 961 1274 1031 Quam
1301 972 1406 1039 gratum
1433 980 1531 1020 munus
1562 963 1714 1032 susciperet
1737 970 1826 1020 mater

1024 1048 1140 1107 Ecclesia
1157 1051 1193 1106 de
1211 1052 1337 1107 manibus
1360 1051 1455 1110 restris
1477 1067 1525 1108 ras
1548 1051 1576 1105 in
1595 1052 1735 1118 honorem,
1750 1051 1823 1122 quod

1024 1136 1124 1192 tamdiu
1138 1153 1217 1208 passa
1231 1139 1309 1195 estin
1321 1138 1536 1196 contumeliam?
1549 1139 1624 1196 Licet
1640 1146 1744 1195 ιιιιιιιι
1755 1156 1763 1204 ;
1775 1139 1823 1194 sed

170 1245 245 1293 rorat
273 1234 381 1309 plebem
403 1239 532 1300 vestram,
561 1231 631 1286 sicul
658 1245 746 1285 escam
771 1230 857 1299 panis.
886 1227 969 1298 Cujus
1023 1227 1063 1281 vir
1077 1229 1198 1296 prudens
1220 1241 1316 1286 cautus
1334 1233 1386 1287 erit
1407 1215 1464 1285 non
1483 1229 1634 1305 transgredi
1660 1227 1824 1301 praeilnitum

171 1322 358 1382 maledictione
381 1330 408 1376 et
428 1319 605 1376 amaritudine
623 1333 654 1374 os
672 1317 780 1390 plenum
794 1325 845 1384 est,
859 1315 969 1372 veloces
1023 1331 1165 1370 numerum
1179 1317 1212 1370 ab
1223 1316 1421 1388 Apostolo,qui
1431 1318 1468 1372 ait
1480 1336 1487 1372 :
1499 1318 1670 1376 haereticam
1680 1317 1824 1375 hominem

170 1414 252 1487 pedes
265 1414 325 1483 ejus
338 1410 372 1465 ad
388 1408 584 1465 effundendum
598 1406 756 1478 sanguinem
777 1425 783 1462 :
804 1403 929 1460 contritio
943 1410 969 1458 et
1021 1408 1084 1476 post
1093 1419 1183 1460 enom
1194 1409 1221 1461 ιι
1230 1406 1385 1462 secundnm
1399 1408 1605 1479 correptionem
1616 1407 1825 1472 devitaremus

169 1501 313 1559 infelicitas
321 1499 348 1554 in
359 1497 411 1554 riis
420 1498 490 1566 ejus,
501 1504 527 1550 et
536 1494 609 1549 riam
619 1492 690 1563 pacis
700 1507 754 1548 non
765 1492 902 1563 cognorit.
912 1491 966 1545 lni·
1025 1493 1090 1565 quic
1109 1492 1258 1550 subversus
1279 1499 1322 1550 cst
1342 1495 1392 1566 qui
1404 1494 1544 1566 &asmodi
1562 1499 1614 1559 est,
1638 1498 1665 1549 ct
1682 1494 1825 1567 delinquit

168 1589 254 1646 micus
267 1586 355 1643 crucis
369 1584 477 1647 Christi,
492 1580 641 1639 seminator
655 1579 809 1641 discordiae,
824 1577 967 1634 fabricator
1018 1581 1134 1652 proprio
1143 1581 1253 1652 judicic
1266 1581 1551 1652 monantulam.
1567 1598 1606 1651 m,
1621 1585 1731 1650 10,11).
1747 1582 1824 1638 Allo.

169 1677 354 1743 schismatum,
379 1675 500 1729 lnrhulor
523 1668 605 1739 pacis,
622 1667 732 1723 unitatis
745 1666 869 1723 diuisor:
888 1666 967 1734 cujus
983 1640 1005 1717 fl
1020 1668 1085 1737 quin
1111 1667 1271 1726 familiarem
1289 1670 1399 1735 habere,
1416 1678 1444 1726 ιι
1458 1669 1611 1742 frequenter
1625 1669 1770 1725 admittere
1788 1669 1822 1724 ad

167 1765 263 1822 dentes
272 1780 347 1821 arma
356 1773 384 1818 et
392 1759 508 1832 sagittae,
519 1765 546 1814 ιι
561 1757 655 1827 lingua
666 1756 725 1825 ejus
738 1754 845 1828 gladius
858 1761 965 1811 acutus.
1020 1755 1237 1826 colloquendum,
1252 1771 1287 1812 ne
1299 1756 1388 1813 dicam
1412 1757 1446 1812 ad
1469 1755 1678 1821 convivandum,
1700 1758 1823 1826 suspicio

167 1853 263 1910 llolliti
277 1860 340 1908 sunt
354 1863 495 1905 sermones
508 1847 568 1916 ejus
581 1859 663 1915 super
682 1843 781 1905 oleum,
798 1852 825 1898 et
837 1842 890 1911 ipsi
904 1848 967 1896 sunt
1020 1842 1119 1898 iaroria
1133 1853 1186 1910 est,
1200 1851 1226 1898 et
1248 1843 1348 1901 inimici
1362 1845 1480 1900 hominis
1504 1843 1581 1901 tortis
1605 1850 1749 1898 eririatura.
1768 1843 1823 1900 Sc-

166 1943 267 2015 iottllt·
283 1939 361 1996 Unde
374 1944 402 1994 ei
418 1936 488 1991 solet
511 1932 564 1989 Sibi
586 1932 693 1987 allicere
712 1930 819 1986 blandis
832 1930 965 1986 sermoni·
1018 1947 1083 1989 cure
1097 1934 1264 1990 annuntiabit
1278 1944 1304 1991 et
1315 1933 1392 1990 facile
1406 1934 1581 2006 persuadebit
1593 1949 1655 2007 quae
1678 1933 1751 1989 rolct
1766 1933 1821 1988 do·

168 2033 221 2088 bus
247 2036 274 2086 et
302 2024 471 2084 simulatione
497 2022 624 2078 virtutum
649 2019 746 2076 divites
773 2025 800 2074 et
828 2025 963 2090 potentes,
1020 2021 1147 2077 niesticus
1165 2030 1193 2077 el
1216 2022 1419 2080 contubernalis
1440 2022 1527 2095 legali
1546 2020 1702 2093 apostolicae
1727 2020 1819 2076 Sedis.

168 2123 245 2192 juxta
259 2116 341 2174 illud:
356 2113 436 2172 Sedet
446 2109 598 2169 iniustitiis
612 2125 677 2163 corn
687 2107 859 2165 dinitibnsr‘n
871 2107 966 2165 occul·
1019 2107 1085 2176 Quis
1107 2109 1180 2164 enim
1208 2125 1223 2164 a
1246 2111 1328 2167 latere
1355 2111 1458 2167 domini
1486 2111 1564 2182 Papae
1592 2109 1655 2164 mali
1680 2108 1820 2181 quidpiam

170 2211 215 2273 tis,
227 2209 259 2262 ιιι
270 2203 427 2272 interficiat
437 2200 616 2255 innocentem
629 2196 715 2266 (Paci.
732 2209 773 2263 ιι,
785 2195 841 2260 29).
853 2193 964 2251 ὓιιιιιιιιι
1018 2194 1191 2268 suspicetur?
1204 2198 1258 2254 Sed
1279 2206 1307 2254 et
1326 2198 1349 2254 si
1372 2199 1401 2254 in
1425 2198 1569 2255 manilesto
1593 2194 1675 2253 189
1693 2212 1821 2267 perversa

168 2312 229 2352 curn
244 2290 370 2350 tueritne
394 2290 503 2344 illorum
522 2293 627 2357 captata
642 2280 828 2338 benevolentia
843 2290 869 2337 et
888 2281 965 2336 lami·
1017 2283 1152 2356 loquitur,
1181 2286 1228 2358 qui
1255 2301 1286 2341 se
1318 2285 1396 2342 facile
1432 2301 1572 2358 opponere
1606 2287 1703 2342 audeat
1730 2293 1820 2342 vestro

168 2385 281 2440 ilaritate
304 2393 425 2442 securus,
447 2373 573 2430 ridebitis
597 2370 732 2426 hominem
759 2378 852 2441 aperte
874 2370 967 2425 insur-
1017 2372 1189 2428 collaterali?

167 2487 231 2544 gere
259 2469 286 2523 in
309 2466 423 2532 clerum,
441 2463 538 2519 iretum
562 2458 704 2531 tyrannide
727 2457 846 2527 militari,
874 2457 964 2513 iusur·
1054 2466 1080 2516 ι.
1095 2462 1198 2518 Deinde
1212 2463 1308 2519 ridetis
1324 2464 1413 2536 qualia
1427 2471 1487 2534 post
1508 2479 1549 2527 se,
1566 2464 1721 2533 ubicunque
1739 2462 1818 2518 habt.

167 2575 233 2632 gere
247 2559 275 2613 in
290 2557 367 2627 ipsos
385 2552 538 2623 episcopos
553 2560 580 2604 et
600 2548 628 2601 in
642 2560 750 2602 omnem
764 2546 863 2616 passim
877 2546 964 2600 eccle·
1018 2548 1093 2614 tavit,
1109 2549 1217 2621 reliquit
1239 2551 1362 2623 vestigia.
1385 2552 1446 2606 Non
1468 2552 1525 2606 sine
1552 2565 1633 2605 causa
1654 2551 1733 2622 vigur
1754 2564 1820 2621 apo-

167 2647 306 2702 siasticum
338 2640 459 2697 ordinem
482 2635 621 2692 desaevire.
644 2636 698 2692 lloc
718 2635 851 2704 scientes,
871 2633 963 2688 nescio
1017 2636 1126 2693 stolicns
1139 2639 1276 2726 homigem
1295 2639 1370 2695 ltalia
1388 2647 1477 2695 ortum
1499 2640 1699 2710 transalpinare
1713 2639 1818 2711 coegit,

166 2750 201 2789 an
228 2732 325 2787 melius
353 2727 519 2782 salubriusve
542 2723 570 2778 in
595 2730 668 2777 tanto
692 2722 847 2778 discrimine
873 2735 964 2776 rerum
1015 2725 1163 2797 repatriare
1183 2742 1238 2783 non
1258 2727 1367 2798 patitur.
1391 2727 1458 2796 Quis
1474 2743 1538 2784 reno
1562 2736 1766 2794 extraneorum,
1786 2728 1819 2784 ad

167 2835 250 2893 agere
263 2817 384 2883 valeatis,
404 2827 485 2886 quam
509 2812 584 2881 iuxta
607 2809 732 2881 Apostoli
753 2811 897 2878 monitum,
912 2824 963 2863 ιιι-
1017 2828 1087 2884 quos
1100 2813 1202 2882 ejectus
1224 2822 1275 2883 est,
1291 2830 1345 2871 non
1365 2831 1428 2871 eum
1446 2814 1610 2871 omnimodis
1631 2825 1743 2883 cuperet
1760 2814 1819 2870 suis

167 2909 238 2964 ferre
265 2904 367 2960 melum
391 2917 423 2958 θι
450 2901 527 2956 110ῧί8
550 2898 576 2970 (l
599 2900 660 2955 Cor·
684 2913 713 2967 ll,
731 2900 785 2969 ¹3).
805 2897 966 2968 Quanquam
982 2914 1004 2993 g
1018 2900 1192 2957 reddidisse?
1212 2902 1245 2959 Et
1268 2912 1340 2959 certe
1363 2904 1402 2959 sle
1425 2919 1454 2959 se
1478 2903 1578 2958 habere
1602 2904 1635 2958 ad
1658 2918 1764 2969 omnes,
1789 2912 1818 2957 ut

167 2999 270 3054 amicus
287 2993 380 3066 spousi
404 2992 490 3065 ligare
511 2989 611 3061 potius,
634 3005 717 3059 quarn
743 2989 836 3062 lugere
855 2986 968 3074 curabit,
1020 2989 1144 3044 omnibus
1158 2989 1221 3047 odio
1244 2990 1386 3057 habeatur,
1408 2991 1565 3061 approbatio
1579 2991 1674 3060 judicii
1688 2990 1817 3061 estquod

166 3102 202 3143 ιιι
223 3089 278 3155 )ιιιι
303 3082 456 3139 discurrere
477 3087 504 3135 et
528 3094 561 3135 eo
586 3093 684 3134 nocere
708 3076 768 3148 plus
791 3076 887 3148 possit.
910 3075 969 3130 lloc
1021 3084 1124 3148 portat,
1152 3093 1185 3132 ιιι
1213 3077 1373 3148 quisdicat
1409 3081 1567 3149 subreptum
1598 3079 1680 3134 luisse
1708 3077 1821 3133 domino

167 3174 238 3230 enim
253 3183 281 3228 ct
294 3170 421 3228 dominus
435 3170 516 3239 Papa,
531 3168 594 3224 dum
619 3167 706 3221 adhuc
728 3173 800 3221 esset
818 3164 889 3235 apud
904 3177 966 3229 nos,
1020 3164 1109 3235 Pap'ae.
1135 3164 1220 3231 Quale
1240 3176 1282 3219 cst
1300 3179 1366 3239 ergo
1381 3167 1479 3220 summi
1504 3165 1643 3221 Pontiticis
1667 3166 1821 3238 suggillare

167 3263 203 3320 ob
217 3261 286 3316 mala
299 3274 360 3333 quae
373 3260 407 3313 de
425 3258 473 3314 illo
495 3255 632 3324 audiebat,
653 3252 712 3308 lieri
731 3252 875 3308 scribendo
889 3266 967 3306 mnn-
1018 3250 1189 3320 sententiam,
1205 3260 1233 3307 el
1254 3250 1327 3306 illam
1346 3251 1514 3318 sententiam,
1531 3254 1608 3321 cujus
1631 3253 1821 3310 rectitudinem

165 3351 258 3422 davit;
279 3352 394 3404 sednon
409 3344 462 3400 luit
483 3343 529 3415 qui
552 3342 651 3397 iaceret
669 3341 781 3394 bonum.
802 3336 924 3408 Denique
944 3333 968 3391 si
1017 3339 1076 3407 ejus
1090 3338 1187 3410 ipsius,
1203 3338 1229 3392 in
1243 3354 1324 3410 quem
1338 3338 1402 3394 data
1416 3348 1466 3408 est,
1481 3338 1532 3395 etsi
1547 3339 1640 3413 lingua
1654 3339 1823 3419 dissimulat,

167 3438 226 3510 capi
246 3438 342 3507 vulpes
364 3432 476 3505 pusillas
499 3427 677 3485 demolientes
697 3427 803 3482 vineam
828 3425 966 3494 Scriptura
1018 3425 1071 3480 rita
1085 3423 1205 3480 demat?
1220 3427 1310 3498 ltaque
1324 3427 1415 3485 lavere
1438 3426 1512 3496 hnic,
1529 3426 1638 3483 domino
1653 3428 1733 3497 Papae
1748 3444 1820 3485 oon-

166 3526 307 3583 salubriter
322 3532 413 3577 monet
427 3518 550 3588 (Contio.
566 3531 596 3581 ιι,
620 3515 676 3586 15),
696 3529 762 3570 num
780 3511 863 3570 niulto
878 3512 967 3585 magis
1018 3515 1149 3569 tradicere
1161 3521 1214 3586 est,
1228 3513 1307 3571 etiam
1327 3525 1355 3569 et
1373 3515 1487 3572 Domino
1501 3515 1567 3573 lieo.
1585 3516 1635 3570 Per
1651 3531 1817 3586 quemcum-

167 3614 248 3686 lupus
271 3626 385 3682 magnus
407 3616 433 3663 ιι
454 3606 527 3662 ierus
549 3601 704 3676 religandus
726 3609 784 3672 est,
807 3617 842 3658 ne
868 3599 966 3657 Christi
1019 3618 1073 3674 que
1087 3603 1158 3658 enim
1172 3605 1244 3673 justa
1258 3603 1391 3660 sententia
1403 3606 1475 3674 juste
1494 3604 1582 3675 detur,
1598 3605 1631 3660 ab
1647 3604 1693 3659 illo
1709 3614 1817 3663 certum

166 3705 298 3774 irrumpat
311 3698 477 3767 ovillarum
491 3697 592 3748 mactet
610 3700 639 3747 et
651 3691 770 3762 perdat?
1018 3698 1059 3746 est
1072 3691 1248 3762 processisse,
1262 3691 1307 3763 qui
1331 3692 1451 3764 loquitur
1469 3691 1502 3747 in
1521 3693 1651 3764 propheta
1667 3710 1674 3746 :
1690 3694 1744 3765 Epo
1768 3694 1818 3766 qai

367 3800 537 3862 aristone
553 3796 660 3854 CXCVI
679 3798 765 3868 (515).
1020 3779 1116 3851 loquar
1127 3781 1276 3851 justitiam
1299 3779 1365 3852 (Ιιιι.
1388 3795 1467 3846 anili,
1483 3782 1522 3853 1).
1537 3779 1650 3838 Confido
1669 3789 1758 3836 autem
1783 3783 1817 3839 de

299 3912 336 3953 aa
355 3906 501 3950 amaaaaa
520 3901 650 3944 malm
668 3902 707 3942 aa
726 3899 832 3941 ganan,
1017 3873 1108 3925 restra
1123 3867 1265 3939 prudentia
1286 3876 1313 3923 et
1336 3869 1485 3934 honestate,
1502 3867 1565 3938 qaia
1587 3868 1653 3926 risis
1667 3869 1708 3924 his
1721 3869 1817 3927 litteris

172 3983 328 4044 Caaaaaam
343 3985 369 4040 aa·
384 3979 616 4054 familiaritatem
628 3973 747 4031 Aaaaalaa·
760 3973 793 4030 aa
806 3972 916 4036 gnara,
930 3985 968 4028 aa
1019 3955 1053 4010 de
1067 3953 1182 4011 veritate
1201 3964 1302 4025 certus,
1317 3969 1372 4011 non
1387 3954 1557 4010 abducemini
1567 3957 1665 4012 amodo
1678 3955 1817 4027 quidpiam

203 4059 252 4114 sal
267 4059 327 4128 ejus
337 4053 512 4111 anctoritate
523 4048 651 4106 ιιοιινίιιι
666 4059 775 4103 errores
789 4059 854 4102 suos
875 4043 965 4099 ιιιιιι-
1019 4043 1149 4099 assentire
1170 4044 1196 4098 in
1210 4042 1261 4098 hac
1283 4057 1323 4111 ιι,
1342 4041 1393 4097 nisi
1408 4041 1481 4113 quod
1499 4057 1546 4098 ros
1560 4042 1664 4107 decent,
1680 4053 1706 4098 et
1719 4043 1817 4100 Eccle-

203 4131 306 4184 mieet·
1019 4132 1066 4185 sia
1080 4130 1131 4186 nei
1145 4128 1283 4199 expediat,
1298 4142 1348 4199 pro
1362 4145 1415 4199 qua
1428 4129 1565 4201 legatione
1581 4128 1735 4204 fungimini.
1749 4130 1817 4186 nnc

207 4221 232 4268 l.
248 4212 383 4268 ltrnaldus
406 4209 440 4262 de
462 4206 563 4272 Brixia,
578 4205 658 4274 cujus
676 4201 842 4259 conuersatio
862 4200 923 4267 mel,
938 4205 966 4253 ιι
981 4183 1004 4262 Β
1018 4219 1108 4292 gamus
1130 4232 1189 4284 vos,
1215 4228 1243 4273 a,
1269 4217 1304 4273 ,d
1328 4224 1448 4273 ,esaum
1473 4220 1632 4292 obsequium
1655 4219 1741 4290 pm„
1768 4236 1819 4276 su·

170 4301 294 4359 doctrina
322 4311 455 4352 venenum
484 4313 490 4348 :
519 4295 563 4349 cui
590 4296 672 4362 caput
697 4290 852 4355 columbe,
880 4287 966 4342 cauda
1019 4324 1088 4363 mus·

172 4387 323 4461 scorpionis
337 4391 396 4453 est;
414 4399 494 4456 quem
514 4383 603 4437 Brixia
617 4378 749 4450 evomuit,
767 4378 851 4433 Roma
864 4377 965 4432 exhor·

171 4481 234 4550 ruit,
259 4475 372 4533 Francia
395 4472 501 4544 repulit,
525 4471 672 4527 Germania
693 4465 873 4531 abominatur,
890 4463 966 4519 ltalia

171 4586 225 4626 non
255 4565 311 4624 vult
333 4563 460 4634 recipere,
490 4563 574 4615 l'ertur
600 4570 660 4611 esse
682 4552 831 4612 vobiscum.
860 4553 965 4619 Videte,
1160 4535 1196 4574 ΑΒ
1215 4536 1330 4630 ‘milli
1345 4535 1671 4631 lllltillllllllsssscllllltl·
1691 4620 1715 4630 ..

173 4671 275 4730 quaiso,
299 4668 331 4707 ne
351 4660 438 4709 restra
456 4646 613 4702 auctoritate
629 4643 688 4713 plus
703 4650 806 4697 noceat.
823 4641 967 4695 Nemeum
1020 4619 1149 4690 Increpat
1162 4632 1229 4673 cam
1242 4618 1273 4672 ol
1287 4634 1410 4689 rnynrtoa
1425 4619 1518 4676 cibam
1533 4619 1816 4677 ctam-tondatur.

173 4758 201 4804 et
215 4753 299 4801 artem
315 4743 421 4804 haheat,
437 4743 464 4791 et
485 4734 650 4791 voluntatem
670 4728 794 4794 nocendi,
808 4728 832 4782 si
846 4743 967 4784 accesse-
1056 4723 1302 4796 Peregrinationem
1336 4725 1442 4780 abbatis
1469 4725 1628 4781 chari-Loci
1658 4726 1749 4795 (517)
1778 4727 1819 4782 sic

1261 4403 1428 4461 EPISTULA
1442 4404 1572 4461 cxcvll.

1021 4838 1127 4894 bantur.
1154 4840 1189 4894 At
1217 4839 1340 4895 diversos
1368 4840 1450 4895 luisse
1483 4838 1636 4910 colligimus
1663 4856 1695 4894 ex
1723 4841 1817 4896 charta

1021 4909 1143 4963 Anserici
1154 4910 1349 4980 archiepiscopi
1365 4910 1560 4967 bisuntinensis
1584 4911 1617 4965 de
1640 4909 1817 4977 Farerniaco,

175 5007 287 5061 baanna
301 5005 358 5055 ιιι
372 4995 487 5068 epistola
501 4989 654 5046 inscribitur
673 4986 709 5042 od
723 4988 839 5041 Petrum
853 4985 968 5042 Barm—
1020 4981 1063 5035 cui
1084 4983 1183 5035 chartac
1211 4996 1281 5034 anno
1308 4984 1378 5035 1132
1403 4985 1494 5037 Petrus
1522 4981 1556 5036 de
1584 4981 1672 5036 Trera
1699 4982 1819 5038 decanus

173 5077 299 5150 punam,
316 5071 389 5125 „alla
403 5067 495 5121 adulto
510 5062 603 5131 titul03
620 5059 649 5114 in
667 5056 757 5138 tertio,
772 5058 967 5123 bisantinum·
1022 5050 1259 5131 Sancti-Stephani
1269 5051 1413 5107 subscribit
1425 5069 1485 5108 cum
1502 5053 1613 5125 llugone
1627 5051 1817 5108 archidiacono

174 5140 515 5217 inquarto.Bisupinum.
531 5133 560 5188 lu
584 5132 677 5202 primis
693 5127 784 5193 editis,
799 5128 967 5183 achtritm
1020 5123 1233 5178 Farerntacensi.
1262 5122 1324 5175 Erat
1361 5134 1450 5178 autem
1485 5131 1599 5178 ecclesia
1631 5124 1659 5176 S.
1687 5123 1818 5191 Stephani

175 5218 348 5279 biremium,-
385 5209 529 5264 osteriorcs
546 5204 716 5268 addiderunt,
731 5199 884 5266 tteccnltni,¹
904 5198 966 5268 qui·
1020 5192 1181 5248 cathedralis
1193 5194 1265 5265 apud
1282 5192 1483 5260 Vesontionem,
1499 5193 1539 5248 uti
1550 5204 1577 5250 et
1589 5193 1642 5248 alia
1655 5193 1684 5248 S.
1703 5192 1818 5250 loannis

175 5291 247 5354 dam,
272 5283 352 5340 ιινιιιΙ
373 5285 513 5336 laconum.
536 5273 697 5332 Monachum
715 5268 853 5326 Casae-Dei
881 5267 967 5340 (quod
1020 5264 1208 5346 bucingeham,
1222 5279 1282 5335 quae
1311 5263 1466 5320 solamodo
1489 5275 1624 5336 superest,
1654 5264 1706 5319 alia
1725 5278 1817 5334 nuper

173 5367 216 5413 est
229 5357 336 5429 insigne
351 5349 459 5408 Ordinis
468 5349 497 5403 S
509 5343 647 5401 Benedicti
660 5341 812 5424 caenobium
827 5342 899 5410 apud
913 5340 966 5393 hr—
1018 5349 1121 5390 excise.
1403 5405 1409 5416 .
1485 5406 1491 5418 Ι
1553 5405 1558 5416 Ι
1624 5403 1630 5416 ,
1702 5403 1709 5416 ι
1791 5404 1797 5415 ·

172 5424 281 5496 rcrnosl
308 5422 391 5478 luisse
406 5417 614 5489 conjiciebamus
635 5412 779 5485 aliquando
805 5426 837 5467 ea
862 5408 968 5465 duabus
1055 5405 1246 5535 (bllgcharus
1267 5404 1366 5475 Locus,
1383 5407 1508 5462 diocesis
1530 5408 1735 5469 bisuntinensis,
1759 5401 1816 5460 lille

172 5494 349 5570 sequentihus
363 5489 493 5564 epistolis,
508 5502 570 5559 quae
591 5486 625 5540 de
644 5487 738 5539 eodem
762 5481 869 5552 scriptae
887 5479 966 5536 vide·
1020 5475 1118 5534 Clara·
1143 5477 1211 5544 allis,
1226 5475 1353 5535 lmdelnr
1365 5491 1436 5537 enno
1450 5480 1531 5533 1131.
1545 5475 1652 5533 Primus
1664 5475 1717 5532 loci
1730 5474 1816 5534 abbas

209 4862 285 4935 (515)
300 4856 403 4927 Scripta
417 4865 488 4906 anno
507 4846 605 4928 Christi
621 4847 700 4902 lito.

212 4932 286 5005 (516)
300 4927 403 4998 Scripta
413 4935 483 4978 enno
497 4920 596 4975 Christi
609 4919 688 4972 llll.
700 4916 774 4970 -ln
786 4914 891 4969 duobus
904 4913 968 4968 Col·
