3728 5940
88 216 139 283 sot
498 222 543 285 us
560 202 842 286 consternatione
862 187 1273 322 ammonente-ste.
1291 222 1325 282 ι.
1682 184 1736 288 sos

87 349 163 408 ratis.
178 350 211 405 ltt
224 348 345 406 fortassis
364 350 417 407 boe
436 349 521 406 sensit
534 349 590 423 ille,
613 349 659 422 qui
681 366 711 406 se
739 348 882 422 indignant
937 349 1075 407 deradice
1088 367 1098 405 .·
1112 357 1142 406 nt
1155 349 1219 406 inde
1227 349 1341 423 virgam,
1355 348 1418 406 inde
1438 350 1532 409 florem
1545 339 1657 412 duxisse
1671 355 1732 412 ori·

89 437 225 508 protessus
240 448 281 493 est
303 437 407 495 solvere
425 438 570 510 corrigiam
598 439 773 494 calceamenti
802 439 883 508 lanius
941 437 1032 509 qinem
1045 438 1250 495 demonstraret.
1265 437 1331 494 inde
1343 436 1428 510 igitur
1441 449 1550 513 sumpla
1563 456 1637 508 earo,
1657 441 1730 499 unde

89 525 137 599 [el.
153 526 225 600 ejus}
238 526 335 598 (Herc.
357 541 375 597 ι,
394 530 433 600 l).
941 537 1000 583 orta
1026 526 1110 599 Virgo
1130 542 1202 584 :nee
1221 542 1291 583 nota
1312 527 1340 582 in
1364 526 1486 601 Virgine,
1506 543 1568 601 que
1585 531 1685 602 prodiit
1698 546 1733 587 ex

941 616 1041 673 radice.

411 668 524 726 CAPUT
538 669 577 724 X.

92 784 448 858 pernecessariarum
465 785 631 842 esttecum
650 783 682 840 de
698 783 789 841 tribas
802 783 883 851 aetia
1243 757 1356 817 CAPUT
1373 759 1428 819 xl·

236 873 340 931 Christi
353 890 482 948 personae
502 873 741 932 accommodetur.
1052 875 1237 956 Continentia
1248 875 1484 936 considerationis
1496 875 1531 934 de
1544 880 1610 939 Deo.

129 974 174 1026 ιι.
190 970 241 1027 Sed
256 980 284 1026 et
297 969 344 1026 illa
359 971 410 1026 tria
424 981 481 1026 sata
492 973 526 1051 de
537 969 684 1043 Evangelio
697 970 808 1042 (narrt.
822 985 886 1040 ιιιιι,
978 975 1023 1029 26.
1034 972 1113 1030 Forte
1121 973 1364 1040 substomacharis,
1379 973 1503 1033 dodim
1514 976 1653 1049 pergimus
1662 992 1738 1051 que·

93 1060 150 1132 33),
166 1060 246 1116 mista
263 1069 290 1116 et
303 1059 466 1117 lermentata
489 1058 517 1113 in
539 1073 637 1131 panem
659 1073 755 1127 unum,
781 1058 804 1113 si
824 1057 888 1130 quis
942 1077 1012 1128 rere,
1028 1061 1093 1136 quid
1106 1069 1148 1119 est
1160 1061 1252 1118 Deus?
1276 1072 1332 1118 tum
1348 1063 1411 1136 quit
1425 1063 1508 1120 toties
1521 1063 1580 1134 iam
1594 1067 1737 1138 quaestam

92 1150 126 1203 ad
141 1149 200 1204 baec
215 1149 265 1203 tria
280 1148 377 1205 dixerit
390 1149 534 1221 pertinere,
551 1163 604 1203 non
618 1147 768 1222 incongrue
789 1147 815 1200 ill
837 1145 887 1199 mi·
942 1161 983 1207 est
997 1160 1052 1206 tum
1081 1151 1146 1222 quia
1159 1149 1262 1207 dilfldis
1275 1151 1412 1209 meantum
1437 1150 1482 1207 iri.
1503 1153 1572 1211 Dico
1587 1153 1739 1230 tibi,ratar

94 1237 121 1292 bi
139 1237 227 1294 iacere
243 1238 388 1293 videbitur.
404 1235 491 1305 Quam
513 1237 582 1292 bene
596 1251 630 1291 ea
650 1235 747 1292 mulier
770 1236 888 1291 fermen-
942 1239 1048 1313 Eugeni
1060 1240 1136 1297 solus
1150 1247 1192 1297 est
1205 1239 1287 1309 bens,
1301 1239 1349 1313 qui
1371 1239 1471 1297 trustra
1497 1226 1635 1316 nunquam
1651 1246 1740 1318 quaeri

95 1327 168 1393 tavit,
184 1335 212 1381 ul
223 1341 272 1381 net
287 1324 417 1382 divisione
432 1324 542 1397 quidem
556 1322 624 1379 laeta
637 1324 727 1380 earnis
741 1333 767 1380 el
781 1327 887 1393 aalma,
941 1337 1040 1402 potest,
1056 1344 1106 1385 nec
1116 1344 1176 1385 eum
1187 1327 1302 1386 inueniri
1316 1344 1370 1385 non
1380 1325 1479 1401 potest.
1489 1330 1592 1393 [locem
1602 1339 1630 1388 te
1644 1330 1739 1391 deboc

95 1431 204 1471 acarna
219 1415 261 1472 vel
287 1416 375 1470 anima
394 1413 514 1470 Verbum
533 1413 723 1470 divideretur!
744 1413 843 1468 Mansit
862 1422 888 1469 el
942 1418 1159 1489 experimentum
1181 1425 1275 1487 tuum;
1301 1428 1347 1473 aut
1366 1419 1389 1473 si
1413 1434 1468 1473 non
1491 1430 1603 1492 experto
1622 1421 1740 1493 credito,

94 1506 121 1558 in
137 1504 307 1574 separatione
327 1501 515 1575 inseparabilis
530 1503 628 1558 unitas,
653 1503 709 1560 Nee
731 1504 803 1558 enim
828 1518 889 1574 qne
945 1520 999 1562 non
1021 1505 1087 1561 mibi
1104 1504 1153 1561 sed
1170 1502 1318 1575 sanctoqui
1340 1503 1378 1559 ait
1401 1506 1515 1562 :Bonus
1542 1509 1586 1563 eet
1609 1508 1739 1578 maniae,

95 1609 128 1647 ex
153 1601 228 1663 parte
251 1591 364 1663 contigit
384 1590 530 1663 separatio,
554 1591 642 1662 potuit
657 1591 752 1646 unitati
775 1590 890 1662 praeeri-
944 1594 1159 1667 aperantibusin
1167 1598 1195 1649 le
1204 1595 1309 1650 animle
1319 1594 1460 1665 querenti
1471 1593 1618 1664 tell‘brers
1629 1610 1672 1668 ιιι,
1680 1596 1737 1669 25).

95 1683 167 1746 bere,
183 1681 350 1752 permanenti
375 1680 402 1735 in
425 1680 490 1736 totis
516 1680 611 1738 tribus.
637 1680 701 1736 Sive
724 1679 890 1750 conjunctis,
908 1661 930 1738 Β
945 1681 1016 1754 Quid
1030 1697 1097 1755 ergo
1118 1691 1159 1738 est
1177 1682 1251 1737 Deus
1264 1681 1279 1735 i
1294 1678 1370 1750 Quod
1386 1680 1420 1735 ad
1446 1683 1601 1737 uuiversum
1624 1692 1738 1753 spectat,

95 1769 151 1825 sive
163 1767 306 1838 disjunctis
322 1768 438 1834 duobus,
465 1766 641 1823 nibilominus
653 1770 839 1840 perseveravit
862 1770 889 1822 ln
946 1768 1029 1825 finis?
1044 1771 1117 1842 qnod
1140 1769 1173 1826 ad
1187 1768 1355 1841 alentionem,
1370 1766 1443 1823 salus
1458 1784 1465 1826 :
1485 1769 1558 1839 quod
1573 1771 1607 1826 ad
1627 1786 1668 1843 se,
1680 1770 1741 1842 ipse

95 1859 180 1916 tribus
196 1858 284 1914 unitas
303 1858 465 1930 personalis.
485 1856 570 1929 AEque
589 1871 659 1912 unus
683 1855 803 1912 Christus
822 1870 889 1911 nna·
946 1858 1032 1915 norit.
1049 1856 1120 1928 Quid
1142 1866 1183 1914 est
1205 1856 1298 1914 Deus?
1320 1855 1451 1913 Voluntas
1465 1857 1647 1932 omnipotens,
1662 1859 1743 1916 bene·

95 1966 149 2022 que
166 1963 290 2020 persona.
311 1946 442 2012 Verbum,
461 1946 560 2011 anima,
586 1953 613 2001 et
626 1960 699 2017 earo,
716 1945 797 2002 etiam
816 1960 891 2001 mor·
946 1945 1129 2003 volentissima
1145 1948 1242 2016 sutus,
1264 1942 1355 2000 lumen
1377 1954 1517 2016 aternum,
1532 1945 1741 2005 incommutabi-

94 2035 490 2109 tuobomineperdnrarit.1n
508 2044 585 2090 utero
608 2033 727 2107 Virginis
747 2044 775 2092 ut
802 2035 891 2093 sentio
947 2036 981 2091 lis
1002 2035 1080 2103 ratio,
1108 2050 1214 2092 summa
1242 2032 1379 2089 beatitudo
1406 2049 1502 2090 ereans
1530 2044 1635 2093 mentes
1656 2035 1689 2093 sd
1711 2054 1741 2095 se

93 2140 157 2197 ego,
181 2125 334 2180 commistio
359 2123 417 2179 baee
443 2133 471 2178 et
490 2122 657 2179 fermentatio
680 2123 748 2178 lacta
771 2133 839 2180 est:
864 2134 891 2180 et
947 2123 1173 2197 participandum,
1185 2121 1322 2180 vivificans
1335 2122 1562 2193 adsentiendum,
1573 2122 1742 2184 allicieusad

94 2214 154 2285 ipsa
168 2212 264 2268 mulier
281 2227 342 2284 quae
362 2211 480 2277 miscuit,
504 2210 728 2270 atramentarii.
748 2213 815 2268 Nam
835 2212 891 2268 ier·
946 2215 1142 2288 appetendum,
1165 2212 1281 2269 dilatans
1299 2214 1333 2268 ed
1347 2211 1509 2284 capiendum
1529 2214 1682 2287 justificans
1706 2217 1741 2275 sd

98 2313 221 2359 mentum
236 2316 291 2357 non
312 2302 446 2357 immerito
470 2300 585 2357 tortasse
607 2300 720 2358 dixerim
735 2299 815 2358 iidem
833 2304 890 2358 bl'a·
945 2305 1167 2374 promerendum,
1191 2300 1341 2358 ascendens
1364 2304 1398 2359 ad
1425 2303 1524 2370 celum,
1540 2303 1689 2371 ieeuadane
1707 2307 1742 2363 td

95 2391 152 2448 riae.
171 2392 254 2447 Plane
273 2392 361 2458 beata,
386 2406 447 2464 quae
474 2389 601 2459 credidit,
626 2391 753 2462 quoniam
773 2390 892 2461 perlecta
946 2389 1073 2460 fructum,
1089 2390 1210 2463 dirigens
1223 2391 1258 2446 ad
1281 2388 1447 2463 equitatem,
1472 2391 1592 2448 formans
1606 2395 1638 2449 ed
1654 2396 1741 2453 bane-

96 2480 199 2536 suntin
215 2495 258 2546 ea,
273 2495 335 2553 quae
349 2480 492 2537 dictasunt
507 2479 532 2535 ei
547 2495 563 2533 a
578 2478 694 2535 Domino
706 2479 784 2549 (Luc.
801 2496 819 2546 ι,
834 2479 891 2552 45).
946 2479 1104 2550 solentiam,
1127 2478 1273 2535 moderans
1301 2477 1335 2534 ad
1358 2479 1527 2550 sapientiam,
1552 2482 1685 2540 robomm
1706 2483 1740 2541 ed

98 2569 218 2625 Perfecta
231 2578 320 2625 eutem
336 2583 389 2623 non
404 2576 506 2633 esseut,
530 2568 552 2622 si
572 2567 718 2639 quominus
733 2568 810 2638 juxta
828 2585 891 2625 ver·
949 2567 1087 2634 virtulem,
1109 2566 1223 2625 visitans
1242 2566 1277 2622 ad
1296 2565 1519 2638 consolationem,
1534 2568 1690 2627 illuminans
1706 2573 1742 2629 sti

97 2659 161 2712 bum
182 2657 291 2714 Domini
313 2662 386 2713 esset
409 2656 567 2713 termentum
592 2664 688 2728 totum,
708 2668 735 2714 et
759 2669 893 2730 perpetuo
949 2656 1140 2730 cognitionem,
1158 2654 1745 2733 perpetuassentimmortalitatem-implens

99 2750 296 2813 fermentatum,
314 2761 427 2803 servans
439 2745 518 2803 nobis
534 2754 587 2801 tam
602 2746 630 2801 in
645 2755 739 2815 morte,
759 2765 841 2820 quam
867 2748 894 2802 in
949 2744 1167 2810 adielieilatem,
1184 2743 1355 2800 circumdans
1369 2741 1403 2798 ad
1419 2744 1604 2802 seduntatem.

99 2835 154 2892 vita
169 2835 270 2907 pariter
285 2851 367 2890 unum
383 2843 462 2907 atque
471 2835 605 2906 integrum
619 2832 793 2892 mediatorem
807 2837 858 2892 Dei
868 2844 896 2893 et
1251 2831 1365 2889 CAPUT
1383 2830 1451 2888 ΧΗ.

100 2924 239 2980 bominum
248 2940 310 2979 enm
321 2938 368 2978 sua
378 2922 488 2989 deitate,
500 2923 639 2979 bominem
650 2923 784 2980 Christum
793 2925 895 2981 tasum.
912 2943 936 3021 Β
950 2925 1037 2982 bam
1048 2927 1078 2980 et
1090 2924 1225 2980 bonorem
1239 2937 1352 2994 operum
1363 2922 1446 2993 piam
1455 2927 1751 2991 remamrntorem,et

135 3018 180 3080 23,
196 3014 344 3071 Advertere
366 3020 407 3068 est
431 3013 458 3066 in
481 3012 533 3068 hoc
557 3011 707 3067 admirabili
728 3022 897 3070 sacramento
1058 3011 1197 3068 scelerum
1208 3006 1406 3082 aequissimum
1417 3009 1558 3067 euticem
1572 3027 1641 3071 esee.
1724 3062 1726 3067 .

101 3105 178 3171 juxta
194 3119 334 3158 numerum
350 3109 480 3168 satorum,
498 3103 574 3156 mirac
592 3109 619 3156 et
633 3100 830 3158 decentissimae
851 3102 898 3157 di-
988 3101 1033 3158 tb.
1050 3097 1120 3167 Quid
1135 3106 1176 3154 est
1190 3096 1747 3172 DeuslNonminuspoeneperversorum

102 3191 255 3247 slinetionis
279 3190 391 3264 gradus,
426 3205 537 3258 novum,
575 3189 725 3261 antiquum,
754 3198 898 3248 artemam.
952 3202 1034 3262 quam
1056 3185 1198 3243 humilium
1221 3186 1319 3260 gloria.
1335 3185 1470 3243 Estenim
1492 3186 1747 3263 reuocabilbqna-

104 3281 220 3351 Nonum,
241 3280 366 3351 animam,
381 3294 443 3352 ques
459 3279 492 3334 de
517 3277 601 3334 nihilo
617 3288 680 3335 tunc
698 3287 787 3336 creata
806 3280 899 3338 credi-
953 3276 1017 3332 dam
1031 3275 1163 3349 equitatis
1185 3275 1295 3332 directio
1309 3272 1524 3333 inconvertibilis
1537 3283 1618 3349 atque
1631 3277 1745 3347 indedi-

105 3377 159 3438 tnr,
174 3385 235 3426 cum
252 3370 361 3424 inlusa:
389 3367 541 3441 antiquum,
567 3383 687 3435 mrtem,
703 3384 793 3442 qnaea
812 3370 900 3442 primo
953 3363 1062 3437 nabilis,
1081 3365 1181 3437 quippe
1203 3363 1339 3436 attingens
1358 3362 1483 3435 ubique:
1499 3363 1542 3421 cui
1564 3364 1636 3422 illisa
1658 3367 1747 3427 ansb

105 3475 191 3530 usque
205 3458 355 3527 bominum,
371 3456 398 3511 id
412 3465 453 3514 est
467 3473 501 3513 ex
523 3457 622 3529 Adam,
647 3457 769 3514 traducta
796 3471 901 3530 eogno-
952 3457 1071 3528 pratitas
1093 3455 1269 3523 conturbetur
1296 3468 1407 3511 neeesse
1429 3463 1480 3510 est.
1506 3451 1606 3525 Quidni
1625 3455 1654 3513 in
1675 3455 1746 3513 banc

105 3547 186 3603 scitur
203 3565 210 3601 :
226 3556 367 3612 aeternum,
389 3546 514 3611 verbum,
536 3546 609 3618 quod
633 3547 667 3600 ab
695 3554 796 3601 aeterno
824 3544 901 3600 Patre
954 3557 1034 3600 omne
1059 3542 1200 3615 tumidum,
1224 3543 1278 3599 vel'
1299 3542 1441 3599 distortum
1462 3541 1607 3616 impingat,
1628 3551 1655 3603 el
1680 3559 1746 3603 eon·

103 3643 271 3694 eoaeternum
286 3634 326 3688 illi
347 3632 472 3707 genitum
496 3635 646 3689 indubitata
665 3635 777 3692 veritate
799 3636 900 3691 asseri·
953 3633 1118 3705 quassetur?
1135 3631 1181 3687 Vae
1199 3632 1336 3699 uniuerso,
1360 3630 1435 3704 quod
1455 3629 1564 3689 obuium
1578 3630 1649 3691 torte
1662 3631 1748 3691 offen

103 3731 157 3780 tur.
174 3725 205 3777 lit
219 3721 247 3776 in
262 3721 304 3776 bis
320 3720 427 3792 triplex,
450 3721 474 3776 si
495 3720 639 3793 diligenter
652 3721 785 3788 advertas,
804 3721 901 3779 divlnae
954 3721 1024 3777 derit
1036 3722 1133 3777 cedere
1156 3719 1246 3776 nescia
1261 3719 1394 3776 rectitudo
1408 3739 1416 3770 ε
1431 3729 1533 3778 namet
1547 3720 1681 3781 sorbendo
1695 3731 1746 3780 ast.

104 3810 233 3884 potentiae
253 3825 350 3884 genus,
365 3810 438 3882 quod
454 3807 554 3866 laetum
569 3809 604 3865 sil
621 3810 655 3865 de
673 3808 759 3865 nihilo
787 3808 901 3882 ailquid,
955 3807 1027 3878 Quid
1043 3808 1142 3882 iniquis
1161 3807 1342 3865 voluntatibus
1357 3816 1411 3863 ιιιιι
1424 3809 1589 3873 eontrarium
1605 3817 1634 3867 el
1644 3811 1747 3871 adrer-

103 3903 137 3958 de
151 3906 256 3956 vetusto
271 3913 383 3965 novum,
399 3906 530 3953 aeternum
544 3899 707 3970 beatumque
725 3899 760 3953 de
774 3897 902 3955 damnato
956 3914 1026 3965 sum,
1050 3913 1132 3970 quam
1155 3911 1263 3968 semper
1281 3895 1385 3966 conam,
1407 3894 1558 3971 impingere
1580 3915 1697 3973 semper,
1721 3908 1750 3958 et

104 4002 132 4048 et
154 3999 271 4047 mortno.
286 3988 357 4057 Quid
376 3990 428 4044 hoc
443 3989 476 4044 ad
492 3997 613 4045 nostram
633 3988 902 4046 salutemtblultum
956 3987 1057 4043 lrustr'a
1080 3982 1120 4068 [el
1138 3982 1295 4058 frustrandi
1330 3982 1378 4040 Vae
1400 3983 1533 4056 oppositis
1553 3988 1746 4056 voluntatibus,

105 4098 153 4154 per
170 4096 282 4139 omnem
294 4080 417 4136 modum.
433 4079 552 4136 Primum
565 4079 685 4152 quidem,
705 4079 778 4154 quod
790 4086 901 4153 peceato
955 4078 1042 4136 solam
1056 4092 1113 4134 suae
1130 4075 1253 4150 proiecto
1267 4073 1420 4132 aversionis
1433 4073 1613 4133 referentibus
1625 4093 1747 4151 planem.

105 4171 205 4227 redacti
228 4171 255 4226 in
283 4170 408 4236 nihilum,
433 4184 480 4240 per
509 4169 561 4225 boc
584 4170 785 4239 quodammodo
805 4169 901 4225 iterato
955 4165 1027 4235 Quid
1043 4176 1097 4224 ιιιιι
1112 4164 1512 4239 poenale,quan1sentperrelle
1521 4165 1598 4238 quod
1610 4181 1748 4239 nunquam

105 4260 186 4316 creati
206 4274 313 4331 sumus,
334 4265 366 4315 nt
389 4257 474 4314 simus
501 4259 606 4315 initium
633 4259 743 4331 aliquod
775 4267 903 4315 creature
956 4255 1029 4314 eritt
1047 4254 1118 4324 Quid
1134 4261 1189 4309 tam
1211 4253 1378 4324 damnatum,
1397 4268 1478 4326 quam
1500 4254 1623 4338 noluntas
1641 4254 1749 4313 addicta

105 4352 175 4420 ejus.
192 4349 297 4404 Deinde
311 4349 382 4419 quod
398 4364 435 4404 ex
450 4356 557 4404 vetusta
572 4347 703 4405 servitute
715 4347 743 4402 in
754 4347 902 4403 libertatem
957 4344 1022 4403 buit
1035 4342 1190 4401 necessitati
1203 4340 1308 4400 solandi
1317 4341 1489 4415 nolendique,
1503 4351 1534 4399 ut
1547 4341 1581 4399 ad
1595 4343 1749 4402 nunulbet

107 4437 223 4494 liliorum
238 4436 287 4490 Dei
306 4436 436 4507 translati,
454 4437 483 4491 in
504 4437 623 4494 novitate
638 4437 747 4508 spiritus
762 4435 904 4494 ambulan-
956 4436 1023 4506 jam,
1045 4432 1115 4490 sieut
1138 4448 1192 4489 non
1217 4432 1269 4488 nisi
1281 4447 1418 4504 pertense,
1441 4431 1478 4489 ita
1503 4432 1629 4490 nonnisi
1652 4432 1750 4492 misam

107 4535 157 4585 tes.
174 4528 323 4593 Postremo,
340 4526 413 4596 quod
427 4526 460 4580 de
474 4533 608 4597 potestate
627 4524 803 4583 tenebrarum
817 4525 904 4583 vocati
959 4524 1118 4581 moneatur‘l
1142 4522 1177 4589 ln
1191 4528 1322 4577 aeternnm
1345 4535 1398 4576 non
1427 4520 1558 4579 obtinebit
1579 4522 1654 4594 quod
1676 4523 1748 4600 tulta

109 4618 142 4670 ad
157 4631 271 4688 regnum
286 4612 415 4670 claritatis
438 4622 556 4683 aeternae,
572 4615 599 4670 in
620 4631 675 4687 quo
691 4615 749 4684 jam
763 4624 791 4670 ot
809 4629 905 4671 eonse-
959 4624 986 4670 et
997 4613 1070 4685 quod
1083 4627 1137 4670 non
1148 4611 1214 4680 vult,
1230 4610 1256 4666 in
1269 4617 1398 4668 aternum
1412 4608 1585 4675 nibilominus
1598 4611 1751 4671 sustinebit.

108 4706 173 4760 dere
192 4719 243 4760 nos
263 4701 325 4759 iecit
341 4702 368 4756 in
383 4700 500 4758 Christo.
516 4701 606 4758 Alieni
628 4705 682 4757 sint
700 4716 717 4757 a
736 4702 813 4759 nobis
835 4701 905 4776 (le),
961 4703 1049 4777 Digne
1062 4701 1210 4760 omniuoul
1225 4698 1289 4773 quid
1304 4696 1667 4772 adnibilalfioitnrunqueut
1678 4701 1752 4773 quod

108 4791 154 4862 qni
168 4792 267 4848 Christi
293 4808 308 4846 a
332 4790 411 4847 nobis
432 4806 542 4847 caruem
565 4790 680 4846 ebanem
699 4797 840 4856 conantur,
855 4804 905 4846 no·
961 4794 1067 4861 deceat,
1081 4793 1116 4848 ad
1135 4791 1172 4847 nil
1195 4806 1314 4862 unquam
1341 4788 1414 4863 quod
1435 4788 1529 4857 libeat,
1553 4789 1662 4846 evadat.-
1685 4789 1753 4860 Quis

111 4895 172 4935 vam
190 4892 307 4937 creatam
330 4881 357 4937 iu
379 4880 500 4954 Virgine,
515 4888 542 4937 et
558 4896 612 4936 non
636 4880 670 4935 de
693 4879 806 4952 Virgine
832 4896 907 4936 sum·
961 4883 1012 4939 boo
1040 4880 1123 4939 inciti
1138 4881 1235 4937 [lentus
1253 4876 1385 4935 Dominus
1398 4878 1471 4934 Deus
1486 4884 1579 4934 noster
1592 4877 1641 4951 qui
1654 4888 1752 4937 etcum

110 4977 193 5040 ptam,
209 4969 290 5040 inopie
301 4978 465 5030 asserentes.
482 4971 595 5028 Pulchre
609 4970 782 5043 propheticus
796 4970 906 5042 spiritns
961 4985 1094 5044 perverso
1128 4969 1296 5042 pervertitur.
1326 4968 1471 5043 Nunquam
1507 4974 1582 5023 recto
1614 4960 1752 5041 preloque

112 5060 192 5131 longe
206 5070 268 5114 ante
281 5061 398 5116 oecurrit
412 5058 475 5117 buia
496 5060 647 5128 sententiae,
663 5058 718 5116 imo
732 5058 906 5132 blasphemiae
961 5057 1115 5117 conveniet.
1128 5058 1193 5114 Haeo
1213 5057 1285 5112 enim
1304 5055 1355 5111 sibi
1373 5053 1487 5112 inlicem
1500 5056 1685 5122 adversantur,
1700 5058 1753 5116 etsi

111 5147 282 5218 impiorum:
310 5148 486 5220 deredietur,
511 5149 651 5220 inquiens,
669 5149 749 5223 vireo
763 5150 797 5208 de
814 5151 909 5212 radice
960 5164 1017 5207 non
1040 5147 1154 5204 invicem
1183 5144 1293 5203 ladant.
1312 5144 1399 5201 Loesio
1419 5142 1531 5222 alerius
1551 5154 1615 5202 est:
1634 5145 1757 5213 abritto

110 5238 193 5301 lesse,
215 5242 243 5293 et
263 5238 314 5308 rior
327 5237 360 5294 de
388 5237 484 5295 radice
498 5241 561 5310 ejas
580 5240 713 5296 orceodet
725 5238 793 5313 (bei
810 5255 850 5311 xi,
865 5241 905 5313 l).
959 5238 1010 5297 bei
1023 5241 1134 5297 beram
1149 5237 1200 5294 tibi
1212 5239 1266 5303 ert,
1280 5233 1376 5307 inquil,
1387 5237 1491 5318 contre
1504 5234 1659 5309 ιιιιιιιιιιιιιι
1670 5235 1758 5299 selei·

110 5326 217 5385 Dixisse
232 5334 347 5399 poterat,
361 5328 393 5383 Et
409 5326 458 5384 llos
477 5328 510 5385 de
525 5328 602 5405 virga
617 5346 626 5398 ς
639 5329 685 5386 sed
701 5327 787 5389 dee
801 5329 904 5405 maluit,
969 5334 1050 5388 trare
1062 5328 1135 5403 (Act.
1151 5341 1193 5399 ιι,
1208 5324 1252 5400 b);
1265 5323 1317 5385 hoe
1328 5333 1379 5392 est,
1389 5336 1444 5383 non
1457 5322 1571 5384 stimulo
1585 5324 1694 5400 durum,
1708 5325 1757 5383 ted

153 5563 211 5635 (lo)
228 5561 355 5622 bamam
373 5563 447 5620 addit
460 5563 622 5633 Νοιιιιιιιιιι,
636 5565 708 5637 qnod
722 5563 855 5639 magieis
866 5565 966 5622 lemma
975 5572 1027 5623 est.
