3728 5940
59 188 127 250 tuat

719 190 797 251 vlia
811 192 838 251 S.
856 187 1045 251 MdthHlAE.

1633 172 1702 239 tutti

56 313 144 383 mittit,
168 313 211 369 eui
226 329 279 368 uno
305 322 430 384 poterunt
444 314 568 370 resistere
591 330 686 371 omues
700 316 846 372 aduersarii
862 331 885 409 Α
902 316 1110 371 Sacramentum
1125 316 1219 380 potens
1235 314 1345 377 peccata
1374 288 1545 367 consumere.
1563 304 1702 361 debellare

55 403 126 471 ejus.
142 402 271 474 Proponit
281 403 363 459 etiam
374 403 575 474 oppressiouem
586 420 735 475 pauperum
744 406 849 478 patrina·
902 403 996 458 obvias
1025 407 1180 472 potestates,
1221 395 1322 451 inferre
1358 394 1435 450 coelis
1464 401 1632 450 revertentes
1664 392 1701 447 de

56 507 109 562 que
122 493 306 560 vastationem,
323 499 349 547 et
363 508 417 548 non
430 491 546 564 prolicit.

93 582 137 634 ill.
153 578 286 635 Ceterum
305 582 452 637 accedente
472 582 597 639 mandato
610 584 733 656 episcopi
749 595 777 642 at
788 587 848 642 lla·

57 667 151 723 lacbiae
174 669 298 735 consilio,
315 670 349 725 de
371 670 471 741 quibus
488 671 534 726 ille
553 672 689 743 pendebat
703 682 783 743 totus,
806 676 849 733 vix

58 759 161 813 tandem
186 758 342 828 acquiescit.
367 759 495 831 Sequitur
515 762 570 817 Rex
592 763 708 835 Regem,
727 774 753 820 et
774 768 849 834 juxta

56 845 168 900 verbum
192 847 285 919 liegis,
310 849 378 904 sicut
400 847 488 904 fuerat
506 850 632 907 voluntas
654 852 682 906 iu
697 853 778 914 coelo.
795 848 850 911 tela

54 932 181 991 facilitate
200 936 285 1005 pulsis
301 936 483 1009 praedonibus,
500 939 641 996 reducitur
653 942 735 998 homo
758 943 786 997 in
801 960 850 1000 sua

54 1036 116 1075 eum
129 1024 307 1080 exsultatione
321 1040 444 1094 suorum,
461 1042 601 1098 regnoque
617 1029 771 1086 restituitur
785 1046 847 1087 suo.

56 1111 152 1166 Dilexit
167 1120 264 1169 extunc
279 1114 336 1169 ilex
349 1113 404 1178 ille,
419 1123 446 1170 et
460 1131 567 1186 semper
586 1117 719 1175 reveritus
734 1129 775 1175 est
789 1119 848 1175 lla-

54 1199 167 1255 laehiam
185 1220 191 1256 :
208 1217 293 1272 eoque
317 1203 555 1277 propensiusque
578 1206 686 1275 plenius
705 1208 733 1261 in
756 1217 848 1265 sancto

54 1288 113 1345 viro
131 1289 213 1360 digna
228 1291 401 1349 ueneratione
415 1301 442 1349 et
464 1310 557 1349 emere
571 1305 750 1368 compererat.
765 1300 849 1368 Cujus

904 499 987 547 terra.

1231 575 1345 632 CAPUT
1373 573 1419 629 vl.

941 669 1139 725 honestatum
1158 654 1350 723 bracharense
1363 663 1519 720 michtam
1544 660 1704 715 instauret.

940 761 983 812 li.
998 759 1031 813 Et
1046 755 1294 827 Dominusquidem
1309 754 1336 811 in
1351 751 1465 825 regiona
1475 747 1649 805 lesmorensi
1661 747 1705 802 sic

902 848 1072 919 praeparabat
1101 845 1227 901 dilectum
1251 860 1330 898 soum
1359 839 1517 897 Malachiam
1536 837 1571 893 ad
1586 835 1703 908 gloriam

903 936 1019 992 nominis
1034 935 1087 991 sui.
1104 936 1205 995 Verum
1215 934 1261 1004 qui
1276 933 1406 988 miserant
1421 946 1493 997 eum,
1512 927 1621 984 minime
1644 926 1703 996 jam

902 1024 1020 1083 ferentes
1033 1024 1184 1080 absentiam
1206 1023 1276 1092 ejus,
1300 1020 1390 1075 missis
1415 1017 1540 1090 epistolis
1570 1022 1702 1073 revocant

902 1114 986 1168 illum.
1014 1113 1076 1183 Quo
1091 1111 1197 1168 reddito
1209 1112 1276 1178 suis,
1294 1108 1446 1180 etquidem
1471 1105 1643 1161 instructiore
1665 1105 1700 1159 de

901 1203 1027 1259 omnibus
1042 1217 1103 1273 quae
1117 1203 1275 1273 oportebat3
1292 1216 1327 1255 en
1346 1213 1416 1268 opus
1431 1213 1446 1251 a
1461 1197 1518 1252 Deo
1537 1203 1660 1267 paratum
1673 1201 1701 1249 et

902 1300 1038 1349 servatum
1053 1291 1198 1348 llalechiae.
1217 1290 1263 1344 Vir
1277 1288 1353 1344 dives
1367 1297 1396 1343 et
1411 1294 1515 1358 potens,
1534 1285 1580 1357 qui
1609 1283 1699 1339 locum

55 1375 127 1431 enim
149 1384 249 1431 tantiam
263 1378 362 1433 meruit
384 1379 413 1433 in
431 1395 479 1433 soa
494 1380 654 1439 adversitate
673 1382 846 1440 familiarita—
901 1380 1064 1436 liencltoret
1083 1379 1269 1451 possessiones
1292 1377 1352 1443 ejus
1372 1375 1489 1440 tenebat,
1520 1372 1701 1443 inspiratusa

55 1471 120 1526 tem.
133 1465 300 1521 sanctitatem
313 1466 437 1538 ignorare
450 1482 503 1523 non
521 1470 616 1539 potuit.
631 1471 775 1543 Propterea
790 1490 847 1528 ma·
903 1470 970 1537 Deo,
985 1468 1124 1524 confestim
1140 1469 1166 1521 in
1183 1481 1262 1519 mauu
1277 1464 1338 1535 ejus
1361 1480 1409 1518 sua
1425 1462 1515 1518 omnia
1529 1460 1601 1513 dedit
1630 1468 1657 1513 et
1671 1474 1701 1513 se

54 1550 96 1623 gis
119 1551 145 1604 iu
170 1568 219 1607 sua
244 1555 421 1622 prosperitate
445 1557 581 1625 perpetuis
613 1558 688 1613 illum
709 1560 846 1629 amicitiis,
902 1570 1020 1627 quoque.
1035 1556 1068 1608 lit
1082 1555 1106 1609 is
1119 1553 1269 1612 avunculus
1284 1551 1417 1622 ejussed
1435 1550 1574 1607 llelachiae
1588 1548 1701 1619 spiritus

55 1639 210 1708 devotisque
233 1641 338 1695 colebat
367 1642 515 1714 obsequiis,
539 1654 567 1699 et
587 1646 699 1701 libenter
723 1647 848 1702 audiebat
902 1656 983 1712 quam
998 1642 1085 1698 carnis
1101 1641 1287 1713 propinquitas
1303 1641 1391 1712 pluris
1406 1639 1465 1694 fuit.
1482 1641 1574 1709 lpsum
1588 1653 1699 1710 quoque

55 1741 127 1793 eum,
145 1736 171 1782 et
192 1728 283 1783 auilito
297 1743 330 1783 eo
351 1730 433 1783 nrulta
457 1729 581 1785 faciebat.
605 1732 638 1786 lit
657 1732 691 1788 de
714 1735 757 1789 bis
772 1736 846 1790 satis.
903 1729 990 1786 lecum
1006 1730 1129 1786 lieuebor
1143 1730 1231 1802 (lat),
1246 1729 1280 1783 de
1294 1746 1349 1802 quo
1364 1729 1615 1801 cognominabatur,
1641 1733 1700 1781 tra·

55 1813 244 1869 Verumtamen
258 1831 311 1870 nou
326 1815 438 1872 fortuitu
459 1817 558 1874 factum
573 1835 644 1889 reor,
658 1822 731 1891 quod
744 1822 781 1876 ita
794 1823 849 1891 jam
903 1817 971 1873 didit
988 1817 1013 1873 ei
1041 1818 1178 1888 princeps
1206 1825 1236 1871 ut
1259 1818 1403 1874 aedificaret
1426 1817 1464 1870 ihi
1493 1812 1699 1884 monasterium,
1740 1869 1744 1876 ,

56 1902 381 1973 tuucmagnificaiiteum
393 1905 524 1962 Dominus
535 1907 563 1962 in
576 1920 722 1979 conspeetu
733 1927 847 1985 regum:
904 1907 946 1959 vel
974 1906 1064 1977 potius
1088 1906 1273 1962 reedificaret.
1285 1908 1389 1977 Nempe
1407 1904 1608 1960 nobilissimum
1621 1902 1702 1959 exsti·

53 1990 103 2045 sed
118 1991 183 2062 quia
197 2008 244 2046 vas
259 1991 399 2048 electionis
419 1993 471 2048 sihi
485 2003 542 2050 erat
557 1995 611 2064 ille,
627 2006 782 2065 portaturus
798 2014 849 2055 ue-
903 2003 972 2049 terat
995 2008 1056 2049 anie
1085 1995 1136 2049 suh
1164 1996 1342 2065 primopatre
1365 1994 1504 2066 florigello,
1531 1993 1614 2047 mults
1637 1990 1700 2047 mil-

54 2095 125 2135 mcm
139 2096 216 2136 suum
230 2095 321 2136 coram
335 2082 444 2155 regibus
462 2090 489 2137 et
504 2083 679 2156 principibus.
904 2080 939 2136 lia
953 2083 1145 2139 monachorum
1156 2101 1304 2155 gauterius,
1315 2087 1459 2138 multorum
1470 2080 1699 2137 nxouosteriorum

902 2178 993 2240 caput.
1008 2170 1096 2227 Locus
1118 2189 1183 2229 vere
1209 2181 1319 2227 sanctus
1331 2172 1517 2242 fecundusque¹
1533 2182 1698 2231 sauctorum,

370 2222 482 2280 CAPUT
500 2224 532 2278 γ’
902 2259 1090 2329 copiosissime
1106 2261 1272 2317 fructificans
1290 2263 1359 2325 Deo,
1385 2261 1466 2314 itaut
1495 2274 1566 2312 uirus
1580 2273 1613 2312 ex
1636 2253 1698 2311 liliis

90 2328 187 2385 sorori
194 2330 338 2400 defunctae
352 2332 488 2401 sacrificii
502 2332 642 2390 chlott'ottc
656 2343 810 2394 recrearit.
903 2356 1002 2402 senctae
1015 2348 1087 2404 illius
1097 2350 1326 2424 congregationis,
1337 2352 1446 2403 nomine
1458 2348 1577 2415 luanus,
1590 2352 1699 2399 centurn

95 2438 137 2487 ii·
153 2435 255 2491 Mortua
270 2436 430 2492 estinterim
445 2454 521 2496 soror
536 2441 597 2510 ejus
615 2440 668 2506 illa,
685 2458 763 2511 quam
780 2461 849 2515 pfae.
903 2434 979 2489 solus
1002 2438 1230 2513 monasteriorum
1258 2437 1386 2493 fundator
1422 2435 1555 2491 exstitisse
1585 2432 1696 2488 leretur.

57 2524 105 2578 fati
128 2540 231 2580 sumus.
255 2527 312 2582 Nec
335 2529 532 2598 praetereundae
551 2529 680 2598 visiones,
701 2547 768 2601 quas
784 2532 850 2589 vidit
904 2523 975 2594 ll1¹⁰d
990 2523 1090 2581 idcisffl
1105 2525 1231 2592 dileriffl.
1247 2526 1384 2581 ¹1²⁸thss
1398 2539 1453 2580 ⁰¹¹0
1467 2522 1698 2592 ⁰0¹¹ll⁰l³l¹⁰⁰¹0sr

56 2612 90 2666 de
103 2627 144 2667 ea.
173 2614 257 2682 liujus
272 2615 406 2687 siquidem
429 2624 536 2671 sauctus
551 2620 849 2677 carnalemexhorrue-
904 2628 985 2682 quam
1011 2613 1108 2684 iugens
1126 2613 1491 2685 fueritreliquamultitudo.
1516 2610 1639 2683 lienique
1663 2608 1701 2665 ita

55 2709 96 2755 rat
119 2700 212 2768 vitam,
227 2710 254 2756 et
268 2710 342 2758 tanto
365 2703 432 2768 zelo,
450 2713 477 2757 ut
496 2720 525 2759 se
547 2705 686 2761 devoverit
708 2723 763 2762 non
779 2710 851 2764 risu.
904 2700 1061 2756 Hiberniam
1090 2703 1261 2775 scotiamque
1276 2704 1447 2773 repleverunt
1460 2701 1599 2773 genimina
1626 2699 1699 2768 ejus,

56 2805 116 2844 rum
140 2806 199 2846 eam
213 2789 241 2846 in
263 2807 343 2846 carne
365 2792 506 2848 viventem.
531 2795 566 2847 Λι
589 2793 633 2848 illa
648 2813 728 2852 carne
751 2799 849 2869 soluta,
905 2796 934 2843 ui
962 2805 995 2844 ct
1022 2790 1192 2861 potissimum
1216 2800 1339 2862 letuport
1366 2789 1485 2847 Daviditi
1514 2789 1552 2843 illi
1574 2785 1701 2845 uersicuh

57 2879 172 2934 solutum
187 2888 227 2934 est
241 2888 344 2946 votum,
359 2887 386 2935 et
400 2881 483 2951 coepit
501 2882 590 2938 videre
605 2884 632 2938 ln
647 2886 752 2954 spiritu,
768 2904 850 2958 quam
905 2878 1228 2947 praecinisserideautur:
1247 2881 1372 2937 Visitosti
1383 2884 1500 2944 terram,
1513 2883 1540 2936 ct
1551 2877 1701 2935 inebriasti

57 2967 85 3020 in
100 2982 213 3039 corpore
236 2968 329 3024 noluit.
345 2968 467 3037 Quadam
490 2980 569 3026 nocte
582 2972 685 3030 audivit
709 2991 757 3044 per
778 2992 851 3030 sont·
867 2964 888 3040 ὓ
905 2983 978 3035 cant,
993 2968 1195 3039 multiplicasti
1218 2970 1393 3039 locupletare
1422 2983 1495 3023 corn.
1509 2969 1629 3021 Flu-triers
1652 2965 1702 3021 lici

59 3053 134 3110 nium
154 3071 247 3111 rocem
267 3057 318 3111 sihi
333 3057 454 3122 dicentis,
471 3074 593 3115 sororem
613 3062 673 3130 eius
692 3069 765 3119 stare
780 3063 852 3119 foras
909 3056 1050 3127 repletum
1066 3058 1417 3128 etfatuisllaratlivilum
1428 3056 1556 3122 silvium.
1568 3054 1702 3126 quoniam

59 3141 86 3194 in
111 3141 188 3208 atrio,
204 3152 231 3198 et
251 3158 314 3199 ecce
340 3161 386 3214 per
400 3153 468 3200 totos
490 3146 598 3218 triginta
621 3149 678 3207 dies
696 3150 761 3205 nihil
785 3167 853 3225 gus-

60 3240 130 3285 tasse
145 3249 153 3287 :
169 3231 215 3303 qui
229 3231 359 3303 evigilans
373 3232 426 3289 cito
437 3233 575 3301 intellexit,
590 3239 668 3306 cuijus
681 3254 751 3295 escae
764 3239 854 3296 inedia

58 3330 197 3377 marceret.
226 3321 260 3377 Et
282 3320 428 3395 diligenter
462 3322 584 3379 discusso
609 3341 720 3381 numero
748 3329 853 3385 dierum

58 3425 138 3482 quem
161 3411 291 3477 audierat,
307 3411 395 3481 ipsum
419 3408 610 3485 essaffrperit,
627 3430 660 3469 ex
683 3431 739 3487 quo
759 3435 807 3487 pro
823 3436 853 3473 ea

59 3499 158 3553 l‘auem
172 3496 205 3551 de
229 3500 298 3555 coelo
312 3499 404 3555 vivum
418 3516 472 3555 non
485 3502 639 3559 obtulisset.
655 3504 724 3558 Tum
745 3506 792 3560 ille
808 3525 851 3573 qiu

58 3585 161 3640 sororis
184 3600 237 3640 nou
252 3586 366 3641 animem
390 3587 494 3653 oderat,
514 3589 562 3643 sed
576 3598 730 3660 peccalum,
747 3592 851 3648 beneti-

57 3672 183 3741 centiam,
200 3689 279 3744 quam
294 3669 382 3729 664
404 3673 591 3744 intermiserat,
607 3692 712 3732 rursum
732 3679 853 3736 adoritur

57 3762 154 3833 Neque
173 3762 281 3816 frustra.
305 3762 366 3817 Non
381 3763 465 3817 ιιιιιιιο
489 3773 551 3835 post
563 3764 621 3821 visa
642 3775 685 3821 est
698 3765 736 3821 illi
752 3782 852 3837 perve-

57 3851 128 3907 nisse
149 3853 184 3907 ad
209 3852 287 3907 limen
312 3850 441 3922 ecclesiae,
461 3852 578 3909 necdum
601 3861 689 3911 tamen
708 3870 788 3927 posse
807 3858 850 3912 iu-

57 3948 140 4007 uare,
163 3954 293 4010 apparere
316 3939 397 3995 eliam
420 3939 536 3997 intesta
560 3942 641 4012 pulla.
666 3944 786 4014 Cumque
805 3946 851 4001 ille

57 4039 254 4100 perseveraret,
268 4045 366 4086 curans
380 4046 415 4085 ne
428 4048 481 4102 qua
495 4031 540 4087 die
553 4033 629 4088 solita
644 4034 713 4103 stipe
734 4035 849 4090 frustra-

56 4127 144 4184 retur;
160 4119 281 4176 secundo
302 4118 366 4177 uidit
380 4135 439 4174 eam
454 4119 481 4173 in
505 4131 580 4177 veste
603 4120 783 4189 subcandida;
800 4123 849 4177 ad-

55 4209 166 4263 missam
184 4207 292 4280 quidem
315 4207 384 4262 intra
399 4207 550 4274 ecclesiam,
566 4208 615 4265 sed
638 4208 722 4265 altare
744 4210 851 4266 coutin-

56 4311 86 4367 ge
93 4310 121 4349 re
134 4309 188 4349 non
203 4294 330 4364 permitti.
346 4295 437 4351 Tertio
451 4297 557 4351 mildam
576 4297 635 4353 visa
651 4307 693 4352 est
706 4302 852 4372 aggregari

55 4384 137 4439 coetui
151 4382 364 4447 candidatorum,
380 4392 407 4439 et
432 4383 457 4437 in
473 4395 548 4440 veste
562 4386 684 4442 candida.
701 4389 794 4455 Vides,
810 4392 848 4445 le-

56 4480 122 4543 ctor,
137 4479 267 4543 quantum
282 4471 368 4526 valeat
391 4473 544 4545 deprecatio
556 4475 622 4543 justi
635 4476 766 4533 assidua?
780 4480 850 4534 Vere

56 4574 170 4634 regnum
194 4559 322 4615 coelorum
346 4559 398 4615 vim
426 4560 531 4632 patitur,
558 4572 586 4620 et
610 4564 719 4620 violenti
743 4567 850 4639 rapiuut

55 4647 131 4705 illud.
164 4647 259 4702 Nonne
285 4646 333 4702 tibi
357 4648 462 4704 videtur
486 4651 623 4708 llalacbiae
645 4656 732 4709 oratio
764 4655 848 4710 vicem

54 4737 253 4806 quodammodo
275 4735 426 4794 eit'raetoris
440 4741 594 4797 exhibuisse
617 4743 772 4799 coelestibus
784 4759 850 4816 por-

56 4823 97 4889 tis,
109 4826 217 4894 quando
232 4827 367 4897 peccatrix
378 4829 476 4885 mulier
491 4829 615 4887 fraternis
625 4830 741 4888 obtinuit
754 4833 848 4899 armis,

54 4913 126 4983 quod
140 4914 196 4967 suis
217 4917 319 4973 meritis
335 4920 506 4992 negabatur?
520 4919 593 4975 Hauc
609 4919 673 4989 vim,
689 4921 753 4977 lesu
768 4924 848 4990 bone,

55 5007 84 5055 tu
99 5003 144 5071 qui
168 5003 275 5073 pateris,
290 5004 365 5070 iacis,
380 5006 484 5060 validus
506 5016 535 5062 et
548 5007 608 5076 pius
623 5020 654 5060 au
679 5011 847 5078 saliendum,

54 5089 155 5144 iaciens
170 5089 381 5146 misericordiam
405 5102 432 5150 et
448 5094 595 5163 potentiam
617 5095 643 5150 in
664 5098 774 5154 brachio
791 5109 849 5170 tuo,

53 5188 79 5231 et
102 5176 129 5230 in
152 5177 321 5233 sacramento
347 5183 637 5240 tuoserraussanctis
659 5185 752 5258 quiin
777 5189 850 5244 terra

52 5272 125 5331 sunt,
142 5281 227 5337 usqua
251 5264 551 5326 inconstnnmationem
576 5273 679 5328 saeculi.
700 5275 758 5332 Hoc
771 5276 849 5346 plane

87 5380 163 5451 (tet)
176 5381 298 5437 lianchor
312 5393 423 5439 vocatur
442 5385 468 5440 in
492 5386 558 5441 actis
572 5389 657 5445 sancti
677 5390 845 5460 columbani,

52 5452 133 5509 situm
147 5453 174 5507 in
191 5452 295 5510 Ultonia
308 5452 442 5511 Hiberniae
456 5457 608 5528 provincia,
625 5460 846 5535 distinguendum

909 3147 951 3199 ita
968 3149 1010 3201 cat
1021 3149 1196 3217 preparatio
1211 3148 1281 3217 ejus.
1295 3147 1376 3204 ilices
1390 3147 1453 3217 ojus
1467 3144 1588 3207 inebria,
1600 3142 1703 3197 molti-

907 3233 983 3306 pliea
995 3235 1141 3305 persimilis
1164 3238 1241 3307 ejum·
1258 3236 1289 3290 ta
1303 3234 1458 3291 stillicidiis
1471 3235 1532 3305 ejice
1557 3231 1704 3288 laetaliter

907 3324 1069 3393 permittens
1088 3322 1144 3394 (Pr.
1157 3320 1634 3396 eximium).Etinunnomodum
1653 3336 1705 3377 οω-

908 3410 957 3464 teri
970 3410 1015 3482 qui
1037 3420 1198 3483 sequuntur.
1209 3414 1264 3469 Nec
1281 3424 1327 3467 me
1339 3412 1345 3461 i
1386 3413 1413 3468 iu
1429 3410 1565 3484 praefatas,
1577 3411 1625 3465 sed
1639 3417 1665 3465 et
1675 3408 1703 3462 iu

908 3498 1241 3571 exterasetiamregiones,
1250 3501 1326 3571 quasi
1338 3500 1512 3558 inundatione
1524 3497 1652 3569 facta,illa
1671 3513 1702 3553 se

907 3594 1062 3640 sanctorum
1072 3588 1367 3644 examinaet'fuderunt.
1387 3590 1516 3658 liquibus
1525 3590 1558 3643 ad
1570 3591 1619 3642 has
1630 3603 1699 3641 uos·

906 3680 962 3729 tras
971 3674 1123 3730 Gallicanas
1134 3684 1341 3747 portassenctus
1351 3676 1533 3732 columbanus
1542 3677 1704 3737 ascendens.

905 3762 1075 3819 luxoviense
1085 3765 1235 3820 construxit
1245 3765 1452 3830 monasterium,
1460 3763 1547 3821 factos
1557 3765 1593 3818 ihi
1604 3764 1630 3819 in
1641 3780 1705 3834 gen·

906 3859 961 3908 tem
988 3868 1127 3926 magnam.
1152 3857 1236 3910 Aiunt
1249 3864 1305 3910 tam
1319 3870 1448 3927 magnam
1463 3854 1557 3916 fuisse,
1568 3860 1598 3907 ul
1611 3866 1704 3908 succc-

904 3940 1032 3999 dentibus
1047 3942 1099 3997 sibi
1108 3943 1229 4000 vicissim
1243 3944 1346 4010 choris,
1358 3944 1580 4000 continuarentur
1595 3942 1700 3999 solem·

904 4046 950 4084 ma
962 4031 1128 4102 divinorum,
1145 4034 1180 4088 ite
1195 4042 1273 4089 utne
1296 4040 1463 4090 momentum
1477 4030 1587 4103 quidem
1602 4030 1657 4086 diei
1669 4046 1702 4086 ac

906 4120 993 4176 uectis
1008 4132 1118 4178 vacaret
1133 4138 1151 4178 a
1165 4122 1300 4178 laudibus.

944 4213 986 4265 la.
1005 4212 1067 4266 llaec
1080 4210 1114 4266 de
1136 4210 1246 4280 antiqua
1266 4210 1407 4266 dictasint
1430 4208 1627 4266 benchorensis
1641 4223 1703 4263 mo·

907 4298 1017 4354 nasterii
1047 4299 1144 4370 gloria.
1174 4299 1230 4356 lieo
1250 4299 1314 4355 olim
1333 4300 1499 4356 destructum
1513 4314 1529 4353 a
1543 4297 1650 4370 piratis,
1666 4297 1703 4352 ob

903 4387 1009 4458 insigne
1037 4388 1176 4459 dignitatis
1190 4389 1316 4460 antiqua,
1332 4389 1485 4455 lialachias,
1506 4389 1590 4445 veluti
1606 4402 1703 4456 quem·

903 4477 965 4532 dam
979 4479 1181 4549 replantaturus
1196 4479 1361 4549 paradisum,
1375 4481 1518 4552 amplexus
1533 4490 1584 4545 ast,
1600 4477 1704 4548 etquis

903 4568 986 4623 multa
1013 4582 1126 4640 corpora
1154 4576 1308 4624 sanctorum
1337 4570 1486 4626 dormirent
1513 4569 1561 4627 ibi.
1590 4568 1660 4624 Nam
1674 4575 1704 4622 ut

905 4665 1008 4711 taceam
1022 4655 1067 4712 illa
1080 4674 1141 4730 quai
1152 4657 1180 4711 iu
1192 4672 1256 4725 pace
1271 4658 1375 4728 sepulta
1389 4665 1460 4724 sunt,
1478 4657 1567 4712 lerunt
1581 4671 1705 4729 nonqon·

904 4752 944 4799 tes
959 4746 1037 4800 simul
1053 4762 1107 4800 una
1121 4747 1166 4801 dia
1180 4761 1194 4800 a
1210 4744 1304 4814 piratis
1318 4745 1432 4800 occisos.
1456 4745 1520 4801 Erat
1534 4744 1643 4817 quidem
1657 4744 1703 4801 in-

903 4851 972 4906 geos
1001 4834 1052 4889 loci
1074 4834 1145 4890 illius
1160 4835 1314 4904 possessio:
1338 4834 1387 4889 sed
1405 4834 1614 4891 llalachiassolo
1629 4849 1700 4892 cen·

904 4932 992 4977 tentus
1023 4923 1084 4977 loco
1112 4928 1215 4989 sancto,
1241 4930 1312 4978 totas
1340 4924 1532 4994 possessiones
1561 4932 1587 4978 et
1619 4930 1703 4980 terras

904 5010 982 5067 alteri
1009 5011 1098 5068 cessit.
1124 5010 1262 5083 Siquidem
1286 5027 1302 5066 a
1320 5018 1515 5084 temporeque
1534 5011 1702 5069 destructum

904 5106 946 5155 est
973 5099 1181 5164 monasterium,
1210 5115 1265 5155 uon
1278 5099 1364 5157 defuit
1383 5102 1429 5172 qui
1446 5100 1510 5157 illud
1525 5107 1627 5157 teneret
1641 5115 1701 5156 cum

904 5187 1122 5259 possessionibus
1149 5189 1216 5244 suis.
1244 5189 1311 5244 Nam
1340 5200 1367 5243 et
1394 5188 1628 5249 constituebantur
1651 5207 1701 5263 per

902 5278 1065 5336 electionem
1078 5277 1158 5335 etiam
1172 5288 1199 5337 et
1213 5279 1323 5335 abbates
1336 5278 1548 5351 appellabantur,
1563 5290 1703 5340 servantes

902 5394 937 5449 ab
959 5392 1012 5476 alio
1040 5391 1196 5478 cognomini
1222 5395 1395 5466 monasterio,
1425 5397 1498 5469 quod
1533 5395 1560 5453 iu
1587 5395 1697 5465 wallia,

900 5464 1006 5536 hughe
1021 5479 1144 5538 regione,
1161 5465 1278 5524 locatum
1291 5474 1362 5525 erat.
