3728 5940
109 181 162 242 223

574 179 602 242 S.
621 179 791 261 BERNthll
808 180 943 244 taetus
961 181 1279 249 uttan-vtttuuus

1613 208 1617 218 ·
1703 185 1757 249 tet

110 306 194 364 irater
206 308 377 366 hanniauus
392 309 476 366 abbas
499 308 587 366 dictus
600 309 634 368 de
651 307 832 379 Clara-Valle,
846 322 908 383 que
924 310 1055 384 flpetres
1074 312 1133 367 me
1149 312 1202 382 (Ill
1220 314 1286 384 hep.
1300 325 1362 382 xix,
1378 312 1406 383 t)
1421 327 1430 370 ι
1445 319 1472 368 et
1484 326 1539 369 nea
1553 310 1621 370 dixit
1631 328 1663 370 sc
1683 314 1758 372 nolle

111 403 184 452 recta
199 405 263 452 sunt
277 397 378 468 videre,
390 397 567 470 constituere,
582 407 610 454 et
624 407 728 454 tenere.

149 489 175 538 1.
191 485 296 540 Irascor
315 485 539 559 occupationibus
563 488 640 552 meis,
658 486 758 558 quibus
772 485 906 556 impedior

111 574 244 629 interesse
258 575 399 631 conventui
413 584 516 642 vestro,
531 591 644 646 corpore
660 585 748 631 tamen
766 575 904 632 duntaxat.

111 662 180 717 Nam
198 663 324 733 spiritum
347 679 397 718 nec
410 663 496 735 spatia
512 673 649 729 terrarum,
666 680 716 719 nec
733 665 810 718 turba
828 679 906 718 eura-

112 766 172 805 rum
194 751 334 808 absentare
351 760 451 824 qucuiit
467 769 474 806 ε
490 751 589 823 quippe
613 761 734 808 orantem
757 753 906 822 provehis,

959 398 1081 469 patribus
1103 414 1161 455 esse
1182 399 1330 457 meliorem.
1342 399 1415 456 Vidit
1428 400 1513 455 Jacob
1524 399 1553 454 in
1576 399 1649 456 scala
1661 401 1756 471 Ange·

959 486 1001 543 los
1024 490 1203 546 ascendentes
1220 499 1247 545 et
1262 490 1456 545 descendentes
1478 489 1557 559 (Gen.
1576 503 1681 555 xxvur,
1697 489 1755 561 12),

960 576 1079 646 uunquid
1108 586 1221 633 stantem
1243 577 1408 652 quempiam,
1431 577 1488 634 sive
1511 577 1673 633 sedentem?
1696 578 1758 633 Non

962 673 1003 721 est
1016 675 1087 722 stare
1102 668 1213 722 omnino
1229 669 1255 721 in
1270 667 1390 739 pendulo
1403 665 1506 738 fragilis
1517 665 1610 733 sealae3
1626 681 1716 739 neque
1730 667 1758 723 iu

961 755 1062 811 incerte
1078 756 1158 825 hujus
1168 756 1292 812 mortalis
1302 757 1363 812 vitae
1378 755 1522 827 quidquam
1539 755 1566 809 in
1580 756 1675 811 eodem
1687 765 1759 812 statu

111 840 343 911 congratulantem
368 841 455 906 vobis,
471 850 552 914 atque
575 841 603 895 iu
621 842 701 898 vohis
715 842 906 913 quiescentem.
962 852 1112 917 permanet.
1137 846 1197 900 Non
1222 845 1352 900 habemus
1371 845 1414 900 hic
1435 852 1590 900 manentem
1612 845 1758 913 civitatem,

111 927 174 982 Non
191 943 241 995 me,
260 929 378 1001 inquam,
395 936 548 986 sanctorum
563 937 652 1001 potest
676 947 767 987 carere
789 945 909 987 conven-
960 949 1011 990 nec
1025 932 1139 989 suturam
1154 934 1242 989 adhuc
1257 933 1439 1005 possidemus,
1456 932 1504 988 sed
1519 930 1689 1003 inquirimus.
1704 933 1762 990 hut

113 1026 169 1080 tus,
184 1031 236 1071 nec
255 1016 307 1072 loci
331 1018 489 1089 corporisve
512 1018 639 1074 distantia
658 1020 743 1092 privat
764 1034 910 1090 prorsusa
961 1023 1091 1079 ascendas
1119 1038 1228 1079 neeesse
1254 1030 1306 1091 cst,
1331 1030 1378 1079 eut
1399 1021 1567 1080 descendas:
1598 1020 1621 1076 si
1645 1030 1760 1079 attentas

115 1104 230 1160 consilio
244 1106 377 1175 justorum
397 1116 422 1161 et
445 1108 675 1179 congregatione:
692 1109 739 1165 illo
760 1107 910 1180 proesertim
966 1120 1047 1178 stare,
1065 1126 1129 1167 ruas
1142 1127 1252 1168 necesse
1266 1119 1316 1167 est.
1331 1109 1441 1167 Minime
1456 1125 1503 1180 pro
1519 1120 1591 1165 certo
1605 1118 1647 1166 est
1660 1111 1759 1182 honus,

115 1192 245 1262 consilio,
270 1194 297 1248 in
324 1211 378 1266 que
406 1211 460 1251 non
484 1196 622 1252 hominum
651 1197 809 1252 traditiones
836 1194 912 1266 (275)
961 1199 1010 1270 qui
1024 1199 1117 1256 melior
1140 1215 1199 1256 esse
1221 1216 1276 1256 nea
1299 1199 1356 1257 vult
1373 1216 1379 1253 :
1396 1207 1424 1254 et
1443 1198 1490 1254 ubi
1503 1198 1599 1269 incipis
1612 1198 1686 1255 nelle
1700 1200 1761 1256 lieri

114 1282 274 1338 obstinatius
296 1286 482 1357 defensantur,
507 1296 553 1342 aut
576 1287 789 1359 superstitiosius
812 1285 911 1342 obser·
962 1288 1067 1354 melior,
1081 1288 1119 1344 ibi
1134 1290 1214 1346 etiam
1229 1288 1330 1345 desinis
1345 1303 1405 1344 esse
1420 1288 1518 1342 bonus.

113 1379 225 1440 vantur;
242 1374 290 1429 scd
312 1374 455 1446 diligenter
473 1375 662 1448 humiliterque
682 1375 836 1447 inquiritur,
851 1390 911 1447 quse
1000 1378 1026 1431 6.
1048 1378 1184 1433 Recedant
1204 1378 1318 1433 etiams
1341 1392 1385 1432 me
1407 1385 1435 1432 et
1455 1391 1470 1430 a
1493 1375 1571 1433 vohis
1594 1375 1640 1448 qni
1668 1377 1762 1434 dicunt

114 1460 151 1516 sit
173 1460 296 1517 voluntas
311 1463 360 1517 Dei
380 1463 462 1531 bona,
478 1472 504 1520 et
521 1464 710 1534 beneplacens,
733 1474 759 1520 et
781 1461 910 1536 perfecta.
965 1465 1067 1522 benum
1091 1468 1201 1532 malum,
1216 1475 1243 1523 et
1263 1466 1363 1522 malum
1387 1465 1499 1522 benum.
1519 1463 1571 1532 out
1590 1465 1684 1522 dicarit
1704 1466 1764 1523 cul·

114 1549 182 1606 Illuc
197 1555 253 1605 teto
269 1551 404 1606 desiderio
426 1550 510 1622 feror,
526 1554 671 1610 devotione
692 1553 830 1620 immorer,
846 1566 913 1608 cen·
965 1559 1021 1609 tuin
1038 1555 1152 1625 justitiae
1175 1552 1433 1627 malum,quodnam
1456 1553 1558 1609 bonnm
1577 1554 1635 1624 jam
1658 1555 1762 1611 bonurn

113 1636 234 1695 delector
247 1653 350 1708 amere,
366 1639 485 1697 inhaereo
500 1655 644 1712 censensu,
660 1641 833 1699 aemulatiene
847 1657 912 1712 per·
930 1636 1114 1719 Breputatnri
1128 1642 1209 1701 aunt?
1223 1644 1312 1700 Unum
1327 1643 1439 1700 verbum
1454 1642 1518 1697 olim
1534 1642 1641 1698 locutus
1653 1651 1695 1700 est
1708 1645 1765 1701 Do-

114 1725 192 1782 siste.
331 1798 336 1809 ¹
963 1733 1063 1801 minus,
1071 1741 1100 1789 et
1112 1732 1243 1789 Pharisaei
1251 1730 1423 1788 scandalizati
1437 1738 1501 1787 sunt
1510 1730 1623 1802 (scete.
1634 1747 1685 1801 xv,
1697 1735 1761 1803 12).

150 1798 177 1851 2·
193 1796 234 1852 Ne
248 1812 315 1867 “llll
328 1815 357 1897 Ψ
373 1814 485 1856 lacuum
499 1815 547 1857 V⁰⁸
561 1800 647 1876 ((1110ίί
661 1801 742 1876 absit)
754 1802 913 1861 ⁰⁰¹¹V⁸⁰i³⁵0
965 1827 999 1878 At
1012 1836 1098 1878 novos
1113 1838 1186 1878 nunc
1195 1820 1346 1877 Pharisaeos
1361 1834 1414 1874 nen
1428 1819 1550 1886 verbnm,
1562 1819 1611 1875 sed
1626 1821 1764 1878 silentium

115 1885 284 1942 ⁵⁰b⁸⁸¹l¹¹⁰¹²²
301 1888 456 1958 (11111503υι
475 1890 561 1960 V0bi⁸i
576 1892 667 1963 Eugel
693 1893 776 1963 ⁰¹¹8⁰¹
797 1900 912 1948 θθῦῑθῡ·
966 1909 1137 1967 scandalizat.
1152 1910 1182 1967 ln
1196 1910 1248 1964 hee
1270 1923 1324 1964 uno
1343 1914 1415 1964 certe
1427 1907 1575 1975 advertitis,
1591 1908 1664 1980 quod
1683 1924 1763 1966 occa-

113 1974 177 2040 dite,
199 1976 324 2044 obsecre,
342 1978 427 2033 bonas
449 1978 538 2036 lacere
562 1981 620 2036 vias
643 1988 751 2038 vestras
776 1990 802 2038 et
825 1983 913 2039 studia
966 1999 1073 2056 ,ponem
1086 2007 1211 2072 quaesum
1224 1998 1368 2056 adversum
1382 2011 1440 2054 vos,
1453 1997 1504 2052 sed
1520 1996 1597 2054 sinii,
1611 1997 1686 2064 111033
1698 1999 1763 2057 mi

114 2072 215 2132 V0⁵²¹¹¹i
232 2081 293 2136 ‘11¹ae
307 2065 430 2136 Pl0f⁰0l⁰
444 2067 524 2123 ⁰1¹1]ss
545 2069 692 2125 b⁰¹1³0⁵⁵⁰
715 2085 770 2125 ¹¹⁰⁰
786 2079 912 2140 immm-
967 2096 1039 2158 sunt,
1054 2091 1136 2144 duces
1160 2102 1302 2143 caecorum.
1324 2085 1454 2141 Intendite
1477 2084 1552 2140 saluti
1578 2088 1762 2157 parvulorum,

113 2151 180 2208 Este
191 2154 263 2226 qued
279 2154 367 2226 pessis
390 2155 503 2212 nimium
518 2156 642 2213 fortassis
656 2173 716 2214 esse
733 2159 831 2228 iustus,
847 2172 914 2229 pos-

115 2241 153 2297 sis
166 2249 194 2297 et
207 2241 319 2299 nimium
343 2244 451 2314 sapiens
468 2264 474 2300 :
498 2245 546 2301 sed
566 2247 646 2317 plane
661 2248 748 2303 honus
770 2248 842 2303 ultra
857 2262 914 2302 me-

114 2330 179 2386 dum
194 2346 253 2388 esse
271 2348 325 2388 nen
342 2343 429 2404 potes.
445 2335 478 2389 Et
492 2334 600 2407 quidem
615 2335 677 2406 lege
693 2354 699 2393 :
718 2338 782 2394 Noli
795 2352 852 2395 esse
865 2338 912 2392 ei·

114 2422 207 2477 mium
218 2422 430 2493 justiisllicele.
442 2439 493 2494 vu,
505 2427 566 2496 ¹7),
578 2425 641 2497 lego
653 2442 659 2479 :
672 2427 732 2483 Non
739 2427 807 2498 ples
817 2441 915 2498 supere

115 2525 200 2582 quem
223 2516 331 2582 opertet
355 2528 453 2584 sapere
477 2514 567 2581 (Rem.
587 2529 637 2585 xii,
652 2515 681 2585 3)
699 2531 705 2567 :
721 2513 841 2584 nunquid
861 2531 913 2571 au-

114 2605 179 2665 tem,
207 2608 267 2663 aut,
292 2598 332 2654 Ne
358 2599 397 2654 sis
423 2600 535 2655 nimium
559 2604 660 2673 benus;
684 2612 739 2674 aut,
764 2603 824 2658 Nen
854 2604 913 2674 plus

115 2686 204 2741 honus
224 2702 308 2757 quam
331 2689 455 2759 eportet?
471 2689 556 2746 Nemo
574 2704 635 2745 csse
658 2691 745 2747 bouus
759 2691 913 2763 plusquam

116 2781 223 2845 oportet
236 2782 337 2847 potest.
350 2774 504 2832 Bonnam
519 2789 575 2832 erat
585 2781 641 2849 jam
657 2780 770 2848 Panlns3
786 2787 812 2835 et
825 2789 913 2837 minen

116 2878 287 2934 nequaquam
308 2871 461 2932 contentus,
478 2865 593 2922 libenter
615 2883 645 2923 se
662 2868 695 2922 ad
719 2885 751 2925 ea
769 2885 828 2942 quae
851 2877 912 2924 ante

116 2962 188 3020 sunt,
217 2953 386 3022 extendebat,
410 2957 558 3025 posteriora
585 2957 749 3014 obliviscens
776 2947 955 3034 (Philippt

117 3054 159 3109 ιιι,
183 3041 239 3112 16),
261 3047 288 3096 et
311 3057 341 3098 se
364 3042 425 3113 ipsc
448 3059 556 3115 semper
579 3045 674 3101 melier
698 3045 768 3103 ellici
792 3046 914 3112 studens,

117 3127 198 3185 Solus
222 3131 293 3187 heus
315 3131 414 3189 melior
438 3148 467 3188 se
489 3133 549 3206 ipso
572 3150 633 3191 esse
656 3134 756 3193 idcirce
775 3151 828 3194 non
847 3136 915 3199 vult,

42 3232 48 3239 ·
118 3219 250 3290 quianon
266 3221 346 3280 valet.

154 3311 180 3364 3.
197 3309 335 3369 Recedant
358 3328 432 3369 ame
447 3320 474 3369 et
499 3329 515 3368 a
537 3313 615 3372 vobis
628 3313 675 3387 qui
700 3314 791 3372 dicunt
806 3334 815 3373 :
829 3315 916 3373 Nolu-

966 2191 1020 2231 non
1036 2175 1168 2231 murmuri
1183 2173 1386 2228 malevolorum.
1398 2173 1457 2227 Non
1471 2171 1551 2228 valde
1565 2171 1673 2228 illerum
1687 2173 1765 2229 vobis

967 2263 1114 2320 curandum
1130 2269 1172 2317 est
1185 2259 1351 2329 scandalum,
1365 2259 1411 2331 qui
1426 2275 1479 2316 non
1498 2270 1634 2328 sanantur,
1649 2261 1701 2316 nisi
1716 2277 1765 2318 vos

966 2348 1146 2406 infirmemini.
1162 2347 1214 2404 Sed
1229 2363 1279 2403 nec
1296 2355 1326 2402 ut
1347 2348 1445 2405 vestris
1463 2346 1529 2419 ipsis
1548 2346 1638 2402 emnia
1657 2348 1683 2402 in
1701 2363 1765 2402 ern-

967 2439 1047 2495 nibus
1061 2439 1183 2512 placeant
1195 2452 1255 2509 quae
1270 2436 1396 2506 statuitis,
1407 2438 1626 2508 exspectandum.
1639 2436 1765 2508 Alioquin

968 2536 1014 2583 aut
1036 2527 1151 2593 nullum,
1167 2535 1213 2581 aut
1237 2541 1329 2581 rarum
1353 2526 1455 2582 benum
1478 2523 1654 2580 constituitis.
1676 2524 1766 2580 Satius

968 2632 1032 2673 vere
1057 2618 1178 2689 ipsorum
1203 2614 1381 2688 profectibus,
1397 2630 1476 2687 quam
1499 2613 1682 2670 voluntatibus
1701 2630 1765 2686 pre·

967 2705 1063 2762 videtis
1077 2723 1084 2773 ;
1098 2704 1258 2785 fideliusque
1278 2703 1375 2760 invitos
1396 2702 1501 2760 trahitis
1520 2702 1555 2758 ed
1574 2703 1670 2773 Deum,
1685 2720 1766 2775 quam

968 2794 1111 2851 desideriis
1132 2792 1222 2851 cordis
1244 2807 1338 2849 eorum
1362 2791 1524 2864 relinquitis.
1539 2792 1704 2849 Commendo
1721 2808 1766 2849 me

968 2883 1068 2940 sanetis
1082 2881 1250 2940 orationibus
1266 2881 1372 2940 vestris.

1180 2968 1349 3026 EPISTOLA
1367 2969 1442 3025 XCll
1465 2970 1551 3042 (276).
1604 2998 1607 3003 -

1115 3076 1153 3117 ari
1172 3075 1315 3118 unuarcuit
1337 3075 1434 3116 aucas
1454 3073 1615 3115 suaaonuu.

971 3152 1187 3211 heraclaeae
1204 3151 1300 3206 missis
1318 3149 1355 3205 ed
1375 3148 1600 3205 construendum
1621 3152 1766 3207 meneste-

1130 3222 1217 3284 rium,
1234 3221 1306 3292 regis
1319 3222 1446 3292 fenerem
1462 3218 1603 3291 postulet.

1005 3313 1131 3369 Hsuarco
1144 3307 1241 3363 illustri
1254 3309 1404 3379 Anglornm
1419 3308 1486 3376 regi,
1497 3305 1667 3361 Bassianus
1682 3309 1768 3364 abhas

118 3414 179 3455 nius
197 3415 257 3455 esse
282 3401 407 3456 meliores
432 3418 513 3474 quam
540 3410 628 3472 patres
651 3403 747 3473 nostri,
765 3404 915 3474 tepidorum
971 3398 1058 3455 dictus
1073 3396 1106 3452 de
1120 3393 1298 3461 Clara-Valle,
1313 3391 1437 3450 caelorum
1461 3395 1529 3467 Regi
1547 3394 1581 3449 de
1596 3401 1703 3452 terrene
1718 3410 1767 3450 re-

118 3495 145 3547 at
168 3490 361 3546 dissolutorum
381 3507 410 3547 sc
426 3491 497 3548 filios
516 3499 709 3564 protestantes.
725 3492 848 3561 Quorum
863 3507 917 3547 me·
971 3503 1024 3560 gno
1039 3485 1140 3542 servire
1158 3481 1280 3552 lidehter,
1295 3491 1322 3538 et
1335 3481 1472 3538 humiliter
1484 3482 1603 3540 obedire.

118 3579 205 3635 moria
235 3578 262 3633 in
296 3579 486 3636 maledictione
513 3589 564 3650 est,
594 3580 656 3652 quia
689 3583 917 3636 manducaverunt
1006 3574 1037 3629 ln
1053 3584 1123 3630 terra
1138 3579 1227 3628 vestra
1251 3580 1355 3626 tenetur
1375 3573 1465 3642 praeda
1488 3570 1597 3627 Domini
1619 3572 1673 3627 mei
1687 3581 1768 3645 atque

119 3681 187 3722 uias
209 3667 332 3737 acerbas,
347 3668 447 3739 quibus
464 3668 561 3725 dentes
580 3668 695 3726 filiorum
710 3670 917 3739 obstupuerunt.
970 3663 1051 3721 vestri
1074 3660 1163 3733 (277),
1184 3667 1212 3719 et
1236 3659 1282 3716 illa
1306 3661 1406 3731 praeda,
1428 3677 1477 3731 pre
1499 3676 1552 3732 qua
1571 3662 1666 3718 maluit
1688 3662 1767 3728 meri,

119 3755 175 3811 hut
193 3756 216 3810 si
233 3756 331 3814 sanetis
351 3767 377 3814 et
394 3759 474 3814 bonae
499 3760 637 3814 memoriae
660 3759 780 3830 patribus
794 3758 917 3834 glorian·
972 3770 1056 3826 quani
1069 3769 1162 3810 carere
1174 3752 1298 3825 illalige
1312 3766 1370 3806 earn
1387 3751 1465 3822 sequi
1479 3751 1610 3824 disposui,
1622 3762 1648 3807 et
1662 3752 1768 3810 mittere

120 3849 177 3908 tus3
195 3842 332 3900 imitentur
344 3855 417 3901 certe
441 3846 620 3912 sanctitatem,
635 3861 748 3914 querum
767 3845 916 3918 indulgen·
972 3845 1005 3900 de
1019 3853 1112 3901 nestra
1135 3841 1241 3914 militia,
1255 3841 1303 3914 qui
1318 3841 1345 3897 in
1367 3857 1447 3897 manu
1462 3841 1560 3910 valida,
1574 3842 1597 3895 si
1617 3842 1695 3898 nobis
1714 3858 1767 3898 non

120 3931 462 4008 tiasdispensatienesque
484 3936 616 4009 prolege
638 3935 797 3992 detendunt.
822 3934 915 4003 Quan-
973 3935 1108 4006 displicet,
1138 3932 1290 4005 requirant,
1319 3939 1480 4001 recuperent
1511 3940 1537 3986 et
1570 3932 1707 3989 reducant.
1735 3932 1769 3987 Et

119 4038 201 4094 quam
216 4033 325 4080 sanctus
338 4025 421 4094 Elias,
438 4026 499 4082 Non
514 4042 588 4090 suin,
605 4027 700 4097 inquit,
715 4026 818 4082 melier
831 4041 918 4097 quem
974 4040 1046 4080 nunc
1060 4022 1140 4092 buius
1157 4021 1196 4077 rei
1218 4021 1303 4092 gratia
1322 4019 1442 4091 praemisi
1460 4020 1510 4076 hos
1530 4035 1599 4092 quos
1623 4031 1769 4093 presentes

119 4130 254 4201 exemplo,
273 4132 439 4187 convocandi
463 4131 535 4187 hunc
558 4141 667 4195 coetuni,
682 4139 712 4185 ut
735 4129 851 4203 regulari
866 4129 917 4184 eb·
973 4128 1087 4186 verbis:
1114 4126 1298 4182 «bernardus
1319 4126 1402 4181 abbas
1421 4126 1659 4182 Clarae-Veliensis
1680 4125 1769 4182 missis

120 4201 263 4255 servandae
282 4201 382 4256 labenti
397 4209 609 4257 succurreretur.
626 4202 749 4257 Habitum
774 4210 816 4256 est
835 4201 916 4257 indu·
973 4199 1153 4270 expeditionis
1172 4213 1230 4253 suae
1251 4197 1391 4261 militibus,
1405 4199 1458 4264 jam
1474 4196 1600 4253 finitimas
1613 4213 1768 4268 occupave-

120 4270 165 4325 hie
179 4274 251 4341 apud
274 4272 400 4326 Sanctum
415 4272 569 4326 Medardum
588 4275 639 4329 sub
665 4273 760 4328 abbate
774 4272 915 4343 Gauliide,
975 4281 1014 4328 rat
1029 4269 1165 4342 regiones,
1182 4269 1271 4324 clares
1294 4283 1379 4342 agens
1393 4269 1427 4325 de
1447 4271 1524 4325 hoste
1547 4270 1655 4334 antique
1671 4270 1768 4324 trium·

121 4341 155 4397 ad
170 4356 249 4413 quem
266 4341 380 4413 epistola
393 4346 437 4398 66.
454 4344 531 4426 Hunc
547 4347 604 4426 jam
617 4345 774 4415 eiiiscepum
788 4344 916 4400 Catalau-
973 4343 1053 4426 phos,
1067 4341 1185 4423 eripiens
1209 4341 1341 4422 praedam,
1355 4348 1382 4423 et
1396 4342 1539 4396 restiiiiens
1553 4341 1590 4396 tn
1614 4342 1620 4353 ‘
1644 4342 1770 4423 sue3liic

121 4428 234 4469 oensem
259 4413 352 4468 Petrus
375 4414 542 4471 Venerabilis
562 4433 589 4470 rn
617 4415 678 4472 libri
703 4416 857 4485 aepistola
883 4417 916 4469 ts
974 4423 1099 4470 instinctu
1115 4412 1206 4466 divino
1223 4414 1256 4466 de
1280 4411 1363 4466 nobili
1385 4427 1432 4466 sua
1456 4411 1674 4468 clais-Vanus
1690 4428 1769 4467 vinca

122 4484 225 4549 laudat,
241 4483 323 4540 veluti
341 4502 353 4536 ι
368 4484 563 4554 cluniacensis,
580 4488 662 4542 divini
685 4487 795 4544 Ordinis
809 4504 858 4558 per
873 4493 916 4540 to·
972 4485 1120 4557 quamdam
1146 4482 1225 4537 bonae
1251 4485 1311 4552 spei
1337 4482 1524 4550 plantationem
1554 4483 1586 4537 ad
1606 4483 1769 4554 Anglicanas

122 4567 176 4613 tam
200 4555 338 4612 Franciam
365 4554 481 4626 priorum
504 4559 745 4625 disseminatorem,
769 4568 917 4620 auctorem,
973 4565 1062 4629 partes
1077 4555 1221 4618 direxerat,
1235 4553 1349 4609 fructum
1364 4553 1390 4606 iri
1406 4553 1450 4608 illa
1474 4561 1555 4623 gente
1577 4569 1712 4625 quaerens,
1729 4555 1767 4608 si·

123 4635 352 4701 provectorem»
379 4628 433 4685 imo
459 4649 471 4680 x
497 4629 638 4686 inveterati
662 4630 788 4686 draconis
817 4630 852 4684 de
881 4636 918 4683 tet
971 4625 1130 4694 ciitnbiquc
1152 4632 1292 4680 terrarum.
1308 4626 1402 4679 Exstat
1423 4625 1512 4681 adhuc
1528 4625 1619 4680 eadem
1642 4625 1766 4692 epistola,

122 4698 346 4755 monasteriorum
369 4700 504 4756 cubilibus
523 4701 706 4772 expulsorem,
727 4707 753 4755 et
777 4698 919 4755 monastici
971 4715 1051 4770 quain
1076 4713 1123 4768 pre
1139 4699 1178 4752 eis
1197 4696 1230 4752 ad
1251 4711 1342 4766 regem
1365 4696 1520 4765 scripserat,
1535 4711 1662 4752 asserens
1680 4696 1766 4750 teneri

123 4770 240 4841 terporis
259 4771 454 4827 excitatorem:
474 4795 484 4820 ι
507 4789 567 4843 quae
581 4773 665 4828 verba
688 4774 741 4827 huc
757 4771 850 4827 lorsan
874 4784 917 4825 re-

97 4841 241 4898 ·lerenda.
256 4842 428 4899 Innocentius
448 4843 473 4897 ll
487 4843 621 4912 ejusmodi
645 4843 759 4915 capitula
781 4840 920 4914 generalia

123 4928 170 4983 per
193 4912 287 4986 nigros
308 4917 459 4970 monaches
482 4915 628 4986 quotannis
648 4917 674 4969 in
693 4924 838 5040 posterum
858 4911 919 4966 fieri

124 4984 217 5050 veluit,
234 4991 261 5038 ut
276 4994 382 5042 constat
400 5002 433 5041 ex
447 4985 563 5056 epistola
583 4986 648 5056 183,
662 4985 690 5040 in
703 5002 741 5052 ra,
758 4985 787 5040 in
801 4982 918 5056 append.

125 5055 158 5110 ad
173 5054 313 5122 epistolas.

154 5126 234 5253 iffi)
249 5125 304 5182 lloc
323 5128 384 5183 lece
403 5128 543 5186 heminam
568 5126 727 5185 traditiones
747 5125 919 5196 appellantur

126 5198 152 5254 in
172 5197 299 5270 ntgennae
311 5207 338 5253 et
349 5200 527 5257 relaxationes
540 5200 599 5258 vitae
617 5200 759 5273 regularis,
773 5196 918 5270 dequibus

126 5266 288 5332 infractio
307 5269 421 5338 epistole
437 5275 497 5339 151,
512 5287 541 5327 n.
558 5277 583 5328 1.

174 5341 236 5408 276)
251 5340 308 5397 Scri
328 5349 357 5397 ta
370 5357 440 5400 anno
455 5344 553 5400 Christi
573 5346 651 5400 1132.

173 5412 235 5494 2Τ1)
248 5360 328 5495 Qui
333 5414 484 5471 bernardus
498 5415 551 5472 hec
563 5414 692 5487 loquendi
705 5428 804 5486 genere
813 5411 918 5495 innuat,

127 5483 217 5556 prodit
228 5475 344 5543 hieria
365 5485 480 5559 originis
502 5485 680 5546 Fontauensis
701 5485 857 5544 monuerit
877 5485 919 5544 liis

971 4769 1090 4841 praedam
1106 4768 1211 4824 Domini
1236 4767 1277 4822 sui
1298 4768 1326 4823 iri
1341 4775 1411 4822 terra
1426 4767 1507 4836 illius,
1522 4766 1628 4822 misisse
1645 4765 1679 4822 de
1695 4766 1767 4821 inili-

972 4843 1009 4897 tia
1029 4858 1077 4898 sua
1090 4842 1164 4896 vires
1187 4851 1323 4907 strenuos,
1339 4838 1386 4910 qui
1408 4854 1466 4893 eam
1487 4840 1633 4910 requirant,
1651 4852 1767 4910 reeupe-

973 4921 1042 4977 rent‚
1058 4920 1085 4968 et
1099 4918 1236 4967 reducant.
1254 4910 1353 4966 Suadet
1368 4909 1425 4980 regi
1440 4918 1471 4966 ut
1489 4909 1592 4965 nuntiis
1606 4908 1726 4975 assistat,
1742 4917 1769 4966 et

973 4984 1000 5039 in
1017 4987 1067 5041 hec
1080 5000 1115 5039 nc
1128 4984 1235 5038 deserat
1249 4981 1356 5036 leodem
1366 4996 1459 5053 suum3
1476 4981 1548 5051 quod
1562 4992 1590 5037 et
1604 4981 1701 5036 lectum
1716 4990 1766 5036 est.

974 5057 1093 5124 Suseepti
1108 5071 1171 5111 cum
1193 5056 1298 5109 honore
1317 5067 1333 5105 a
1351 5066 1413 5176 repe
1425 5060 1451 5108 et
1465 5066 1562 5123 regne,
1578 5052 1605 5106 in
1629 5051 1768 5123 provincia

974 5128 1138 5184 Eboracensi
1160 5124 1262 5196 jaciunt
1285 5138 1353 5179 nova
1385 5125 1555 5189 nodamenta,
1575 5122 1769 5179 constituentes

975 5199 1107 5255 abhatiam
1130 5210 1190 5262 qnae
1215 5194 1342 5250 Rievallis
1364 5193 1526 5251 nominatur.
1546 5195 1579 5250 Et
1603 5195 1660 5251 haec
1682 5194 1769 5320 prima

974 5270 1101 5342 plantatio
1123 5266 1233 5324 Ordinis
1251 5265 1437 5322 cisterciensis
1459 5268 1488 5322 ia
1510 5265 1684 5323 territerieE
1704 5282 1768 5319 oni-

974 5341 1059 5397 censi.
1077 5360 1089 5391 e
1105 5341 1144 5395 Ex
1162 5337 1302 5395 monastici
1324 5336 1468 5409 Anglicani
1488 5347 1560 5394 torno
1579 5338 1605 5466 l(i
1617 5352 1681 5420 pag.
1702 5340 1767 5393 733.

973 5414 1052 5470 Plura
1064 5412 1099 5468 da
1114 5410 1228 5468 ilenrico
1241 5408 1449 5481 hujusneminia
1462 5410 1586 5483 priinevt
1605 5423 1630 5478 e,
1642 5423 1665 5465 si
1681 5407 1767 5475 lubet,

974 5486 1002 5543 in
1015 5483 1087 5543 uotis
1100 5484 1134 5541 ad
1147 5481 1287 5556 epistolam
1302 5483 1363 5538 tes.
