3728 5940
150 155 205 219 279
415 223 423 247 ·
604 153 632 213 S.
652 152 821 217 annualem
846 156 980 217 dBBiTIS
1003 152 1318 227 manu-valueram
1740 152 1798 216 280

152 284 319 342 circuenses
349 278 437 354 (ιιι),
471 286 500 337 ει
526 277 727 339 saviniacenses
753 281 849 354 (34ης
883 282 946 338 uni·
962 297 986 377 g
1001 296 1050 355 ges
1064 277 1183 352 prolecto
1196 287 1308 350 cogunt,
1329 294 1378 336 nec
1392 274 1520 336 maanes.
1536 278 1572 335 Et
1595 275 1798 345 hecditimus,

153 373 269 432 versitas
282 371 399 441 deniqne
421 375 448 424 et
472 368 635 424 unanimitas
657 367 785 437 fratrum,
810 378 865 426 tam
888 371 946 428 cle·
1001 385 1057 426 non
1066 367 1102 426 de
1118 374 1210 425 nostra
1217 367 1321 440 justitia
1332 365 1494 433 diffidentes,
1510 367 1556 423 sed
1570 381 1588 421 a
1601 371 1690 422 vestra
1701 381 1798 424 caven-

154 463 273 522 ricorum
299 476 380 532 quam
403 458 594 515 monachorum
625 459 758 532 regularia
794 459 857 516 vitae
885 476 950 533 pro-
1002 463 1044 517 tea
1061 458 1186 516 versutia.
1205 459 1264 514 Jam
1277 457 1349 513 enim
1369 459 1443 513 [leus
1456 455 1549 513 eduxit
1564 463 1692 526 tanquam
1708 455 1799 512 lumen

155 552 276 623 betaque
297 548 522 618 conversationis,
547 555 692 619 sequcnlea
710 547 863 618 episcopos,
885 557 947 604 tan-
1001 548 1131 621 justitiam
1145 562 1234 613 snam,
1259 552 1286 602 el
1307 546 1441 616 judicium
1466 561 1548 601 suum
1574 552 1702 615 tanquam
1715 545 1799 602 meri·

155 655 234 711 quam
253 653 353 711 greges
367 645 492 708 pastores
505 653 580 703 suos,
596 637 753 694 Innocentio
769 636 883 694 firmiter
896 637 948 693 ad·
1003 637 1085 703 diem,
1099 636 1148 692 atsi
1165 651 1238 692 casco
1262 652 1310 690 nac
1332 634 1425 691 lumen
1449 642 1586 707 appareat,
1600 648 1652 689 neo
1667 633 1797 690 meridies

154 729 268 793 haerent,
296 726 401 782 sincere
425 724 535 795 lavent,
564 725 702 782 humiliter
728 735 833 798 parent,
858 741 949 782 rerum
1002 727 1092 784 luceat
1108 744 1115 781 :
1130 727 1258 799 qnoniam
1278 724 1346 782 sicut
1369 726 1489 782 tenebre
1512 726 1581 793 ejus,
1597 723 1633 778 ita
1657 731 1684 779 et
1708 723 1800 782 lumen

155 815 337 889 apostolorum
369 830 551 872 successorem
589 813 705 870 fideliter
742 821 948 887 recognoscunt.
1004 816 1073 884 ejus.

193 908 238 960 ll.
257 903 328 976 Quid
353 919 433 978 reges
460 911 489 959 et
513 903 649 976 principes
675 903 778 961 tcrrae?
802 905 899 959 Nonne
922 903 950 959 in
1043 901 1125 960 181
1141 907 1185 960 le.
1198 903 1258 959 Duo
1274 901 1364 974 itaque
1380 909 1442 958 sunt
1457 902 1490 959 de
1503 901 1605 974 quibus
1614 902 1799 971 contenditur,

157 992 253 1052 eodem
283 991 389 1065 spiritu,
409 1008 462 1047 una
489 1008 548 1048 cum
573 991 703 1062 subjectis
730 992 782 1047 sibi
811 992 947 1064 plebibus,
1005 991 1126 1063 quisnam
1141 1007 1237 1049 eorum
1252 991 1350 1047 rectius
1365 991 1487 1047 rideatur
1501 1006 1560 1046 esse
1581 990 1662 1063 Papa.
1678 990 1801 1060 Quorum

156 1081 343 1140 Innocentium
371 1081 472 1152 pariter
499 1081 714 1152 amplectuntur,
743 1081 903 1138 confitentes
926 1092 953 1138 et
1006 1079 1094 1152 primo
1110 1081 1230 1153 quidem,
1247 1080 1269 1136 si
1289 1094 1422 1151 personas
1436 1081 1802 1150 compares,utneutrisane

157 1170 210 1245 ipsi
230 1176 370 1242 papamet
390 1172 548 1242 episcopum
567 1171 716 1225 animarum
736 1171 870 1226 suarum?
884 1169 952 1238 Quis
1006 1170 1048 1225 vel
1062 1170 1194 1244 derogare
1218 1168 1323 1235 videar,
1339 1167 1383 1224 vel
1406 1167 1518 1236 adulari,
1543 1166 1631 1224 dicam
1655 1168 1729 1239 quod
1749 1169 1802 1226 dici

158 1269 297 1332 postremo
311 1258 338 1313 in
353 1273 517 1332 quocunque
537 1260 631 1315 ordine
645 1259 706 1316 vitae
721 1259 832 1314 illustris
848 1267 875 1316 ει
889 1260 953 1314 boni
1007 1262 1107 1331 passim
1121 1257 1251 1330 reperies,
1267 1266 1294 1312 et
1309 1259 1442 1313 neminem
1458 1257 1578 1312 arbitror
1591 1255 1699 1313 diffiteri
1716 1273 1723 1313 :
1738 1257 1804 1328 quia

160 1346 278 1402 nominis
296 1347 378 1404 borno
394 1345 512 1420 idipsum
528 1362 583 1402 non
604 1347 700 1420 sapit?
715 1348 748 1402 Et
764 1357 851 1403 tamen
867 1348 954 1404 adhuc
1007 1344 1135 1402 videlicet
1150 1344 1295 1402 innocentii
1310 1344 1395 1399 nostri
1406 1346 1460 1400 sita
1471 1345 1515 1400 vel
1530 1343 1599 1399 fama
1613 1360 1663 1401 nce
1675 1344 1803 1400 emulum

158 1432 216 1502 isti,
237 1433 329 1490 nascio
357 1449 410 1507 qua
437 1433 603 1490 contentiosa
629 1433 831 1504 importunitate
854 1441 881 1489 et
900 1433 954 1488 im·
1012 1435 1097 1500 timet,
1114 1450 1175 1491 cum
1190 1435 1301 1491 alterius
1315 1449 1366 1489 nec
1378 1434 1413 1489 ab
1428 1435 1515 1489 amico
1528 1442 1586 1488 tuta
1604 1433 1648 1488 sit.
1663 1433 1804 1491 Dehincsi

161 1531 279 1595 portuna
298 1521 479 1587 contentione,
496 1522 651 1580 reclamant.
677 1522 779 1579 Vocant
803 1522 830 1578 in
853 1537 959 1578 caumnr
1012 1521 1156 1579 electiones
1173 1521 1310 1589 discutias,
1332 1519 1418 1575 nostri
1442 1519 1533 1577 itidem
1558 1534 1621 1576 mox
1639 1521 1756 1577 occurrit
1778 1528 1806 1577 et

160 1611 266 1677 orbem,
281 1618 308 1667 et
326 1625 388 1666 cum
404 1625 455 1666 sua
468 1613 601 1682 paucitate
616 1610 822 1668 universitatem
837 1609 959 1684 flagitant
975 1579 999 1658 Β
1014 1613 1182 1683 promotione
1205 1610 1306 1684 purior,
1321 1620 1350 1665 et
1371 1609 1474 1665 ratione
1496 1609 1670 1681 probabilior,
1691 1616 1719 1666 ct
1732 1610 1806 1682 prior

159 1699 292 1770 judicari:
308 1700 393 1772 etqui
407 1700 646 1772 praejudicaaerant
656 1700 683 1756 in
698 1700 839 1768 electione,
850 1700 884 1756 de
893 1715 959 1757 con·
1014 1709 1142 1772 tempore.
1172 1701 1256 1756 Porro
1279 1700 1312 1755 de
1330 1706 1449 1770 tempore
1470 1707 1575 1755 conant
1599 1717 1606 1757 :
1631 1697 1807 1771 reliquaduo

161 1783 313 1843 firmarione
329 1786 479 1857 rejudicare
498 1789 683 1856 contenduut;
699 1795 764 1845 tunc
788 1803 959 1860 praepropere
1012 1788 1108 1845 merila
1122 1789 1248 1860 probant,
1265 1795 1293 1843 ει
1314 1785 1434 1858 dignitas
1451 1785 1617 1860 eligentium.
1632 1787 1708 1843 Hanc
1721 1788 1805 1855 enim,

163 1883 285 1947 agentes,
301 1875 384 1930 modo
395 1885 560 1948 praepostere
574 1884 761 1932 retractantes.
778 1877 844 1948 Quis
859 1883 956 1942 tantos,
1013 1878 1042 1933 ni
1061 1876 1150 1945 labor,
1165 1883 1269 1948 partem
1284 1875 1423 1931 saniorum
1439 1875 1570 1939 invenies,
1586 1884 1639 1932 tarn
1654 1875 1806 1947 episcopos,

163 1976 267 2035 quase,
287 1961 315 2016 in
338 1979 422 2018 unum
446 1977 547 2038 cogere
561 1972 643 2036 queat
667 1966 802 2034 exercitus
820 1967 959 2039 utriusque
1014 1982 1093 2038 qnam
1114 1966 1263 2025 cardinales
1277 1964 1407 2022 diaconos
1422 1965 1479 2022 aire
1494 1966 1679 2036 presbyteros,
1694 1974 1721 2020 et
1736 1982 1806 2038 quo-

164 2049 267 2107 ordinis
282 2051 445 2124 principum,
461 2068 496 2109 na
513 2053 599 2108 dicam
625 2053 757 2123 plebium,
774 2063 799 2110 et
821 2055 960 2112 adducere
1013 2072 1073 2112 rum
1088 2056 1204 2112 marinae
1223 2056 1334 2111 interest
1349 2055 1382 2110 de
1395 2054 1527 2112 electione
1551 2055 1649 2110 summi
1663 2054 1805 2126 pontificis,

164 2140 192 2195 in
219 2139 467 2199 examinationem?
494 2140 562 2210 Quis
591 2149 630 2198 tot
660 2152 816 2198 sanctorum
845 2143 961 2198 millibus
1016 2152 1043 2200 ct
1058 2147 1150 2215 quanti
1165 2146 1192 2200 in
1208 2144 1333 2216 eligendo
1345 2145 1421 2215 juxta
1443 2154 1550 2215 patrum
1573 2144 1639 2200 scita
1662 2144 1807 2200 sulliciant.

166 2226 330 2301 persuadere
343 2227 468 2295 sufficiat,
492 2230 565 2301 quod
584 2228 662 2301 prius
685 2227 893 2297 aedificaverunt,
908 2230 961 2286 ite-
1015 2234 1086 2303 Quid
1096 2243 1123 2290 et
1132 2233 1160 2288 in
1170 2234 1394 2291 consecratione?
1408 2233 1504 2291 Nonne
1514 2232 1673 2300 Ostiensem,
1683 2232 1719 2288 ad
1728 2249 1809 2306 quem

166 2331 226 2372 rum
241 2315 432 2385 destrueraet
450 2316 584 2374 abducere
597 2316 762 2389 semetipsos
784 2317 811 2373 in
827 2317 960 2390 praevari-
1017 2322 1174 2394 specialiter
1196 2323 1290 2394 utique
1317 2329 1431 2393 spectat,
1458 2320 1613 2377 babemus?
1637 2321 1704 2376 Cum
1727 2321 1811 2390 igitur

166 2403 325 2461 calmem?
340 2403 407 2472 01¹1ss
422 2403 518 2466 dssissdfl
531 2404 607 2462 ¹⁰011⁸
616 2404 743 2461 omnib&
756 2412 856 2475 milli,
872 2406 962 2462 ⁰¹11ssi·
1016 2414 1158 2469 etelectus
1172 2411 1289 2484 dignior,
1306 2417 1332 2466 et
1345 2408 1440 2467 electio
1456 2409 1559 2475 sanior,
1574 2416 1601 2464 et
1615 2408 1683 2464 actio
1698 2407 1811 2462 ordina-

167 2493 220 2550 bus
235 2494 330 2549 tutus?
344 2493 481 2552 Universae
496 2494 597 2567 quippe
612 2495 742 2552 Eccleaiae
757 2495 895 2567 negotium
910 2502 963 2561 est,
1017 2501 1097 2557 bilior
1111 2507 1232 2556 tencatur
1248 2516 1256 2566 ς
1271 2514 1326 2572 qua
1348 2498 1392 2556 isti
1416 2498 1530 2568 ratione,
1546 2498 1599 2553 imo
1619 2513 1672 2569 qua
1694 2506 1812 2554 conten-

167 2597 223 2639 non
238 2582 319 2638 unius
332 2597 414 2640 causa
431 2598 565 2655 personae.
581 2583 684 2640 Videtis
698 2583 771 2655 quod
786 2585 821 2639 de
835 2582 962 2654 impossi·
1019 2589 1102 2655 tione,
1121 2597 1215 2645 contra
1228 2589 1274 2658 jus
1292 2594 1319 2644 et
1338 2587 1378 2643 las
1397 2594 1424 2644 et
1449 2594 1512 2645 vota
1532 2585 1651 2642 omnium
1665 2585 1811 2652 bonorum,

168 2669 220 2726 bili
242 2670 405 2727 calumniam
430 2670 533 2727 struitis
552 2672 630 2727 matri
653 2681 751 2728 vestrae
774 2690 780 2730 :
809 2672 864 2729 imo
887 2672 964 2728 vobis
1019 2677 1112 2735 invitae
1126 2685 1154 2733 et
1169 2676 1291 2733 renitenti
1312 2675 1360 2732 Dei
1374 2675 1502 2733 Ecclesiae
1526 2674 1769 2747 proeiiceroalium,
1785 2682 1813 2730 et

169 2756 438 2825 invemendam
455 2776 537 2832 qnam
555 2760 777 2835 praecipitcmini3
794 2770 821 2818 et
838 2761 964 2834 laqueum
1020 2765 1098 2822 illum
1113 2766 1251 2837 deponere
1266 2766 1388 2822 tentanti

171 2845 287 2914 nectitis,
299 2861 354 2918 quo
369 2848 526 2916 teneamini,
542 2865 576 2906 ne
594 2850 628 2905 ad
642 2848 776 2923 gremium
791 2851 965 2908 revertamini
1056 2857 1101 2912 li.
1125 2855 1226 2911 Horum
1257 2863 1355 2911 conatu
1373 2862 1427 2910 tam
1454 2853 1582 2925 maligno,
1612 2861 1666 2908 tam
1690 2851 1813 2925 indigno,

103 2977 106 2983 .
171 2933 264 2991 matris
277 2943 383 2991 vestrm.
408 2934 523 2992 Occasio
546 2951 684 3010 nunquam
697 2936 783 2993 deerit
803 2940 827 2994 ei
848 2937 895 3009 qui
909 2939 967 2995 vult
984 2967 1005 3047 c
1021 2949 1074 2998 tam
1091 2943 1245 3009 temerario,
1264 2941 1328 2999 totis
1343 2951 1416 2999 certe
1431 2942 1536 2999 viribus
1559 2941 1731 2997 renitendum
1754 2954 1815 2996 esse

172 3022 301 3083 recedere
315 3024 349 3080 ab
362 3025 461 3082 antico.
1022 3033 1129 3101 videtis,
1148 3032 1364 3091 reverendissimi
1386 3040 1413 3087 et
1427 3030 1602 3088 illustrissimi
1616 3032 1720 3086 Patres.
1739 3028 1816 3095 Quod

210 3117 254 3169 lu.
270 3112 322 3170 Sed
337 3124 405 3171 esto.
420 3116 504 3172 liutet
517 3114 662 3173 consilinm
676 3132 757 3173 suum
771 3117 845 3174 Deus
859 3116 969 3189 (seenn·
1023 3137 1084 3178 cum
1099 3122 1172 3178 omni
1187 3120 1295 3176 familias
1309 3120 1367 3186 Dei,
1381 3131 1436 3176 tum
1447 3120 1523 3176 vobis
1538 3120 1654 3176 maxime
1668 3118 1820 3190 vestrisque

177 3202 243 3260 dum
269 3202 406 3259 bominem
425 3203 495 3272 dicol
518 3212 626 3261 revocet
648 3208 818 3271 sententiam,
839 3211 971 3262 convocet
1023 3212 1156 3276 convenit,
1172 3209 1196 3263 si
1210 3217 1297 3264 tamen
1315 3208 1392 3264 zelus
1406 3209 1503 3263 domus
1516 3208 1564 3263 Dei
1583 3207 1701 3263 comedit
1715 3206 1819 3263 animm

175 3289 305 3347 afinibus
316 3297 395 3347 terrae
415 3291 561 3349 concilium
574 3313 581 3362 ;
595 3292 712 3364 judicari
737 3295 779 3349 bis
797 3295 969 3364 inidipsum,
1023 3306 1139 3357 vestras.
1157 3295 1250 3364 Vobis,
1266 3298 1386 3368 inquam,
1407 3305 1434 3351 et
1450 3295 1548 3351 vestris
1561 3296 1678 3351 maxime
1713 3295 1820 3372 igilan-

175 3380 250 3452 quod
262 3378 321 3453 ipse
332 3395 388 3435 non
403 3380 477 3450 iacit,
492 3381 631 3451 patiatur:
648 3399 787 3456 quosnam,
803 3397 907 3457 quaeso,
924 3383 973 3438 da·
1025 3386 1090 3440 dum
1106 3392 1147 3440 est
1160 3393 1187 3440 et
1200 3384 1341 3450 orandum,
1363 3399 1396 3438 uc
1410 3382 1514 3438 intretis
1533 3381 1560 3435 in
1581 3382 1769 3442 tentationem.
1791 3383 1821 3438 ln

176 3466 244 3522 bunt
256 3466 361 3537 jndices
381 3467 458 3525 sibi?
476 3467 579 3526 Omnes
601 3472 702 3544 quippe
715 3473 742 3528 in
759 3479 834 3544 parta
851 3480 925 3539 sunt,
945 3478 973 3526 et
1025 3488 1058 3530 ea
1073 3472 1337 3545 sanepartemajore
1350 3487 1421 3544 opus
1435 3480 1477 3528 est
1490 3470 1645 3527 fortitudine
1660 3479 1687 3524 ct
1701 3472 1820 3542 cautela,

178 3555 303 3628 partibus
316 3555 351 3612 de
363 3557 465 3628 judicio
479 3559 552 3614 haud
567 3557 648 3616 facile
662 3561 825 3617 conveniet:
841 3567 920 3630 atque
936 3559 974 3615 ita
1026 3561 1097 3618 unde
1111 3561 1198 3618 acrior
1215 3559 1314 3615 insistit
1332 3558 1511 3626 adversarius,
1535 3566 1562 3615 et
1586 3558 1626 3614 vis
1650 3558 1713 3614 belli
1736 3562 1822 3631 major

180 3646 215 3701 nd
229 3644 307 3702 ittam
321 3644 409 3720 magis
431 3663 512 3719 quam
536 3647 570 3703 ad
598 3663 693 3719 pacem
716 3655 803 3704 tantus
824 3655 973 3705 conventus
1027 3650 1167 3708 incumbit.
1183 3649 1268 3719 Quam
1283 3665 1373 3706 saevus
1391 3657 1419 3707 et
1433 3648 1545 3706 callidus
1558 3648 1645 3704 bostis
1664 3647 1820 3705 insurrexe-

182 3732 348 3807 fatigabitnr.
360 3733 463 3792 Deinde
476 3736 556 3794 uelim
571 3736 649 3808 scire,
660 3737 706 3795 cni
715 3736 762 3793 ille
776 3736 884 3794 interim
896 3737 976 3794 vellet
1028 3740 1097 3797 vitiu
1110 3755 1167 3808 vos,
1179 3738 1290 3813 proprio
1300 3747 1372 3797 certe
1381 3737 1528 3813 agnoscitis
1539 3737 1740 3805 experimento.
1753 3736 1820 3794 ileu!

183 3824 295 3882 credere
314 3824 438 3895 ilonrarn,
458 3842 539 3899 quam
554 3833 628 3884 tanto
649 3840 742 3882 aurore
761 3844 795 3884 ex
808 3825 892 3900 longo
906 3834 974 3882 tem·
1029 3845 1110 3903 quam
1125 3829 1240 3886 multum
1252 3831 1307 3898 jam
1327 3827 1429 3883 malitia
1444 3827 1515 3883 illius
1532 3825 1623 3882 inillis
1638 3825 1759 3896 partibus
1773 3839 1823 3898 pro

183 3929 252 3984 pore
265 3915 429 3987 concupiuit,
445 3924 519 3971 tanto
538 3915 631 3972 labore
646 3925 674 3970 ct
688 3915 840 3984 sumptibus
854 3914 975 3988 acquisi-
1030 3925 1139 3990 accepta
1158 3923 1291 3990 potestate
1308 3916 1451 3986 processit,
1469 3923 1585 3985 utroque
1599 3914 1712 3969 saeviens
1724 3927 1825 3985 genere

184 4002 234 4070 vit,
251 4003 401 4060 tantaleas
414 4004 547 4074 possidet,
562 4012 635 4060 tanto
649 4005 753 4074 pudore
765 4003 841 4061 timet
855 4005 978 4060 amittere
1030 4004 1206 4078 malignandi,
1234 4005 1260 4062 vi
1288 4011 1314 4060 ct
1335 4003 1423 4062 dolel
1453 4001 1588 4075 Nunquid
1615 4007 1703 4057 annm
1722 3999 1825 4055 malitia

185 4107 219 4147 ne
233 4091 331 4149 frustra
353 4092 511 4148 convenisse
539 4091 664 4148 saeculum
693 4107 773 4149 omne
797 4102 930 4159 cernatur,
953 4092 978 4148 si
1032 4095 1124 4151 vincet
1141 4094 1250 4150 tandem
1265 4093 1445 4164 sapientiam?
1461 4090 1509 4148 sed
1532 4092 1593 4147 haec
1605 4099 1646 4147 εει
1660 4089 1725 4144 bora
1740 4088 1825 4162 ipsius

185 4195 246 4236 cum
265 4179 309 4235 ille
330 4179 406 4236 cadet
420 4195 436 4234 a
449 4195 538 4251 causa,
557 4195 613 4237 non
639 4187 727 4235 tamen
749 4179 828 4236 cadat
845 4195 862 4235 a
882 4181 976 4236 Roma.
1033 4193 1059 4239 et
1084 4189 1202 4254 potestas
1228 4182 1405 4238 tenebrarum.
1433 4181 1577 4238 Caeterum‘
1596 4179 1662 4233 bora
1680 4177 1825 4235 norissima

187 4267 314 4339 Alioquin
329 4268 391 4339 quis
404 4284 515 4325 causam
530 4270 661 4341 spoliatus
674 4269 849 4341 ingreditur?
867 4271 924 4326 Nec
938 4271 978 4326 le·
1032 4281 1070 4328 cst
1082 4280 1108 4328 ct
1122 4279 1241 4341 potestas
1255 4272 1308 4328 cito
1333 4271 1437 4326 transit.
1461 4270 1501 4324 Ne
1516 4266 1680 4332 terreamini,
1697 4281 1730 4322 ne
1743 4264 1827 4320 scdu-

189 4390 303 4448 «dulcis
327 4394 429 4449 redolet
446 4394 548 4463 opinio.
567 4415 580 4448 a
597 4395 654 4450 Hoc
676 4392 827 4451 coenobium
850 4409 912 4450 cum
928 4393 978 4448 tri·
1033 4391 1130 4459 Gallia,
1145 4394 1259 4448 alterum
1283 4391 1309 4446 in
1340 4390 1451 4448 dioecesi
1473 4388 1659 4459 Lugdunensi,
1675 4387 1702 4442 in
1725 4386 1826 4442 Abrin-

187 4461 334 4537 gintaaliis
348 4464 399 4520 sibi
412 4466 544 4535 subjectis
560 4465 637 4524 Serlo
651 4464 736 4521 abbas
754 4463 979 4523 cisterciensibus
1033 4465 1108 4520 censi
1127 4466 1253 4529 alterum,
1268 4462 1301 4518 dc
1334 4479 1368 4518 uo
1384 4463 1428 4519 bic
1451 4460 1647 4532 intelligendus
1666 4459 1829 4523 bernardus,

186 4535 320 4606 adjunctis
335 4551 406 4593 anno
422 4539 502 4608 llis,
518 4537 616 4593 ibidem
632 4552 695 4620 pag.
712 4538 775 4592 374.

225 4606 302 4678 (elo)
315 4606 354 4664 Ex
368 4623 400 4663 eo
424 4608 652 4666 monasteriorum
674 4607 852 4681 insigniorum
865 4612 980 4664 numero

188 4677 270 4735 etiarn
295 4686 359 4734 tunc
376 4692 433 4735 arat
458 4680 609 4737 Tironense
631 4679 824 4735 monasterium
853 4678 980 4736 dioecesis

186 4750 372 4818 carnotensis,
391 4751 431 4806 sic
450 4751 552 4808 dictum
577 4751 611 4806 nb
635 4766 713 4806 amne
728 4747 936 4820 praeterfluente,
952 4749 981 4804 in

186 4835 260 4950 82⁸⁰
274 4821 432 4887 Porticensi,
450 4822 588 4878 conditum
604 4821 759 4894 apiissimo
781 4820 877 4876 abbate
894 4824 980 4892 primo

225 4893 335 4964 roardo,
358 4894 435 4964 cujus
463 4894 523 4949 Vita
539 4900 626 4949 exstat
654 4908 714 4948 cum
742 4892 813 4948 nobs
839 4890 979 4957 Souchcti,

187 4963 311 5022 ellectum
332 4981 365 5023 ue
411 4964 468 5022 usai
487 4965 629 5036 cujusdam
653 4962 868 5037 congregationis
890 4972 979 5029 caput,

187 5035 290 5106 dequo
312 4983 365 5093 Ἱιο
391 4981 564 5093 garactensis
590 5039 702 5090 antistas
730 5036 757 5090 in
780 5033 894 5105 epistola
918 5036 980 5089 229.

187 5106 375 5165 Tirouensium
395 5110 590 5165 monachorum
616 5107 773 5176 religionem
792 5104 882 5159 laudat
904 5105 982 5160 Jaco-

185 5180 268 5236 bnsa
285 5177 401 5235 vitriaco
419 5179 447 5234 in
470 5178 555 5250 eapite
583 5181 616 5234 ιθ
637 5178 764 5234 ilistoriae
792 5174 979 5232 Occidentalis.

185 5250 243 5308 Hoc
256 5250 418 5315 coenobiunr,
435 5250 473 5308 uti
498 5263 523 5307 ct
538 5247 850 5321 liujus-Menesterium,
871 5245 983 5303 florebat

185 5323 238 5379 sub
251 5321 424 5380 benedictina
436 5324 646 5396 congregatione
667 5320 757 5380 Sancti
772 5318 869 5386 blauri,
890 5317 982 5376 adole·

185 5400 308 5451 mentum
321 5394 482 5452 scholarium
497 5394 641 5452 scninario
655 5392 826 5472 insignitum.
956 5457 962 5469 ¹

218 5465 295 5536 (dli)
315 5466 420 5538 Duplex
448 5466 501 5522 boc
529 5467 641 5523 nomine
666 5470 858 5521 momsteraum
888 5466 931 5516 est
955 5473 983 5519 tn

1034 4535 1115 4590 situm
1130 4536 1156 4588 in
1173 4534 1291 4590 confinio
1330 4533 1518 4600 ortbmanniaa,
1535 4529 1692 4599 Armoricae,
1705 4529 1831 4609 att-Ceno

1034 4620 1203 4661 marinorum.
1228 4604 1371 4662 conditum
1400 4604 1450 4660 init
1475 4618 1546 4658 anno
1573 4605 1679 4657 iilia
1704 4614 1831 4670 prrssrmo

1033 4677 1129 4733 abbate
1149 4674 1227 4731 vitali
1245 4693 1251 4729 ε
1269 4676 1347 4745 cujus
1359 4689 1499 4731 successor
1513 4671 1668 4738 eanfridus,
1685 4684 1832 4750 saeuaque

1034 4746 1205 4812 monasteria,
1234 4762 1345 4803 numero
1374 4745 1560 4802 novemdecim
1592 4742 1643 4813 (tot
1669 4756 1740 4796 enim
1771 4756 1832 4812 apae

1034 4817 1217 4876 construxisse
1250 4816 1416 4888 perhibetur)
1447 4813 1669 4873 cisterciensibus
1702 4811 1830 4882 subjecit.

1035 4889 1124 4959 Hujus
1142 4888 1297 4945 monasterii
1322 4887 1460 4943 historiam
1477 4886 1576 4943 videsis
1598 4883 1671 4956 apud
1686 4883 1830 4939 Arthuruur

1035 4962 1071 5017 du
1085 4960 1214 5018 Monstier
1224 4962 1250 5015 in
1267 4957 1392 5014 Neustria
1408 4959 1462 5040 pia.
1478 4958 1519 5014 De
1533 4958 1619 5013 altero
1632 4955 1787 5023 Savirriaco,
1803 4954 1832 5009 in

1036 5033 1149 5104 epistola
1166 5034 1225 5086 173.
1248 5031 1278 5084 ln
1302 5030 1442 5085 lionastrci
1471 5027 1614 5101 anglicani
1642 5034 1715 5082 tomo
1730 5025 1751 5089 l,
1767 5041 1831 5105 pag.

1035 5104 1099 5167 rut,
1120 5101 1320 5160 saviniacenses
1343 5108 1404 5155 ante
1426 5117 1501 5154 suam
1526 5115 1588 5154 cum
1604 5097 1834 5154 Cisterniensrbus

1037 5173 1166 5229 unionem
1181 5173 1306 5228 dicuntur
1324 5169 1407 5227 inisse
1431 5172 1467 5226 de
1482 5169 1584 5227 Ordine
1608 5165 1762 5236 Tirouensi,
1796 5181 1833 5223 no

1036 5261 1069 5301 ex
1084 5243 1246 5302 monasterio
1267 5241 1359 5313 plures
1389 5251 1444 5306 lum
1470 5241 1584 5299 abbatiae
1608 5240 1771 5311 pendebant.
1813 5238 1836 5293 is

1037 5316 1163 5373 omnibus
1184 5313 1348 5386 Religiosis,
1374 5315 1420 5386 qui
1444 5313 1630 5371 Innocentium
1654 5319 1834 5390 agnoverunt,

1036 5388 1137 5445 Grandi
1152 5387 1306 5443 biontanses
1317 5385 1393 5444 addit
1402 5384 1545 5450 Ernaldus,
1561 5384 1590 5439 in
1603 5381 1675 5439 libro
1689 5381 1714 5438 11
1726 5381 1760 5437 de
1776 5380 1838 5436 Vita

1036 5458 1066 5518 S.
1081 5457 1221 5528 barnardi,
1237 5474 1267 5516 n.
1282 5459 1329 5514 le.
1678 5493 1680 5496 -
