<?xml version="1.0" encoding="UTF-8"?>
<!DOCTYPE html PUBLIC "-//W3C//DTD XHTML 1.0 Transitional//EN"
    "http://www.w3.org/TR/xhtml1/DTD/xhtml1-transitional.dtd">
<html xmlns="http://www.w3.org/1999/xhtml" xml:lang="en" lang="en">
 <head>
  <title>
</title>
<meta http-equiv="Content-Type" content="text/html;charset=utf-8" />
  <meta name='ocr-system' content='tesseract 3.04.00' />
  <meta name='ocr-capabilities' content='ocr_page ocr_carea ocr_par ocr_line ocrx_word'/>
</head>
<body>
  <div class='ocr_page' id='page_1' title='image "./patrologiaecurs62unkngoog/patrologiaecurs62unkngoog_0460.png"; bbox 0 0 3728 5940; ppageno 0'>
   <div class='ocr_carea' id='block_1_1' title="bbox 35 162 1691 245">
    <p class='ocr_par' dir='ltr' id='par_1_1' title="bbox 35 162 1691 245">
     <span class='ocr_line' id='line_1_1' title="bbox 35 162 1691 245; baseline 0.003 -18"><span class='ocrx_word' id='word_1_1' title='bbox 35 166 100 245; x_wconf 60' lang='lat'><strong>5881</strong></span> <span class='ocrx_word' id='word_1_2' title='bbox 510 163 608 229; x_wconf 72' lang='lat' dir='ltr'>LIBER</span> <span class='ocrx_word' id='word_1_3' title='bbox 621 165 663 227; x_wconf 81' lang='lat' dir='ltr'><strong>tlt</strong></span> <span class='ocrx_word' id='word_1_4' title='bbox 684 162 859 227; x_wconf 67' lang='lat' dir='ltr'><strong>PlifflssP&#39;l&#39;O</strong></span> <span class='ocrx_word' id='word_1_5' title='bbox 878 165 919 229; x_wconf 83' lang='lat' dir='ltr'><strong>tlt</strong></span> <span class='ocrx_word' id='word_1_6' title='bbox 941 167 1213 232; x_wconf 74' lang='lat' dir='ltr'><strong>olseslstllottts.</strong></span> <span class='ocrx_word' id='word_1_7' title='bbox 1638 168 1691 232; x_wconf 67' lang='lat'><strong>882</strong></span> 
     </span>
    </p>
   </div>
   <div class='ocr_carea' id='block_1_2' title="bbox 10 289 1697 4861">
    <p class='ocr_par' dir='ltr' id='par_1_2' title="bbox 10 289 1697 4861">
     <span class='ocr_line' id='line_1_2' title="bbox 37 289 1690 384; baseline 0.001 -34"><span class='ocrx_word' id='word_1_8' title='bbox 37 307 159 367; x_wconf 57' lang='lat' dir='ltr'><strong>,quoque</strong></span> <span class='ocrx_word' id='word_1_9' title='bbox 172 290 244 366; x_wconf 90' lang='lat' dir='ltr'><strong>qood</strong></span> <span class='ocrx_word' id='word_1_10' title='bbox 253 289 320 363; x_wconf 76' lang='lat' dir='ltr'><strong>agit,</strong></span> <span class='ocrx_word' id='word_1_11' title='bbox 331 305 362 345; x_wconf 90' lang='lat' dir='ltr'><strong>se</strong></span> <span class='ocrx_word' id='word_1_12' title='bbox 371 290 470 346; x_wconf 76' lang='lat' dir='ltr'><strong>mdum</strong></span> <span class='ocrx_word' id='word_1_13' title='bbox 483 305 545 349; x_wconf 90' lang='lat' dir='ltr'><strong>esse</strong></span> <span class='ocrx_word' id='word_1_14' title='bbox 557 289 721 360; x_wconf 84' lang='lat' dir='ltr'><strong>crediderit3</strong></span> <span class='ocrx_word' id='word_1_15' title='bbox 738 306 770 348; x_wconf 85' lang='lat' dir='ltr'><strong>ac</strong></span> <span class='ocrx_word' id='word_1_16' title='bbox 784 298 847 347; x_wconf 92' lang='lat' dir='ltr'><strong>tan·</strong></span> <span class='ocrx_word' id='word_1_17' title='bbox 862 304 885 384; x_wconf 58' lang='lat' dir='ltr'>fl</span> <span class='ocrx_word' id='word_1_18' title='bbox 899 289 993 350; x_wconf 78' lang='lat' dir='ltr'><strong>fellere</strong></span> <span class='ocrx_word' id='word_1_19' title='bbox 1007 293 1114 366; x_wconf 90' lang='lat' dir='ltr'><strong>penitus</strong></span> <span class='ocrx_word' id='word_1_20' title='bbox 1127 308 1182 352; x_wconf 91' lang='lat' dir='ltr'><strong>non</strong></span> <span class='ocrx_word' id='word_1_21' title='bbox 1204 293 1339 352; x_wconf 74' lang='lat' dir='ltr'><strong>consentit</strong></span> <span class='ocrx_word' id='word_1_22' title='bbox 1353 313 1360 351; x_wconf 92' lang='lat'><strong>:</strong></span> <span class='ocrx_word' id='word_1_23' title='bbox 1377 294 1489 352; x_wconf 85' lang='lat' dir='ltr'><strong>alterum</strong></span> <span class='ocrx_word' id='word_1_24' title='bbox 1503 311 1567 353; x_wconf 87' lang='lat' dir='ltr'><strong>nero</strong></span> <span class='ocrx_word' id='word_1_25' title='bbox 1581 296 1690 363; x_wconf 85' lang='lat' dir='ltr'><strong>malum,</strong></span> 
     </span>
     <span class='ocr_line' id='line_1_3' title="bbox 41 378 1692 454; baseline 0.002 -16"><span class='ocrx_word' id='word_1_26' title='bbox 41 390 108 438; x_wconf 83' lang='lat' dir='ltr'><strong>-tum</strong></span> <span class='ocrx_word' id='word_1_27' title='bbox 126 381 235 445; x_wconf 88' lang='lat' dir='ltr'><strong>melum,</strong></span> <span class='ocrx_word' id='word_1_28' title='bbox 250 385 380 450; x_wconf 83' lang='lat' dir='ltr'><strong>qnantum</strong></span> <span class='ocrx_word' id='word_1_29' title='bbox 393 378 548 436; x_wconf 75' lang='lat' dir='ltr'><strong>crediderit.</strong></span> <span class='ocrx_word' id='word_1_30' title='bbox 563 379 642 451; x_wconf 85' lang='lat' dir='ltr'><strong>Quod</strong></span> <span class='ocrx_word' id='word_1_31' title='bbox 666 380 690 435; x_wconf 90' lang='lat' dir='ltr'><strong>si</strong></span> <span class='ocrx_word' id='word_1_32' title='bbox 713 393 845 447; x_wconf 90' lang='lat' dir='ltr'><strong>annuero,</strong></span> <span class='ocrx_word' id='word_1_33' title='bbox 901 382 975 453; x_wconf 93' lang='lat' dir='ltr'><strong>qnod</strong></span> <span class='ocrx_word' id='word_1_34' title='bbox 995 383 1060 440; x_wconf 91' lang='lat' dir='ltr'><strong>licet</strong></span> <span class='ocrx_word' id='word_1_35' title='bbox 1074 384 1133 440; x_wconf 84' lang='lat' dir='ltr'><strong>veri</strong></span> <span class='ocrx_word' id='word_1_36' title='bbox 1147 384 1271 441; x_wconf 89' lang='lat' dir='ltr'><strong>notitiam</strong></span> <span class='ocrx_word' id='word_1_37' title='bbox 1288 399 1343 441; x_wconf 89' lang='lat' dir='ltr'><strong>non</strong></span> <span class='ocrx_word' id='word_1_38' title='bbox 1357 383 1499 454; x_wconf 83' lang='lat' dir='ltr'><strong>impediat,</strong></span> <span class='ocrx_word' id='word_1_39' title='bbox 1515 398 1634 442; x_wconf 88' lang='lat' dir='ltr'><strong>amorem</strong></span> <span class='ocrx_word' id='word_1_40' title='bbox 1649 393 1692 442; x_wconf 90' lang='lat' dir='ltr'><strong>ta-</strong></span> 
     </span>
     <span class='ocr_line' id='line_1_4' title="bbox 45 467 1462 543; baseline 0.002 -17"><span class='ocrx_word' id='word_1_41' title='bbox 45 485 159 543; x_wconf 87' lang='lat' dir='ltr'><strong>rnrsum</strong></span> <span class='ocrx_word' id='word_1_42' title='bbox 168 467 282 542; x_wconf 72' lang='lat' dir='ltr'><strong>pergitis</strong></span> <span class='ocrx_word' id='word_1_43' title='bbox 290 467 438 540; x_wconf 89' lang='lat' dir='ltr'><strong>inquirere,</strong></span> <span class='ocrx_word' id='word_1_44' title='bbox 446 483 496 524; x_wconf 93' lang='lat' dir='ltr'><strong>cnr</strong></span> <span class='ocrx_word' id='word_1_45' title='bbox 506 484 560 526; x_wconf 93' lang='lat' dir='ltr'><strong>nnn</strong></span> <span class='ocrx_word' id='word_1_46' title='bbox 571 469 734 526; x_wconf 87' lang='lat' dir='ltr'><strong>econtrario</strong></span> <span class='ocrx_word' id='word_1_47' title='bbox 745 474 847 525; x_wconf 72' lang='lat' dir='ltr'><strong>mutum</strong></span> <span class='ocrx_word' id='word_1_48' title='bbox 901 487 964 527; x_wconf 89' lang='lat' dir='ltr'><strong>rnen</strong></span> <span class='ocrx_word' id='word_1_49' title='bbox 978 471 1042 529; x_wconf 86' lang='lat' dir='ltr'><strong>boni</strong></span> <span class='ocrx_word' id='word_1_50' title='bbox 1057 488 1112 543; x_wconf 81' lang='lat' dir='ltr'><strong>prae</strong></span> <span class='ocrx_word' id='word_1_51' title='bbox 1127 473 1227 529; x_wconf 91' lang='lat' dir='ltr'><strong>malitia</strong></span> <span class='ocrx_word' id='word_1_52' title='bbox 1241 471 1354 528; x_wconf 89' lang='lat' dir='ltr'><strong>minime</strong></span> <span class='ocrx_word' id='word_1_53' title='bbox 1369 471 1462 529; x_wconf 85' lang='lat' dir='ltr'><strong>sentit.</strong></span> 
     </span>
     <span class='ocr_line' id='line_1_5' title="bbox 46 555 1695 634; baseline 0.001 -20"><span class='ocrx_word' id='word_1_54' title='bbox 46 557 149 634; x_wconf 86' lang='lat' dir='ltr'><strong>cuique</strong></span> <span class='ocrx_word' id='word_1_55' title='bbox 162 557 264 612; x_wconf 85' lang='lat' dir='ltr'><strong>bonum</strong></span> <span class='ocrx_word' id='word_1_56' title='bbox 279 556 313 612; x_wconf 88' lang='lat' dir='ltr'><strong>sit</strong></span> <span class='ocrx_word' id='word_1_57' title='bbox 326 555 400 629; x_wconf 91' lang='lat' dir='ltr'><strong>quod</strong></span> <span class='ocrx_word' id='word_1_58' title='bbox 416 565 556 629; x_wconf 86' lang='lat' dir='ltr'><strong>operatur,</strong></span> <span class='ocrx_word' id='word_1_59' title='bbox 579 564 708 626; x_wconf 90' lang='lat' dir='ltr'><strong>qnantum</strong></span> <span class='ocrx_word' id='word_1_60' title='bbox 722 557 764 613; x_wconf 84' lang='lat' dir='ltr'><strong>rel</strong></span> <span class='ocrx_word' id='word_1_61' title='bbox 778 557 847 612; x_wconf 85' lang='lat' dir='ltr'><strong>lelso</strong></span> <span class='ocrx_word' id='word_1_62' title='bbox 937 562 981 615; x_wconf 82' lang='lat'><strong>38.</strong></span> <span class='ocrx_word' id='word_1_63' title='bbox 996 561 1031 616; x_wconf 82' lang='lat' dir='ltr'><strong>Et</strong></span> <span class='ocrx_word' id='word_1_64' title='bbox 1048 561 1174 634; x_wconf 87' lang='lat' dir='ltr'><strong>quoniam</strong></span> <span class='ocrx_word' id='word_1_65' title='bbox 1188 561 1277 618; x_wconf 88' lang='lat' dir='ltr'><strong>omnis</strong></span> <span class='ocrx_word' id='word_1_66' title='bbox 1300 575 1343 616; x_wconf 83' lang='lat' dir='ltr'><strong>res</strong></span> <span class='ocrx_word' id='word_1_67' title='bbox 1360 559 1458 616; x_wconf 90' lang='lat' dir='ltr'><strong>melius</strong></span> <span class='ocrx_word' id='word_1_68' title='bbox 1471 557 1607 617; x_wconf 80' lang='lat' dir='ltr'><strong>divisione</strong></span> <span class='ocrx_word' id='word_1_69' title='bbox 1620 560 1695 615; x_wconf 91' lang='lat' dir='ltr'><strong>innn-</strong></span> 
     </span>
     <span class='ocr_line' id='line_1_6' title="bbox 46 645 1694 728; baseline -0.002 -22"><span class='ocrx_word' id='word_1_70' title='bbox 46 647 187 721; x_wconf 86' lang='lat' dir='ltr'><strong>opinatnr.</strong></span> <span class='ocrx_word' id='word_1_71' title='bbox 203 646 303 702; x_wconf 84' lang='lat' dir='ltr'><strong>ltirnm</strong></span> <span class='ocrx_word' id='word_1_72' title='bbox 315 646 417 719; x_wconf 89' lang='lat' dir='ltr'><strong>quippe</strong></span> <span class='ocrx_word' id='word_1_73' title='bbox 431 645 756 728; x_wconf 63' lang='lat' dir='ltr'><strong>robieimoetinjnstum</strong></span> <span class='ocrx_word' id='word_1_74' title='bbox 770 646 846 703; x_wconf 81' lang='lat' dir='ltr'><strong>nide-</strong></span> <span class='ocrx_word' id='word_1_75' title='bbox 900 647 998 706; x_wconf 75' lang='lat' dir='ltr'><strong>tescit:</strong></span> <span class='ocrx_word' id='word_1_76' title='bbox 1018 651 1166 706; x_wconf 88' lang='lat' dir='ltr'><strong>secundum</strong></span> <span class='ocrx_word' id='word_1_77' title='bbox 1186 651 1238 705; x_wconf 85' lang='lat' dir='ltr'><strong>lnoc</strong></span> <span class='ocrx_word' id='word_1_78' title='bbox 1256 649 1357 720; x_wconf 80' lang='lat' dir='ltr'><strong>duplex</strong></span> <span class='ocrx_word' id='word_1_79' title='bbox 1372 648 1525 714; x_wconf 78' lang='lat' dir='ltr'><strong>malumst</strong></span> <span class='ocrx_word' id='word_1_80' title='bbox 1542 645 1612 703; x_wconf 94' lang='lat' dir='ltr'><strong>illud</strong></span> <span class='ocrx_word' id='word_1_81' title='bbox 1631 647 1694 704; x_wconf 91' lang='lat' dir='ltr'><strong>item</strong></span> 
     </span>
     <span class='ocr_line' id='line_1_7' title="bbox 38 733 1694 809; baseline -0.002 -17"><span class='ocrx_word' id='word_1_82' title='bbox 38 742 105 806; x_wconf 72' lang='lat' dir='ltr'><strong>tur,</strong></span> <span class='ocrx_word' id='word_1_83' title='bbox 118 734 225 806; x_wconf 88' lang='lat' dir='ltr'><strong>utplus</strong></span> <span class='ocrx_word' id='word_1_84' title='bbox 244 734 271 788; x_wconf 91' lang='lat' dir='ltr'><strong>in</strong></span> <span class='ocrx_word' id='word_1_85' title='bbox 285 733 369 803; x_wconf 86' lang='lat' dir='ltr'><strong>melo,</strong></span> <span class='ocrx_word' id='word_1_86' title='bbox 383 749 466 807; x_wconf 86' lang='lat' dir='ltr'><strong>quam</strong></span> <span class='ocrx_word' id='word_1_87' title='bbox 481 734 508 789; x_wconf 91' lang='lat' dir='ltr'><strong>in</strong></span> <span class='ocrx_word' id='word_1_88' title='bbox 523 735 597 791; x_wconf 86' lang='lat' dir='ltr'><strong>hono</strong></span> <span class='ocrx_word' id='word_1_89' title='bbox 611 737 736 791; x_wconf 79' lang='lat' dir='ltr'><strong>humanus</strong></span> <span class='ocrx_word' id='word_1_90' title='bbox 758 734 847 791; x_wconf 83' lang='lat' dir='ltr'><strong>salem</strong></span> <span class='ocrx_word' id='word_1_91' title='bbox 899 737 1036 809; x_wconf 75' lang='lat' dir='ltr'><strong>geminum</strong></span> <span class='ocrx_word' id='word_1_92' title='bbox 1057 737 1169 802; x_wconf 86' lang='lat' dir='ltr'><strong>bonum,</strong></span> <span class='ocrx_word' id='word_1_93' title='bbox 1194 734 1388 808; x_wconf 76' lang='lat' dir='ltr'><strong>quadrifariam</strong></span> <span class='ocrx_word' id='word_1_94' title='bbox 1408 734 1561 791; x_wconf 88' lang='lat' dir='ltr'><strong>dividamus</strong></span> <span class='ocrx_word' id='word_1_95' title='bbox 1583 734 1694 790; x_wconf 90' lang='lat' dir='ltr'><strong>oculum</strong></span> 
     </span>
     <span class='ocr_line' id='line_1_8' title="bbox 47 821 1693 896; baseline -0.001 -17"><span class='ocrx_word' id='word_1_96' title='bbox 47 822 210 880; x_wconf 88' lang='lat' dir='ltr'><strong>intentionis</strong></span> <span class='ocrx_word' id='word_1_97' title='bbox 225 821 327 893; x_wconf 88' lang='lat' dir='ltr'><strong>opinio.</strong></span> <span class='ocrx_word' id='word_1_98' title='bbox 343 821 372 879; x_wconf 93' lang='lat' dir='ltr'><strong>Si</strong></span> <span class='ocrx_word' id='word_1_99' title='bbox 384 824 565 895; x_wconf 91' lang='lat' dir='ltr'><strong>respondero,</strong></span> <span class='ocrx_word' id='word_1_100' title='bbox 592 823 627 880; x_wconf 92' lang='lat' dir='ltr'><strong>de</strong></span> <span class='ocrx_word' id='word_1_101' title='bbox 638 822 721 879; x_wconf 85' lang='lat' dir='ltr'><strong>malis</strong></span> <span class='ocrx_word' id='word_1_102' title='bbox 734 822 845 895; x_wconf 90' lang='lat' dir='ltr'><strong>quidem</strong></span> <span class='ocrx_word' id='word_1_103' title='bbox 899 824 999 889; x_wconf 93' lang='lat' dir='ltr'><strong>cordis,</strong></span> <span class='ocrx_word' id='word_1_104' title='bbox 1015 825 1041 879; x_wconf 90' lang='lat' dir='ltr'><strong>in</strong></span> <span class='ocrx_word' id='word_1_105' title='bbox 1055 826 1192 881; x_wconf 87' lang='lat' dir='ltr'><strong>bonumet</strong></span> <span class='ocrx_word' id='word_1_106' title='bbox 1205 825 1353 889; x_wconf 90' lang='lat' dir='ltr'><strong>meliorem,</strong></span> <span class='ocrx_word' id='word_1_107' title='bbox 1365 825 1394 880; x_wconf 91' lang='lat' dir='ltr'><strong>in</strong></span> <span class='ocrx_word' id='word_1_108' title='bbox 1405 825 1505 880; x_wconf 89' lang='lat' dir='ltr'><strong>malum</strong></span> <span class='ocrx_word' id='word_1_109' title='bbox 1520 832 1548 879; x_wconf 93' lang='lat' dir='ltr'><strong>et</strong></span> <span class='ocrx_word' id='word_1_110' title='bbox 1557 824 1693 896; x_wconf 87' lang='lat' dir='ltr'><strong>pejorem.</strong></span> 
     </span>
     <span class='ocr_line' id='line_1_9' title="bbox 31 909 1697 984; baseline 0.002 -20"><span class='ocrx_word' id='word_1_111' title='bbox 31 911 147 980; x_wconf 57' lang='lat' dir='ltr'><strong>‚merito</strong></span> <span class='ocrx_word' id='word_1_112' title='bbox 163 909 203 967; x_wconf 88' lang='lat' dir='ltr'><strong>ita</strong></span> <span class='ocrx_word' id='word_1_113' title='bbox 219 910 293 968; x_wconf 85' lang='lat' dir='ltr'><strong>credi</strong></span> <span class='ocrx_word' id='word_1_114' title='bbox 314 919 425 981; x_wconf 90' lang='lat' dir='ltr'><strong>propter</strong></span> <span class='ocrx_word' id='word_1_115' title='bbox 437 911 547 968; x_wconf 88' lang='lat' dir='ltr'><strong>oculum</strong></span> <span class='ocrx_word' id='word_1_116' title='bbox 567 926 682 982; x_wconf 88' lang='lat' dir='ltr'><strong>nequam</strong></span> <span class='ocrx_word' id='word_1_117' title='bbox 699 927 706 969; x_wconf 76' lang='grc' dir='ltr'><strong>ι</strong></span> <span class='ocrx_word' id='word_1_118' title='bbox 727 924 848 982; x_wconf 88' lang='lat' dir='ltr'><strong>respon·</strong></span> <span class='ocrx_word' id='word_1_119' title='bbox 899 910 1093 968; x_wconf 83' lang='lat' dir='ltr'><strong>Etsubdsmus</strong></span> <span class='ocrx_word' id='word_1_120' title='bbox 1116 912 1250 983; x_wconf 87' lang='lat' dir='ltr'><strong>exempla.</strong></span> <span class='ocrx_word' id='word_1_121' title='bbox 1274 914 1324 968; x_wconf 85' lang='lat' dir='ltr'><strong>Est</strong></span> <span class='ocrx_word' id='word_1_122' title='bbox 1352 913 1400 984; x_wconf 89' lang='lat' dir='ltr'><strong>qni</strong></span> <span class='ocrx_word' id='word_1_123' title='bbox 1423 915 1527 969; x_wconf 87' lang='lat' dir='ltr'><strong>bonurn</strong></span> <span class='ocrx_word' id='word_1_124' title='bbox 1549 910 1647 981; x_wconf 71' lang='lat' dir='ltr'><strong>diligit,</strong></span> <span class='ocrx_word' id='word_1_125' title='bbox 1669 921 1697 967; x_wconf 90' lang='lat' dir='ltr'><strong>et</strong></span> 
     </span>
     <span class='ocr_line' id='line_1_10' title="bbox 30 997 1693 1072; baseline 0.001 -20"><span class='ocrx_word' id='word_1_126' title='bbox 30 998 149 1069; x_wconf 60' lang='lat' dir='ltr'><strong>„sebius</strong></span> <span class='ocrx_word' id='word_1_127' title='bbox 162 1006 190 1055; x_wconf 87' lang='lat' dir='ltr'><strong>et</strong></span> <span class='ocrx_word' id='word_1_128' title='bbox 203 998 268 1054; x_wconf 87' lang='lat' dir='ltr'><strong>milri</strong></span> <span class='ocrx_word' id='word_1_129' title='bbox 283 1013 339 1055; x_wconf 86' lang='lat' dir='ltr'><strong>non</strong></span> <span class='ocrx_word' id='word_1_130' title='bbox 354 997 490 1054; x_wconf 89' lang='lat' dir='ltr'><strong>immerito</strong></span> <span class='ocrx_word' id='word_1_131' title='bbox 504 1013 614 1072; x_wconf 75' lang='lat' dir='ltr'><strong>quoqne</strong></span> <span class='ocrx_word' id='word_1_132' title='bbox 638 1006 752 1072; x_wconf 87' lang='lat' dir='ltr'><strong>propter</strong></span> <span class='ocrx_word' id='word_1_133' title='bbox 776 997 846 1053; x_wconf 87' lang='lat' dir='ltr'><strong>sim·</strong></span> <span class='ocrx_word' id='word_1_134' title='bbox 899 999 1000 1056; x_wconf 85' lang='lat' dir='ltr'><strong>malum</strong></span> <span class='ocrx_word' id='word_1_135' title='bbox 1010 1001 1118 1057; x_wconf 89' lang='lat' dir='ltr'><strong>nescius</strong></span> <span class='ocrx_word' id='word_1_136' title='bbox 1127 1001 1192 1072; x_wconf 65' lang='lat' dir='ltr'><strong>agit.</strong></span> <span class='ocrx_word' id='word_1_137' title='bbox 1209 1001 1297 1070; x_wconf 84' lang='lat' dir='ltr'><strong>Hujus</strong></span> <span class='ocrx_word' id='word_1_138' title='bbox 1306 999 1415 1072; x_wconf 87' lang='lat' dir='ltr'><strong>quidem</strong></span> <span class='ocrx_word' id='word_1_139' title='bbox 1424 1000 1571 1055; x_wconf 90' lang='lat' dir='ltr'><strong>bonusest</strong></span> <span class='ocrx_word' id='word_1_140' title='bbox 1585 999 1693 1070; x_wconf 87' lang='lat' dir='ltr'><strong>oculus,</strong></span> 
     </span>
     <span class='ocr_line' id='line_1_11' title="bbox 49 1085 1697 1161; baseline 0.001 -19"><span class='ocrx_word' id='word_1_141' title='bbox 49 1087 147 1160; x_wconf 90' lang='lat' dir='ltr'><strong>plioem</strong></span> <span class='ocrx_word' id='word_1_142' title='bbox 160 1088 269 1145; x_wconf 90' lang='lat' dir='ltr'><strong>oculum</strong></span> <span class='ocrx_word' id='word_1_143' title='bbox 287 1085 358 1142; x_wconf 86' lang='lat' dir='ltr'><strong>idem</strong></span> <span class='ocrx_word' id='word_1_144' title='bbox 380 1102 457 1160; x_wconf 84' lang='lat' dir='ltr'><strong>aeque</strong></span> <span class='ocrx_word' id='word_1_145' title='bbox 476 1086 625 1157; x_wconf 84' lang='lat' dir='ltr'><strong>putandum</strong></span> <span class='ocrx_word' id='word_1_146' title='bbox 646 1094 673 1142; x_wconf 93' lang='lat' dir='ltr'><strong>et</strong></span> <span class='ocrx_word' id='word_1_147' title='bbox 700 1086 843 1142; x_wconf 90' lang='lat' dir='ltr'><strong>debonis.</strong></span> <span class='ocrx_word' id='word_1_148' title='bbox 899 1089 963 1161; x_wconf 87' lang='lat' dir='ltr'><strong>quis</strong></span> <span class='ocrx_word' id='word_1_149' title='bbox 978 1089 1038 1160; x_wconf 90' lang='lat' dir='ltr'><strong>pins</strong></span> <span class='ocrx_word' id='word_1_150' title='bbox 1052 1107 1060 1146; x_wconf 75' lang='grc' dir='ltr'><strong>ι</strong></span> <span class='ocrx_word' id='word_1_151' title='bbox 1075 1104 1130 1146; x_wconf 93' lang='lat' dir='ltr'><strong>non</strong></span> <span class='ocrx_word' id='word_1_152' title='bbox 1155 1098 1245 1146; x_wconf 88' lang='lat' dir='ltr'><strong>tamen</strong></span> <span class='ocrx_word' id='word_1_153' title='bbox 1260 1090 1385 1160; x_wconf 81' lang='lat' dir='ltr'><strong>simplex,</strong></span> <span class='ocrx_word' id='word_1_154' title='bbox 1410 1088 1474 1159; x_wconf 90' lang='lat' dir='ltr'><strong>qnia</strong></span> <span class='ocrx_word' id='word_1_155' title='bbox 1493 1103 1593 1145; x_wconf 79' lang='lat' dir='ltr'><strong>cecus.</strong></span> <span class='ocrx_word' id='word_1_156' title='bbox 1609 1088 1697 1145; x_wconf 82' lang='lat' dir='ltr'><strong>Etest</strong></span> 
     </span>
     <span class='ocr_line' id='line_1_12' title="bbox 37 1174 1693 1252; baseline -0.001 -21"><span class='ocrx_word' id='word_1_157' title='bbox 37 1176 116 1251; x_wconf 28' lang='lat' dir='ltr'><strong>,Nem</strong></span> <span class='ocrx_word' id='word_1_158' title='bbox 135 1176 182 1248; x_wconf 89' lang='lat' dir='ltr'><strong>qui</strong></span> <span class='ocrx_word' id='word_1_159' title='bbox 197 1175 263 1231; x_wconf 82' lang='lat' dir='ltr'><strong>dixit</strong></span> <span class='ocrx_word' id='word_1_160' title='bbox 282 1191 316 1232; x_wconf 88' lang='lat' dir='ltr'><strong>ex</strong></span> <span class='ocrx_word' id='word_1_161' title='bbox 333 1177 414 1232; x_wconf 91' lang='lat' dir='ltr'><strong>oculo</strong></span> <span class='ocrx_word' id='word_1_162' title='bbox 430 1190 547 1248; x_wconf 86' lang='lat' dir='ltr'><strong>neqnsrn</strong></span> <span class='ocrx_word' id='word_1_163' title='bbox 574 1175 697 1244; x_wconf 89' lang='lat' dir='ltr'><strong>corporis</strong></span> <span class='ocrx_word' id='word_1_164' title='bbox 719 1175 846 1231; x_wconf 84' lang='lat' dir='ltr'><strong>tenebras</strong></span> <span class='ocrx_word' id='word_1_165' title='bbox 898 1177 943 1249; x_wconf 90' lang='lat' dir='ltr'><strong>qni</strong></span> <span class='ocrx_word' id='word_1_166' title='bbox 958 1178 1058 1233; x_wconf 74' lang='grc' dir='ltr'>ιιιιιιιιι</span> <span class='ocrx_word' id='word_1_167' title='bbox 1074 1184 1102 1232; x_wconf 89' lang='grc' dir='ltr'><strong>ιι</strong></span> <span class='ocrx_word' id='word_1_168' title='bbox 1120 1177 1235 1232; x_wconf 82' lang='lat' dir='ltr'><strong>libenter</strong></span> <span class='ocrx_word' id='word_1_169' title='bbox 1254 1177 1320 1252; x_wconf 72' lang='lat' dir='ltr'><strong>agit,</strong></span> <span class='ocrx_word' id='word_1_170' title='bbox 1335 1183 1362 1231; x_wconf 87' lang='lat' dir='ltr'><strong>et</strong></span> <span class='ocrx_word' id='word_1_171' title='bbox 1378 1175 1526 1247; x_wconf 83' lang='lat' dir='ltr'><strong>prudenter</strong></span> <span class='ocrx_word' id='word_1_172' title='bbox 1546 1174 1693 1248; x_wconf 73' lang='lat' dir='ltr'><strong>intelligit:</strong></span> 
     </span>
     <span class='ocr_line' id='line_1_13' title="bbox 46 1262 1694 1336; baseline -0.001 -16"><span class='ocrx_word' id='word_1_173' title='bbox 46 1263 185 1328; x_wconf 81' lang='lat' dir='ltr'><strong>aestimari,</strong></span> <span class='ocrx_word' id='word_1_174' title='bbox 203 1262 329 1319; x_wconf 84' lang='lat' dir='ltr'><strong>indicarit</strong></span> <span class='ocrx_word' id='word_1_175' title='bbox 343 1273 370 1320; x_wconf 90' lang='lat' dir='ltr'><strong>et</strong></span> <span class='ocrx_word' id='word_1_176' title='bbox 389 1262 422 1318; x_wconf 90' lang='lat' dir='ltr'><strong>de</strong></span> <span class='ocrx_word' id='word_1_177' title='bbox 449 1262 566 1336; x_wconf 79' lang='lat' dir='ltr'><strong>simplici</strong></span> <span class='ocrx_word' id='word_1_178' title='bbox 581 1263 670 1319; x_wconf 89' lang='lat' dir='ltr'><strong>lucem</strong></span> <span class='ocrx_word' id='word_1_179' title='bbox 686 1277 763 1334; x_wconf 75' lang='lat' dir='ltr'><strong>mque</strong></span> <span class='ocrx_word' id='word_1_180' title='bbox 778 1276 844 1318; x_wconf 88' lang='lat' dir='ltr'><strong>cor·</strong></span> <span class='ocrx_word' id='word_1_181' title='bbox 898 1265 979 1321; x_wconf 87' lang='lat' dir='ltr'><strong>istius</strong></span> <span class='ocrx_word' id='word_1_182' title='bbox 996 1279 1090 1322; x_wconf 82' lang='lat' dir='ltr'><strong>revera</strong></span> <span class='ocrx_word' id='word_1_183' title='bbox 1103 1265 1212 1322; x_wconf 91' lang='lat' dir='ltr'><strong>oculum</strong></span> <span class='ocrx_word' id='word_1_184' title='bbox 1227 1280 1280 1320; x_wconf 90' lang='lat' dir='ltr'><strong>non</strong></span> <span class='ocrx_word' id='word_1_185' title='bbox 1300 1265 1433 1321; x_wconf 85' lang='lat' dir='ltr'><strong>immerito</strong></span> <span class='ocrx_word' id='word_1_186' title='bbox 1448 1263 1596 1336; x_wconf 85' lang='lat' dir='ltr'><strong>simplicem</strong></span> <span class='ocrx_word' id='word_1_187' title='bbox 1616 1263 1694 1319; x_wconf 87' lang='lat' dir='ltr'><strong>dixe·</strong></span> 
     </span>
     <span class='ocr_line' id='line_1_14' title="bbox 47 1349 1692 1425; baseline 0 -17"><span class='ocrx_word' id='word_1_188' title='bbox 47 1353 124 1425; x_wconf 89' lang='lat' dir='ltr'><strong>poris</strong></span> <span class='ocrx_word' id='word_1_189' title='bbox 138 1350 283 1423; x_wconf 86' lang='lat' dir='ltr'><strong>approbari</strong></span> <span class='ocrx_word' id='word_1_190' title='bbox 294 1351 404 1418; x_wconf 82' lang='lat' dir='ltr'><strong>(licitis.</strong></span> <span class='ocrx_word' id='word_1_191' title='bbox 416 1366 455 1419; x_wconf 86' lang='lat' dir='ltr'><strong>vt,</strong></span> <span class='ocrx_word' id='word_1_192' title='bbox 471 1349 528 1421; x_wconf 74' lang='lat'><strong>23).</strong></span> <span class='ocrx_word' id='word_1_193' title='bbox 546 1351 598 1407; x_wconf 85' lang='lat' dir='ltr'><strong>Sed</strong></span> <span class='ocrx_word' id='word_1_194' title='bbox 613 1349 711 1418; x_wconf 85' lang='lat' dir='ltr'><strong>videte,</strong></span> <span class='ocrx_word' id='word_1_195' title='bbox 722 1365 758 1405; x_wconf 91' lang='lat' dir='ltr'><strong>ne</strong></span> <span class='ocrx_word' id='word_1_196' title='bbox 773 1349 844 1405; x_wconf 89' lang='lat' dir='ltr'><strong>lorte</strong></span> <span class='ocrx_word' id='word_1_197' title='bbox 898 1353 960 1419; x_wconf 75' lang='lat' dir='ltr'><strong>mm,</strong></span> <span class='ocrx_word' id='word_1_198' title='bbox 984 1360 1079 1422; x_wconf 88' lang='lat' dir='ltr'><strong>utpote</strong></span> <span class='ocrx_word' id='word_1_199' title='bbox 1104 1353 1149 1409; x_wconf 92' lang='lat' dir='ltr'><strong>cui</strong></span> <span class='ocrx_word' id='word_1_200' title='bbox 1176 1361 1301 1410; x_wconf 90' lang='lat' dir='ltr'><strong>neutrum</strong></span> <span class='ocrx_word' id='word_1_201' title='bbox 1324 1353 1428 1408; x_wconf 91' lang='lat' dir='ltr'><strong>bonum</strong></span> <span class='ocrx_word' id='word_1_202' title='bbox 1450 1353 1530 1416; x_wconf 86' lang='lat' dir='ltr'><strong>desit,</strong></span> <span class='ocrx_word' id='word_1_203' title='bbox 1546 1367 1597 1408; x_wconf 90' lang='lat' dir='ltr'><strong>nec</strong></span> <span class='ocrx_word' id='word_1_204' title='bbox 1620 1352 1692 1408; x_wconf 82' lang='lat' dir='ltr'><strong>aelus</strong></span> 
     </span>
     <span class='ocr_line' id='line_1_15' title="bbox 28 1437 1692 1549; baseline -0.002 -55"><span class='ocrx_word' id='word_1_205' title='bbox 28 1454 102 1499; x_wconf 72' lang='lat' dir='ltr'><strong>‚non</strong></span> <span class='ocrx_word' id='word_1_206' title='bbox 117 1439 154 1494; x_wconf 89' lang='lat' dir='ltr'><strong>sit</strong></span> <span class='ocrx_word' id='word_1_207' title='bbox 167 1454 230 1496; x_wconf 87' lang='lat' dir='ltr'><strong>vere</strong></span> <span class='ocrx_word' id='word_1_208' title='bbox 244 1438 341 1496; x_wconf 89' lang='lat' dir='ltr'><strong>oculus</strong></span> <span class='ocrx_word' id='word_1_209' title='bbox 363 1438 488 1509; x_wconf 83' lang='lat' dir='ltr'><strong>simplex,</strong></span> <span class='ocrx_word' id='word_1_210' title='bbox 516 1437 563 1511; x_wconf 89' lang='lat' dir='ltr'><strong>qni</strong></span> <span class='ocrx_word' id='word_1_211' title='bbox 591 1437 705 1494; x_wconf 87' lang='lat' dir='ltr'><strong>iallitnr.</strong></span> <span class='ocrx_word' id='word_1_212' title='bbox 731 1437 843 1494; x_wconf 78' lang='lat' dir='ltr'><strong>Fallitur</strong></span> <span class='ocrx_word' id='word_1_213' title='bbox 858 1470 880 1549; x_wconf 67' lang='grc' dir='ltr'><strong><em>Β</em></strong></span> <span class='ocrx_word' id='word_1_214' title='bbox 895 1442 995 1498; x_wconf 77' lang='lat' dir='ltr'><strong>seilicet</strong></span> <span class='ocrx_word' id='word_1_215' title='bbox 1008 1441 1106 1510; x_wconf 76' lang='lat' dir='ltr'><strong>tonus,</strong></span> <span class='ocrx_word' id='word_1_216' title='bbox 1131 1456 1183 1497; x_wconf 85' lang='lat' dir='ltr'><strong>nee</strong></span> <span class='ocrx_word' id='word_1_217' title='bbox 1195 1440 1317 1499; x_wconf 78' lang='lat' dir='ltr'><strong>selencia,</strong></span> <span class='ocrx_word' id='word_1_218' title='bbox 1335 1441 1412 1496; x_wconf 81' lang='lat' dir='ltr'><strong>Hune</strong></span> <span class='ocrx_word' id='word_1_219' title='bbox 1435 1440 1556 1510; x_wconf 87' lang='lat' dir='ltr'><strong>prolecto</strong></span> <span class='ocrx_word' id='word_1_220' title='bbox 1575 1441 1692 1513; x_wconf 79' lang='lat' dir='ltr'><strong>requirit</strong></span> 
     </span>
     <span class='ocr_line' id='line_1_16' title="bbox 29 1526 1689 1607; baseline 0.002 -26"><span class='ocrx_word' id='word_1_221' title='bbox 29 1600 34 1607; x_wconf 21' lang='grc' dir='ltr'>ι</span> <span class='ocrx_word' id='word_1_222' title='bbox 45 1527 120 1606; x_wconf 83' lang='lat' dir='ltr'><strong>enim</strong></span> <span class='ocrx_word' id='word_1_223' title='bbox 134 1536 189 1584; x_wconf 88' lang='lat' dir='ltr'><strong>tan</strong></span> <span class='ocrx_word' id='word_1_224' title='bbox 205 1527 251 1598; x_wconf 89' lang='lat' dir='ltr'><strong>qui</strong></span> <span class='ocrx_word' id='word_1_225' title='bbox 266 1529 365 1584; x_wconf 87' lang='lat' dir='ltr'><strong>bonnm</strong></span> <span class='ocrx_word' id='word_1_226' title='bbox 385 1526 496 1591; x_wconf 84' lang='lat' dir='ltr'><strong>malum,</strong></span> <span class='ocrx_word' id='word_1_227' title='bbox 515 1541 598 1599; x_wconf 86' lang='lat' dir='ltr'><strong>qnam</strong></span> <span class='ocrx_word' id='word_1_228' title='bbox 611 1527 656 1599; x_wconf 92' lang='lat' dir='ltr'><strong>qui</strong></span> <span class='ocrx_word' id='word_1_229' title='bbox 672 1526 774 1581; x_wconf 88' lang='lat' dir='ltr'><strong>malum</strong></span> <span class='ocrx_word' id='word_1_230' title='bbox 789 1526 841 1581; x_wconf 91' lang='lat' dir='ltr'><strong>bo·</strong></span> <span class='ocrx_word' id='word_1_231' title='bbox 895 1531 1004 1586; x_wconf 90' lang='lat' dir='ltr'><strong>oculum</strong></span> <span class='ocrx_word' id='word_1_232' title='bbox 1019 1530 1171 1593; x_wconf 70' lang='lat' dir='ltr'><strong>Benacum</strong></span> <span class='ocrx_word' id='word_1_233' title='bbox 1186 1528 1297 1599; x_wconf 89' lang='lat' dir='ltr'><strong>respicit</strong></span> <span class='ocrx_word' id='word_1_234' title='bbox 1309 1543 1392 1598; x_wconf 88' lang='lat' dir='ltr'><strong>super</strong></span> <span class='ocrx_word' id='word_1_235' title='bbox 1410 1527 1643 1593; x_wconf 86' lang='lat' dir='ltr'><strong>illioslrominum,</strong></span> <span class='ocrx_word' id='word_1_236' title='bbox 1660 1536 1689 1585; x_wconf 91' lang='lat' dir='ltr'><strong>ut</strong></span> 
     </span>
     <span class='ocr_line' id='line_1_17' title="bbox 26 1612 1689 1692; baseline -0.001 -20"><span class='ocrx_word' id='word_1_237' title='bbox 26 1632 112 1692; x_wconf 33' lang='lat' dir='ltr'><strong>,num</strong></span> <span class='ocrx_word' id='word_1_238' title='bbox 127 1614 270 1686; x_wconf 84' lang='lat' dir='ltr'><strong>putaverit.</strong></span> <span class='ocrx_word' id='word_1_239' title='bbox 295 1613 376 1671; x_wconf 88' lang='lat' dir='ltr'><strong>Scitis</strong></span> <span class='ocrx_word' id='word_1_240' title='bbox 402 1620 494 1670; x_wconf 90' lang='lat' dir='ltr'><strong>autem</strong></span> <span class='ocrx_word' id='word_1_241' title='bbox 521 1621 647 1670; x_wconf 89' lang='lat' dir='ltr'><strong>neutrum</strong></span> <span class='ocrx_word' id='word_1_242' title='bbox 675 1616 771 1669; x_wconf 89' lang='lat' dir='ltr'><strong>horum</strong></span> <span class='ocrx_word' id='word_1_243' title='bbox 796 1612 843 1669; x_wconf 73' lang='lat' dir='ltr'><strong>te</strong></span> <span class='ocrx_word' id='word_1_244' title='bbox 896 1618 986 1675; x_wconf 86' lang='lat' dir='ltr'><strong>videat</strong></span> <span class='ocrx_word' id='word_1_245' title='bbox 1000 1617 1022 1671; x_wconf 91' lang='lat' dir='ltr'><strong>si</strong></span> <span class='ocrx_word' id='word_1_246' title='bbox 1043 1625 1084 1672; x_wconf 90' lang='lat' dir='ltr'><strong>est</strong></span> <span class='ocrx_word' id='word_1_247' title='bbox 1097 1617 1253 1688; x_wconf 76' lang='lat' dir='ltr'><strong>intelligens</strong></span> <span class='ocrx_word' id='word_1_248' title='bbox 1266 1625 1311 1671; x_wconf 92' lang='lat' dir='ltr'><strong>aut</strong></span> <span class='ocrx_word' id='word_1_249' title='bbox 1330 1615 1472 1686; x_wconf 85' lang='lat' dir='ltr'><strong>requirens</strong></span> <span class='ocrx_word' id='word_1_250' title='bbox 1491 1614 1578 1670; x_wconf 87' lang='lat' dir='ltr'><strong>Deum</strong></span> <span class='ocrx_word' id='word_1_251' title='bbox 1598 1615 1689 1687; x_wconf 82' lang='lat' dir='ltr'><strong>(Psoi.</strong></span> 
     </span>
     <span class='ocr_line' id='line_1_18' title="bbox 47 1700 1690 1776; baseline 0 -19"><span class='ocrx_word' id='word_1_252' title='bbox 47 1703 113 1759; x_wconf 89' lang='lat' dir='ltr'><strong>illud</strong></span> <span class='ocrx_word' id='word_1_253' title='bbox 128 1702 229 1760; x_wconf 83' lang='lat' dir='ltr'><strong>euitare</strong></span> <span class='ocrx_word' id='word_1_254' title='bbox 239 1700 437 1776; x_wconf 87' lang='lat' dir='ltr'><strong>propheticom,</strong></span> <span class='ocrx_word' id='word_1_255' title='bbox 451 1704 493 1760; x_wconf 81' lang='lat' dir='ltr'><strong>Vre</strong></span> <span class='ocrx_word' id='word_1_256' title='bbox 502 1704 551 1776; x_wconf 83' lang='lat' dir='ltr'><strong>qui</strong></span> <span class='ocrx_word' id='word_1_257' title='bbox 564 1702 659 1759; x_wconf 84' lang='lat' dir='ltr'><strong>dicitis</strong></span> <span class='ocrx_word' id='word_1_258' title='bbox 669 1702 775 1760; x_wconf 78' lang='lat' dir='ltr'><strong>donum</strong></span> <span class='ocrx_word' id='word_1_259' title='bbox 787 1718 845 1759; x_wconf 86' lang='lat' dir='ltr'><strong>ma·</strong></span> <span class='ocrx_word' id='word_1_260' title='bbox 897 1720 958 1770; x_wconf 62' lang='grc' dir='ltr'>χιιι,</span> <span class='ocrx_word' id='word_1_261' title='bbox 974 1705 1011 1775; x_wconf 77' lang='grc'><strong>2).</strong></span> <span class='ocrx_word' id='word_1_262' title='bbox 1027 1704 1098 1760; x_wconf 82' lang='lat' dir='ltr'><strong>Este</strong></span> <span class='ocrx_word' id='word_1_263' title='bbox 1112 1704 1248 1760; x_wconf 84' lang='lat' dir='ltr'><strong>rontrario</strong></span> <span class='ocrx_word' id='word_1_264' title='bbox 1257 1705 1305 1775; x_wconf 91' lang='lat' dir='ltr'><strong>qul</strong></span> <span class='ocrx_word' id='word_1_265' title='bbox 1321 1703 1421 1759; x_wconf 89' lang='lat' dir='ltr'><strong>bonum</strong></span> <span class='ocrx_word' id='word_1_266' title='bbox 1435 1701 1548 1758; x_wconf 90' lang='lat' dir='ltr'><strong>minime</strong></span> <span class='ocrx_word' id='word_1_267' title='bbox 1562 1702 1690 1775; x_wconf 75' lang='lat' dir='ltr'><strong>diligens,</strong></span> 
     </span>
     <span class='ocr_line' id='line_1_19' title="bbox 25 1789 1692 1869; baseline -0.001 -21"><span class='ocrx_word' id='word_1_268' title='bbox 25 1793 119 1869; x_wconf 35' lang='lat' dir='ltr'><strong>:trram</strong></span> <span class='ocrx_word' id='word_1_269' title='bbox 134 1796 162 1847; x_wconf 85' lang='lat' dir='ltr'><strong>et</strong></span> <span class='ocrx_word' id='word_1_270' title='bbox 180 1792 290 1848; x_wconf 81' lang='lat' dir='ltr'><strong>maium</strong></span> <span class='ocrx_word' id='word_1_271' title='bbox 313 1790 417 1847; x_wconf 81' lang='lat' dir='ltr'><strong>bonam</strong></span> <span class='ocrx_word' id='word_1_272' title='bbox 433 1791 500 1860; x_wconf 83' lang='lat' dir='ltr'><strong>(lac.</strong></span> <span class='ocrx_word' id='word_1_273' title='bbox 525 1808 554 1856; x_wconf 85' lang='lat' dir='ltr'><strong>v,</strong></span> <span class='ocrx_word' id='word_1_274' title='bbox 574 1789 643 1861; x_wconf 77' lang='lat'><strong>20):</strong></span> <span class='ocrx_word' id='word_1_275' title='bbox 670 1804 733 1844; x_wconf 87' lang='lat' dir='ltr'><strong>curu</strong></span> <span class='ocrx_word' id='word_1_276' title='bbox 755 1796 844 1846; x_wconf 81' lang='grc' dir='ltr'>ιιιιιιι</span> <span class='ocrx_word' id='word_1_277' title='bbox 898 1809 932 1850; x_wconf 89' lang='lat' dir='ltr'><strong>ex</strong></span> <span class='ocrx_word' id='word_1_278' title='bbox 949 1792 1050 1847; x_wconf 85' lang='lat' dir='ltr'><strong>malitis</strong></span> <span class='ocrx_word' id='word_1_279' title='bbox 1070 1790 1181 1862; x_wconf 91' lang='lat' dir='ltr'><strong>quidem</strong></span> <span class='ocrx_word' id='word_1_280' title='bbox 1209 1806 1352 1860; x_wconf 84' lang='lat' dir='ltr'><strong>perversus</strong></span> <span class='ocrx_word' id='word_1_281' title='bbox 1374 1799 1438 1845; x_wconf 85' lang='lat' dir='ltr'><strong>est:</strong></span> <span class='ocrx_word' id='word_1_282' title='bbox 1460 1789 1506 1846; x_wconf 92' lang='lat' dir='ltr'><strong>sed</strong></span> <span class='ocrx_word' id='word_1_283' title='bbox 1530 1789 1639 1862; x_wconf 87' lang='lat' dir='ltr'><strong>sapiens</strong></span> <span class='ocrx_word' id='word_1_284' title='bbox 1662 1801 1692 1846; x_wconf 92' lang='lat' dir='ltr'><strong>ut</strong></span> 
     </span>
     <span class='ocr_line' id='line_1_20' title="bbox 20 1876 1690 1959; baseline -0.001 -24"><span class='ocrx_word' id='word_1_285' title='bbox 20 1896 138 1959; x_wconf 33' lang='lat' dir='ltr'><strong>inemo,</strong></span> <span class='ocrx_word' id='word_1_286' title='bbox 155 1880 200 1952; x_wconf 92' lang='lat' dir='ltr'><strong>qui</strong></span> <span class='ocrx_word' id='word_1_287' title='bbox 215 1876 360 1935; x_wconf 73' lang='grc' dir='ltr'>ιιιιιὶΙὸ</span> <span class='ocrx_word' id='word_1_288' title='bbox 376 1877 441 1933; x_wconf 82' lang='lat' dir='ltr'><strong>velit</strong></span> <span class='ocrx_word' id='word_1_289' title='bbox 456 1893 554 1935; x_wconf 88' lang='lat' dir='ltr'><strong>cavere</strong></span> <span class='ocrx_word' id='word_1_290' title='bbox 567 1877 741 1935; x_wconf 82' lang='lat' dir='ltr'><strong>meledictum</strong></span> <span class='ocrx_word' id='word_1_291' title='bbox 756 1877 843 1950; x_wconf 83' lang='lat' dir='ltr'><strong>(los),</strong></span> <span class='ocrx_word' id='word_1_292' title='bbox 897 1880 975 1936; x_wconf 84' lang='lat' dir='ltr'><strong>iaciat</strong></span> <span class='ocrx_word' id='word_1_293' title='bbox 990 1879 1100 1944; x_wconf 87' lang='lat' dir='ltr'><strong>malurn,</strong></span> <span class='ocrx_word' id='word_1_294' title='bbox 1117 1895 1165 1949; x_wconf 91' lang='lat' dir='ltr'><strong>per</strong></span> <span class='ocrx_word' id='word_1_295' title='bbox 1177 1878 1358 1952; x_wconf 75' lang='lat' dir='ltr'><strong>ignorantiam</strong></span> <span class='ocrx_word' id='word_1_296' title='bbox 1369 1893 1459 1934; x_wconf 76' lang='lat' dir='ltr'><strong>caecus</strong></span> <span class='ocrx_word' id='word_1_297' title='bbox 1473 1892 1527 1934; x_wconf 92' lang='lat' dir='ltr'><strong>non</strong></span> <span class='ocrx_word' id='word_1_298' title='bbox 1543 1877 1690 1946; x_wconf 74' lang='lat' dir='ltr'><strong>estonam</strong></span> 
     </span>
     <span class='ocr_line' id='line_1_21' title="bbox 18 1963 1690 2045; baseline -0.001 -23"><span class='ocrx_word' id='word_1_299' title='bbox 18 2012 32 2045; x_wconf 66' lang='lat' dir='ltr'><strong>r·</strong></span> <span class='ocrx_word' id='word_1_300' title='bbox 47 1967 145 2039; x_wconf 91' lang='lat' dir='ltr'><strong>dequo</strong></span> <span class='ocrx_word' id='word_1_301' title='bbox 167 1965 574 2037; x_wconf 75' lang='lat' dir='ltr'><strong>veritaspronnntlatqnodstr</strong></span> <span class='ocrx_word' id='word_1_302' title='bbox 588 1963 657 2020; x_wconf 88' lang='lat' dir='ltr'><strong>lucis</strong></span> <span class='ocrx_word' id='word_1_303' title='bbox 670 1963 747 2036; x_wconf 78' lang='lat' dir='ltr'><strong>(lod)</strong></span> <span class='ocrx_word' id='word_1_304' title='bbox 761 1964 844 2022; x_wconf 88' lang='lat' dir='ltr'><strong>totius</strong></span> <span class='ocrx_word' id='word_1_305' title='bbox 898 1969 1009 2041; x_wconf 85' lang='lat' dir='ltr'><strong>quidem</strong></span> <span class='ocrx_word' id='word_1_306' title='bbox 1030 1967 1091 2023; x_wconf 89' lang='lat' dir='ltr'><strong>idco</strong></span> <span class='ocrx_word' id='word_1_307' title='bbox 1113 1966 1233 2024; x_wconf 88' lang='lat' dir='ltr'><strong>nondum</strong></span> <span class='ocrx_word' id='word_1_308' title='bbox 1247 1966 1439 2039; x_wconf 84' lang='lat' dir='ltr'><strong>appellaverim</strong></span> <span class='ocrx_word' id='word_1_309' title='bbox 1459 1981 1587 2038; x_wconf 90' lang='lat' dir='ltr'><strong>nequam,</strong></span> <span class='ocrx_word' id='word_1_310' title='bbox 1609 1983 1690 2038; x_wconf 87' lang='lat' dir='ltr'><strong>quam</strong></span> 
     </span>
     <span class='ocr_line' id='line_1_22' title="bbox 20 2051 1691 2131; baseline -0.004 -16"><span class='ocrx_word' id='word_1_311' title='bbox 20 2053 182 2131; x_wconf 66' lang='lat' dir='ltr'><strong>,corporis</strong></span> <span class='ocrx_word' id='word_1_312' title='bbox 198 2053 226 2108; x_wconf 93' lang='lat' dir='ltr'><strong>id</strong></span> <span class='ocrx_word' id='word_1_313' title='bbox 244 2060 284 2110; x_wconf 89' lang='lat' dir='ltr'><strong>est</strong></span> <span class='ocrx_word' id='word_1_314' title='bbox 303 2052 402 2124; x_wconf 84' lang='lat' dir='ltr'><strong>operis,</strong></span> <span class='ocrx_word' id='word_1_315' title='bbox 422 2059 625 2126; x_wconf 66' lang='lat' dir='ltr'><strong>argumentum·</strong></span> <span class='ocrx_word' id='word_1_316' title='bbox 645 2051 699 2107; x_wconf 62' lang='lat' dir='ltr'><strong>Sed</strong></span> <span class='ocrx_word' id='word_1_317' title='bbox 726 2051 796 2108; x_wconf 68' lang='lat' dir='ltr'><strong>absit</strong></span> <span class='ocrx_word' id='word_1_318' title='bbox 816 2057 845 2105; x_wconf 79' lang='lat' dir='ltr'><strong>ul</strong></span> <span class='ocrx_word' id='word_1_319' title='bbox 898 2073 981 2113; x_wconf 90' lang='lat' dir='ltr'><strong>unum</strong></span> <span class='ocrx_word' id='word_1_320' title='bbox 995 2056 1029 2121; x_wconf 92' lang='lat' dir='ltr'><strong>ei,</strong></span> <span class='ocrx_word' id='word_1_321' title='bbox 1044 2056 1152 2113; x_wconf 87' lang='lat' dir='ltr'><strong>licetsd</strong></span> <span class='ocrx_word' id='word_1_322' title='bbox 1167 2072 1246 2112; x_wconf 89' lang='lat' dir='ltr'><strong>suurn</strong></span> <span class='ocrx_word' id='word_1_323' title='bbox 1266 2055 1376 2122; x_wconf 87' lang='lat' dir='ltr'><strong>melum,</strong></span> <span class='ocrx_word' id='word_1_324' title='bbox 1387 2070 1441 2111; x_wconf 91' lang='lat' dir='ltr'><strong>non</strong></span> <span class='ocrx_word' id='word_1_325' title='bbox 1455 2055 1528 2112; x_wconf 90' lang='lat' dir='ltr'><strong>desit</strong></span> <span class='ocrx_word' id='word_1_326' title='bbox 1541 2055 1652 2120; x_wconf 86' lang='lat' dir='ltr'><strong>bonnm,</strong></span> <span class='ocrx_word' id='word_1_327' title='bbox 1663 2056 1691 2110; x_wconf 90' lang='lat' dir='ltr'><strong>id</strong></span> 
     </span>
     <span class='ocr_line' id='line_1_23' title="bbox 19 2139 1075 2216; baseline -0.002 -18"><span class='ocrx_word' id='word_1_328' title='bbox 19 2200 37 2213; x_wconf 40' lang='grc'><strong>,,</strong></span> <span class='ocrx_word' id='word_1_329' title='bbox 47 2157 137 2216; x_wconf 82' lang='lat' dir='ltr'><strong>praeco</strong></span> <span class='ocrx_word' id='word_1_330' title='bbox 156 2141 282 2198; x_wconf 85' lang='lat' dir='ltr'><strong>Veritatis</strong></span> <span class='ocrx_word' id='word_1_331' title='bbox 295 2141 393 2197; x_wconf 89' lang='lat' dir='ltr'><strong>clamet</strong></span> <span class='ocrx_word' id='word_1_332' title='bbox 406 2147 499 2198; x_wconf 84' lang='lat' dir='ltr'><strong>contre</strong></span> <span class='ocrx_word' id='word_1_333' title='bbox 512 2139 679 2207; x_wconf 63' lang='lat' dir='ltr'><strong>Veritatem</strong></span> <span class='ocrx_word' id='word_1_334' title='bbox 698 2139 844 2197; x_wconf 87' lang='lat' dir='ltr'><strong>maledicat</strong></span> <span class='ocrx_word' id='word_1_335' title='bbox 898 2153 939 2202; x_wconf 80' lang='lat' dir='ltr'><strong>est</strong></span> <span class='ocrx_word' id='word_1_336' title='bbox 952 2144 1075 2200; x_wconf 83' lang='lat' dir='ltr'><strong>seientia.</strong></span> 
     </span>
     <span class='ocr_line' id='line_1_24' title="bbox 46 2228 1692 2306; baseline -0.003 -11.095"><span class='ocrx_word' id='word_1_337' title='bbox 46 2230 159 2303; x_wconf 65' lang='lat' dir='ltr'><strong>{equod</strong></span> <span class='ocrx_word' id='word_1_338' title='bbox 175 2230 220 2285; x_wconf 86' lang='lat' dir='ltr'><strong>illa</strong></span> <span class='ocrx_word' id='word_1_339' title='bbox 234 2228 406 2303; x_wconf 80' lang='lat' dir='ltr'><strong>probaverit!</strong></span> <span class='ocrx_word' id='word_1_340' title='bbox 934 2235 977 2291; x_wconf 78' lang='grc'><strong>39.</strong></span> <span class='ocrx_word' id='word_1_341' title='bbox 994 2233 1046 2290; x_wconf 85' lang='lat' dir='ltr'><strong>Sed</strong></span> <span class='ocrx_word' id='word_1_342' title='bbox 1060 2240 1102 2289; x_wconf 91' lang='lat' dir='ltr'><strong>est</strong></span> <span class='ocrx_word' id='word_1_343' title='bbox 1122 2233 1168 2306; x_wconf 92' lang='lat' dir='ltr'><strong>qui</strong></span> <span class='ocrx_word' id='word_1_344' title='bbox 1196 2235 1295 2291; x_wconf 84' lang='lat' dir='ltr'><strong>bonum</strong></span> <span class='ocrx_word' id='word_1_345' title='bbox 1320 2233 1390 2290; x_wconf 82' lang='lat' dir='ltr'><strong>torta</strong></span> <span class='ocrx_word' id='word_1_346' title='bbox 1413 2230 1521 2289; x_wconf 89' lang='lat' dir='ltr'><strong>nescios</strong></span> <span class='ocrx_word' id='word_1_347' title='bbox 1546 2233 1620 2304; x_wconf 89' lang='lat' dir='ltr'><strong>qnod</strong></span> <span class='ocrx_word' id='word_1_348' title='bbox 1636 2247 1692 2290; x_wconf 90' lang='lat' dir='ltr'><strong>non</strong></span> 
     </span>
     <span class='ocr_line' id='line_1_25' title="bbox 14 2315 1690 2396; baseline 0.003 -25"><span class='ocrx_word' id='word_1_349' title='bbox 14 2377 30 2389; x_wconf 65' lang='lat'>‚</span> <span class='ocrx_word' id='word_1_350' title='bbox 56 2367 60 2371; x_wconf 84' lang='lat'>.</span> <span class='ocrx_word' id='word_1_351' title='bbox 83 2319 128 2374; x_wconf 79' lang='grc'><strong>36.</strong></span> <span class='ocrx_word' id='word_1_352' title='bbox 144 2319 205 2390; x_wconf 72' lang='lat' dir='ltr'><strong>Ego</strong></span> <span class='ocrx_word' id='word_1_353' title='bbox 221 2332 284 2373; x_wconf 85' lang='lat' dir='ltr'><strong>vero</strong></span> <span class='ocrx_word' id='word_1_354' title='bbox 300 2326 329 2372; x_wconf 90' lang='lat' dir='ltr'><strong>nt</strong></span> <span class='ocrx_word' id='word_1_355' title='bbox 342 2315 455 2374; x_wconf 90' lang='lat' dir='ltr'><strong>interior</strong></span> <span class='ocrx_word' id='word_1_356' title='bbox 468 2317 562 2374; x_wconf 87' lang='lat' dir='ltr'><strong>oculus</strong></span> <span class='ocrx_word' id='word_1_357' title='bbox 588 2331 652 2372; x_wconf 87' lang='lat' dir='ltr'><strong>vere</strong></span> <span class='ocrx_word' id='word_1_358' title='bbox 669 2316 784 2386; x_wconf 85' lang='lat' dir='ltr'><strong>simplex</strong></span> <span class='ocrx_word' id='word_1_359' title='bbox 798 2316 843 2383; x_wconf 90' lang='lat' dir='ltr'><strong>sit,</strong></span> <span class='ocrx_word' id='word_1_360' title='bbox 898 2322 997 2396; x_wconf 72' lang='lat' dir='ltr'><strong>diligit,</strong></span> <span class='ocrx_word' id='word_1_361' title='bbox 1021 2323 1103 2396; x_wconf 75' lang='lat' dir='ltr'><strong>agit:</strong></span> <span class='ocrx_word' id='word_1_362' title='bbox 1127 2321 1171 2378; x_wconf 88' lang='lat' dir='ltr'><strong>cui</strong></span> <span class='ocrx_word' id='word_1_363' title='bbox 1189 2321 1311 2392; x_wconf 85' lang='lat' dir='ltr'><strong>proiecto</strong></span> <span class='ocrx_word' id='word_1_364' title='bbox 1331 2333 1385 2376; x_wconf 92' lang='lat' dir='ltr'><strong>nou</strong></span> <span class='ocrx_word' id='word_1_365' title='bbox 1408 2320 1558 2391; x_wconf 71' lang='lat' dir='ltr'><strong>incongrue</strong></span> <span class='ocrx_word' id='word_1_366' title='bbox 1571 2319 1598 2375; x_wconf 90' lang='lat' dir='ltr'><strong>id</strong></span> <span class='ocrx_word' id='word_1_367' title='bbox 1618 2322 1690 2392; x_wconf 88' lang='lat' dir='ltr'><strong>quod</strong></span> 
     </span>
     <span class='ocr_line' id='line_1_26' title="bbox 12 2404 1690 2489; baseline 0 -27"><span class='ocrx_word' id='word_1_368' title='bbox 12 2450 33 2489; x_wconf 28' lang='grc' dir='ltr'><strong>ὃ.</strong></span> <span class='ocrx_word' id='word_1_369' title='bbox 43 2407 100 2463; x_wconf 91' lang='lat' dir='ltr'><strong>duo</strong></span> <span class='ocrx_word' id='word_1_370' title='bbox 121 2406 160 2463; x_wconf 92' lang='lat' dir='ltr'><strong>illi</strong></span> <span class='ocrx_word' id='word_1_371' title='bbox 187 2422 246 2464; x_wconf 90' lang='grc' dir='ltr'>ιιιι</span> <span class='ocrx_word' id='word_1_372' title='bbox 259 2407 377 2462; x_wconf 90' lang='lat' dir='ltr'><strong>arbitror</strong></span> <span class='ocrx_word' id='word_1_373' title='bbox 393 2405 555 2472; x_wconf 89' lang='lat' dir='ltr'><strong>necessaria,</strong></span> <span class='ocrx_word' id='word_1_374' title='bbox 571 2404 732 2462; x_wconf 86' lang='lat' dir='ltr'><strong>chsritstem</strong></span> <span class='ocrx_word' id='word_1_375' title='bbox 747 2405 774 2461; x_wconf 90' lang='lat' dir='ltr'><strong>in</strong></span> <span class='ocrx_word' id='word_1_376' title='bbox 799 2404 844 2461; x_wconf 92' lang='lat' dir='ltr'><strong>in·</strong></span> <span class='ocrx_word' id='word_1_377' title='bbox 898 2411 1116 2482; x_wconf 82' lang='lat' dir='ltr'><strong>diciturneqrram</strong></span> <span class='ocrx_word' id='word_1_378' title='bbox 1132 2407 1340 2482; x_wconf 74' lang='lat' dir='ltr'><strong>assignaverim,</strong></span> <span class='ocrx_word' id='word_1_379' title='bbox 1357 2422 1390 2463; x_wconf 91' lang='grc' dir='ltr'><strong>ιι</strong></span> <span class='ocrx_word' id='word_1_380' title='bbox 1404 2407 1477 2477; x_wconf 87' lang='lat' dir='ltr'><strong>quod</strong></span> <span class='ocrx_word' id='word_1_381' title='bbox 1487 2414 1584 2463; x_wconf 91' lang='lat' dir='ltr'><strong>neutro</strong></span> <span class='ocrx_word' id='word_1_382' title='bbox 1599 2414 1690 2463; x_wconf 88' lang='lat' dir='ltr'><strong>careat</strong></span> 
     </span>
     <span class='ocr_line' id='line_1_27' title="bbox 11 2492 1692 2565; baseline 0.001 -17"><span class='ocrx_word' id='word_1_383' title='bbox 11 2542 30 2561; x_wconf 64' lang='grc'><strong>,.</strong></span> <span class='ocrx_word' id='word_1_384' title='bbox 50 2495 180 2565; x_wconf 83' lang='lat' dir='ltr'><strong>tentione,</strong></span> <span class='ocrx_word' id='word_1_385' title='bbox 195 2500 222 2550; x_wconf 92' lang='lat' dir='ltr'><strong>et</strong></span> <span class='ocrx_word' id='word_1_386' title='bbox 236 2496 262 2549; x_wconf 93' lang='lat' dir='ltr'><strong>in</strong></span> <span class='ocrx_word' id='word_1_387' title='bbox 285 2493 416 2551; x_wconf 86' lang='lat' dir='ltr'><strong>electione</strong></span> <span class='ocrx_word' id='word_1_388' title='bbox 434 2493 587 2552; x_wconf 78' lang='lat' dir='ltr'><strong>ueritatem.</strong></span> <span class='ocrx_word' id='word_1_389' title='bbox 604 2492 673 2548; x_wconf 84' lang='lat' dir='ltr'><strong>Nam</strong></span> <span class='ocrx_word' id='word_1_390' title='bbox 693 2493 716 2547; x_wconf 90' lang='lat' dir='ltr'><strong>si</strong></span> <span class='ocrx_word' id='word_1_391' title='bbox 744 2492 844 2548; x_wconf 90' lang='lat' dir='ltr'><strong>bonum</strong></span> <span class='ocrx_word' id='word_1_392' title='bbox 899 2499 980 2562; x_wconf 66' lang='lat' dir='ltr'><strong>mato,</strong></span> <span class='ocrx_word' id='word_1_393' title='bbox 1005 2514 1053 2554; x_wconf 79' lang='lat' dir='ltr'><strong>nee</strong></span> <span class='ocrx_word' id='word_1_394' title='bbox 1071 2498 1193 2554; x_wconf 75' lang='lat' dir='ltr'><strong>eaeeitate</strong></span> <span class='ocrx_word' id='word_1_395' title='bbox 1208 2495 1324 2561; x_wconf 86' lang='lat' dir='ltr'><strong>seilicet,</strong></span> <span class='ocrx_word' id='word_1_396' title='bbox 1344 2510 1395 2551; x_wconf 91' lang='lat' dir='ltr'><strong>nec</strong></span> <span class='ocrx_word' id='word_1_397' title='bbox 1414 2496 1602 2564; x_wconf 80' lang='lat' dir='ltr'><strong>perversitate.</strong></span> <span class='ocrx_word' id='word_1_398' title='bbox 1618 2496 1692 2551; x_wconf 86' lang='lat' dir='ltr'><strong>Dici·</strong></span> 
     </span>
     <span class='ocr_line' id='line_1_28' title="bbox 17 2579 1693 2658; baseline -0.002 -19"><span class='ocrx_word' id='word_1_399' title='bbox 17 2629 32 2653; x_wconf 20' lang='lat' dir='ltr'><strong>,a</strong></span> <span class='ocrx_word' id='word_1_400' title='bbox 44 2582 156 2655; x_wconf 91' lang='lat' dir='ltr'><strong>quidem</strong></span> <span class='ocrx_word' id='word_1_401' title='bbox 170 2581 274 2656; x_wconf 71' lang='lat' dir='ltr'><strong>diligat.</strong></span> <span class='ocrx_word' id='word_1_402' title='bbox 296 2583 345 2637; x_wconf 90' lang='lat' dir='ltr'><strong>sed</strong></span> <span class='ocrx_word' id='word_1_403' title='bbox 370 2596 463 2636; x_wconf 87' lang='lat' dir='ltr'><strong>serum</strong></span> <span class='ocrx_word' id='word_1_404' title='bbox 478 2595 531 2636; x_wconf 91' lang='lat' dir='ltr'><strong>non</strong></span> <span class='ocrx_word' id='word_1_405' title='bbox 548 2579 647 2652; x_wconf 79' lang='lat' dir='ltr'><strong>eliqat3</strong></span> <span class='ocrx_word' id='word_1_406' title='bbox 677 2579 759 2635; x_wconf 84' lang='lat' dir='ltr'><strong>habat</strong></span> <span class='ocrx_word' id='word_1_407' title='bbox 785 2580 846 2651; x_wconf 92' lang='lat' dir='ltr'><strong>qui·</strong></span> <span class='ocrx_word' id='word_1_408' title='bbox 900 2595 945 2642; x_wconf 84' lang='lat' dir='ltr'><strong>rur</strong></span> <span class='ocrx_word' id='word_1_409' title='bbox 959 2586 1091 2657; x_wconf 78' lang='lat' dir='ltr'><strong>siquidem</strong></span> <span class='ocrx_word' id='word_1_410' title='bbox 1112 2600 1239 2658; x_wconf 69' lang='lat' dir='ltr'><strong>nequam,</strong></span> <span class='ocrx_word' id='word_1_411' title='bbox 1261 2585 1338 2655; x_wconf 83' lang='lat' dir='ltr'><strong>quasi</strong></span> <span class='ocrx_word' id='word_1_412' title='bbox 1352 2599 1531 2655; x_wconf 85' lang='lat' dir='ltr'><strong>nequaquem,</strong></span> <span class='ocrx_word' id='word_1_413' title='bbox 1553 2582 1629 2640; x_wconf 84' lang='lat' dir='ltr'><strong>utils</strong></span> <span class='ocrx_word' id='word_1_414' title='bbox 1643 2599 1693 2640; x_wconf 86' lang='lat' dir='ltr'><strong>so-</strong></span> 
     </span>
     <span class='ocr_line' id='line_1_29' title="bbox 10 2666 1693 2746; baseline 0.001 -19"><span class='ocrx_word' id='word_1_415' title='bbox 10 2712 18 2737; x_wconf 70' lang='lat'><strong>,</strong></span> <span class='ocrx_word' id='word_1_416' title='bbox 45 2675 109 2727; x_wconf 84' lang='lat' dir='ltr'><strong>rlem</strong></span> <span class='ocrx_word' id='word_1_417' title='bbox 125 2670 214 2727; x_wconf 85' lang='lat' dir='ltr'><strong>zelum</strong></span> <span class='ocrx_word' id='word_1_418' title='bbox 230 2669 288 2739; x_wconf 78' lang='lat' dir='ltr'><strong>liei,</strong></span> <span class='ocrx_word' id='word_1_419' title='bbox 304 2668 353 2725; x_wconf 92' lang='lat' dir='ltr'><strong>sed</strong></span> <span class='ocrx_word' id='word_1_420' title='bbox 377 2683 432 2724; x_wconf 92' lang='lat' dir='ltr'><strong>non</strong></span> <span class='ocrx_word' id='word_1_421' title='bbox 452 2667 604 2724; x_wconf 86' lang='lat' dir='ltr'><strong>secundnm</strong></span> <span class='ocrx_word' id='word_1_422' title='bbox 625 2666 789 2725; x_wconf 88' lang='lat' dir='ltr'><strong>scientiam:</strong></span> <span class='ocrx_word' id='word_1_423' title='bbox 820 2676 847 2725; x_wconf 91' lang='lat' dir='ltr'><strong>et</strong></span> <span class='ocrx_word' id='word_1_424' title='bbox 898 2674 1035 2732; x_wconf 89' lang='lat' dir='ltr'><strong>lummodo</strong></span> <span class='ocrx_word' id='word_1_425' title='bbox 1054 2689 1168 2746; x_wconf 88' lang='lat' dir='ltr'><strong>nequam</strong></span> <span class='ocrx_word' id='word_1_426' title='bbox 1191 2673 1351 2746; x_wconf 88' lang='lat' dir='ltr'><strong>appelletur,</strong></span> <span class='ocrx_word' id='word_1_427' title='bbox 1368 2672 1416 2745; x_wconf 89' lang='lat' dir='ltr'><strong>qui</strong></span> <span class='ocrx_word' id='word_1_428' title='bbox 1439 2686 1622 2744; x_wconf 87' lang='lat' dir='ltr'><strong>nequaquam,</strong></span> <span class='ocrx_word' id='word_1_429' title='bbox 1642 2672 1693 2728; x_wconf 90' lang='lat' dir='ltr'><strong>hoc</strong></span> 
     </span>
     <span class='ocr_line' id='line_1_30' title="bbox 10 2739 1694 2847; baseline -0.009 -16"><span class='ocrx_word' id='word_1_430' title='bbox 10 2742 26 2847; x_wconf 30' lang='lat'><strong>1¹,-</strong></span> <span class='ocrx_word' id='word_1_431' title='bbox 46 2758 141 2816; x_wconf 70' lang='lat' dir='ltr'><strong>⁰0⁸⁶i⁰</strong></span> <span class='ocrx_word' id='word_1_432' title='bbox 162 2757 392 2831; x_wconf 60' lang='lat' dir='ltr'><strong>quemidmdllffi</strong></span> <span class='ocrx_word' id='word_1_433' title='bbox 410 2748 514 2826; x_wconf 83' lang='lat' dir='ltr'><strong>judicio</strong></span> <span class='ocrx_word' id='word_1_434' title='bbox 542 2754 670 2811; x_wconf 56' lang='lat' dir='ltr'><strong>velitati-⁴</strong></span> <span class='ocrx_word' id='word_1_435' title='bbox 693 2771 759 2813; x_wconf 64' lang='lat' dir='ltr'><strong>lert</strong></span> <span class='ocrx_word' id='word_1_436' title='bbox 784 2771 845 2814; x_wconf 67' lang='lat'><strong>0⁸⁸⁶</strong></span> <span class='ocrx_word' id='word_1_437' title='bbox 862 2739 949 2833; x_wconf 63' lang='lat' dir='ltr'><strong>esst,</strong></span> <span class='ocrx_word' id='word_1_438' title='bbox 965 2763 993 2818; x_wconf 88' lang='lat' dir='ltr'><strong>in</strong></span> <span class='ocrx_word' id='word_1_439' title='bbox 1016 2762 1089 2819; x_wconf 92' lang='lat' dir='ltr'><strong>nullo</strong></span> <span class='ocrx_word' id='word_1_440' title='bbox 1112 2765 1220 2836; x_wconf 89' lang='lat' dir='ltr'><strong>penitus</strong></span> <span class='ocrx_word' id='word_1_441' title='bbox 1235 2770 1363 2835; x_wconf 84' lang='lat' dir='ltr'><strong>appareat</strong></span> <span class='ocrx_word' id='word_1_442' title='bbox 1382 2761 1485 2832; x_wconf 85' lang='lat' dir='ltr'><strong>bonus;</strong></span> <span class='ocrx_word' id='word_1_443' title='bbox 1504 2759 1552 2815; x_wconf 90' lang='lat' dir='ltr'><strong>sed</strong></span> <span class='ocrx_word' id='word_1_444' title='bbox 1568 2762 1604 2816; x_wconf 90' lang='lat' dir='ltr'><strong>sit</strong></span> <span class='ocrx_word' id='word_1_445' title='bbox 1618 2769 1694 2816; x_wconf 92' lang='lat' dir='ltr'><strong>ntro·</strong></span> 
     </span>
     <span class='ocr_line' id='line_1_31' title="bbox 10 2843 1691 2927; baseline 0.001 -24"><span class='ocrx_word' id='word_1_446' title='bbox 10 2905 21 2918; x_wconf 64' lang='lat'><strong>„</strong></span> <span class='ocrx_word' id='word_1_447' title='bbox 45 2848 130 2918; x_wconf 74' lang='lat' dir='ltr'><strong>pressit</strong></span> <span class='ocrx_word' id='word_1_448' title='bbox 144 2863 206 2903; x_wconf 91' lang='lat' dir='ltr'><strong>cum</strong></span> <span class='ocrx_word' id='word_1_449' title='bbox 231 2845 346 2902; x_wconf 87' lang='lat' dir='ltr'><strong>ialsitste</strong></span> <span class='ocrx_word' id='word_1_450' title='bbox 360 2843 528 2915; x_wconf 83' lang='lat' dir='ltr'><strong>simplicitas.</strong></span> <span class='ocrx_word' id='word_1_451' title='bbox 545 2843 646 2900; x_wconf 74' lang='lat' dir='ltr'><strong>volens</strong></span> <span class='ocrx_word' id='word_1_452' title='bbox 669 2844 785 2916; x_wconf 89' lang='lat' dir='ltr'><strong>denique</strong></span> <span class='ocrx_word' id='word_1_453' title='bbox 811 2844 845 2902; x_wconf 84' lang='lat' dir='ltr'><strong>ed</strong></span> <span class='ocrx_word' id='word_1_454' title='bbox 899 2869 953 2927; x_wconf 90' lang='lat' dir='ltr'><strong>que</strong></span> <span class='ocrx_word' id='word_1_455' title='bbox 970 2853 1042 2910; x_wconf 86' lang='lat' dir='ltr'><strong>bono</strong></span> <span class='ocrx_word' id='word_1_456' title='bbox 1057 2867 1167 2919; x_wconf 75' lang='lat' dir='ltr'><strong>mcuus,</strong></span> <span class='ocrx_word' id='word_1_457' title='bbox 1192 2858 1245 2907; x_wconf 90' lang='lat' dir='ltr'><strong>tam</strong></span> <span class='ocrx_word' id='word_1_458' title='bbox 1266 2849 1392 2908; x_wconf 86' lang='lat' dir='ltr'><strong>videlicet</strong></span> <span class='ocrx_word' id='word_1_459' title='bbox 1406 2848 1468 2906; x_wconf 83' lang='lat' dir='ltr'><strong>reri</strong></span> <span class='ocrx_word' id='word_1_460' title='bbox 1488 2848 1595 2913; x_wconf 86' lang='lat' dir='ltr'><strong>notitia,</strong></span> <span class='ocrx_word' id='word_1_461' title='bbox 1612 2865 1691 2922; x_wconf 90' lang='lat' dir='ltr'><strong>qnam</strong></span> 
     </span>
     <span class='ocr_line' id='line_1_32' title="bbox 24 2931 1692 3008; baseline 0.001 -20"><span class='ocrx_word' id='word_1_462' title='bbox 24 2952 135 3005; x_wconf 17' lang='lat' dir='ltr'><strong>*reram</strong></span> <span class='ocrx_word' id='word_1_463' title='bbox 163 2934 312 3004; x_wconf 88' lang='lat' dir='ltr'><strong>discipulos</strong></span> <span class='ocrx_word' id='word_1_464' title='bbox 338 2933 469 2990; x_wconf 89' lang='lat' dir='ltr'><strong>instruere</strong></span> <span class='ocrx_word' id='word_1_465' title='bbox 494 2931 690 3003; x_wconf 90' lang='lat' dir='ltr'><strong>simplicitatem</strong></span> <span class='ocrx_word' id='word_1_466' title='bbox 715 2933 846 3006; x_wconf 75' lang='lat' dir='ltr'><strong>magistra</strong></span> <span class='ocrx_word' id='word_1_467' title='bbox 899 2948 926 2997; x_wconf 72' lang='lat' dir='ltr'><strong>et</strong></span> <span class='ocrx_word' id='word_1_468' title='bbox 943 2939 1139 2997; x_wconf 78' lang='lat' dir='ltr'><strong>benevolentia.</strong></span> <span class='ocrx_word' id='word_1_469' title='bbox 1164 2938 1242 2993; x_wconf 79' lang='lat' dir='ltr'><strong>Alius</strong></span> <span class='ocrx_word' id='word_1_470' title='bbox 1265 2947 1307 2993; x_wconf 86' lang='lat' dir='ltr'><strong>est</strong></span> <span class='ocrx_word' id='word_1_471' title='bbox 1326 2939 1416 3008; x_wconf 84' lang='lat' dir='ltr'><strong>itaque</strong></span> <span class='ocrx_word' id='word_1_472' title='bbox 1438 2935 1501 3008; x_wconf 86' lang='lat' dir='ltr'><strong>pius</strong></span> <span class='ocrx_word' id='word_1_473' title='bbox 1519 2935 1624 3006; x_wconf 88' lang='lat' dir='ltr'><strong>oculus,</strong></span> <span class='ocrx_word' id='word_1_474' title='bbox 1639 2952 1692 2993; x_wconf 91' lang='lat' dir='ltr'><strong>non</strong></span> 
     </span>
     <span class='ocr_line' id='line_1_33' title="bbox 10 3021 1691 3102; baseline -0.001 -20"><span class='ocrx_word' id='word_1_475' title='bbox 10 3082 19 3095; x_wconf 77' lang='lat'>‚</span> <span class='ocrx_word' id='word_1_476' title='bbox 45 3024 162 3090; x_wconf 82' lang='lat' dir='ltr'><strong>Veritas,</strong></span> <span class='ocrx_word' id='word_1_477' title='bbox 173 3025 278 3088; x_wconf 77' lang='lat' dir='ltr'><strong>Estote,</strong></span> <span class='ocrx_word' id='word_1_478' title='bbox 293 3022 553 3095; x_wconf 74' lang='lat' dir='ltr'><strong>inquitpruderrtes</strong></span> <span class='ocrx_word' id='word_1_479' title='bbox 562 3022 638 3079; x_wconf 81' lang='lat' dir='ltr'><strong>sicot</strong></span> <span class='ocrx_word' id='word_1_480' title='bbox 646 3025 800 3095; x_wconf 79' lang='lat' dir='ltr'><strong>serpentes,</strong></span> <span class='ocrx_word' id='word_1_481' title='bbox 816 3027 846 3078; x_wconf 88' lang='lat' dir='ltr'><strong>et</strong></span> <span class='ocrx_word' id='word_1_482' title='bbox 897 3029 1007 3102; x_wconf 86' lang='lat' dir='ltr'><strong>quidem</strong></span> <span class='ocrx_word' id='word_1_483' title='bbox 1020 3026 1115 3084; x_wconf 87' lang='lat' dir='ltr'><strong>fallere</strong></span> <span class='ocrx_word' id='word_1_484' title='bbox 1129 3036 1279 3098; x_wconf 86' lang='lat' dir='ltr'><strong>promptus,</strong></span> <span class='ocrx_word' id='word_1_485' title='bbox 1296 3025 1343 3080; x_wconf 92' lang='lat' dir='ltr'><strong>sed</strong></span> <span class='ocrx_word' id='word_1_486' title='bbox 1358 3033 1459 3089; x_wconf 81' lang='lat' dir='ltr'><strong>tamen,</strong></span> <span class='ocrx_word' id='word_1_487' title='bbox 1475 3031 1506 3078; x_wconf 90' lang='lat' dir='ltr'><strong>ut</strong></span> <span class='ocrx_word' id='word_1_488' title='bbox 1520 3021 1621 3078; x_wconf 90' lang='lat' dir='ltr'><strong>dictum</strong></span> <span class='ocrx_word' id='word_1_489' title='bbox 1641 3034 1691 3092; x_wconf 87' lang='lat' dir='ltr'><strong>est,</strong></span> 
     </span>
     <span class='ocr_line' id='line_1_34' title="bbox 14 3109 1691 3191; baseline -0.002 -21"><span class='ocrx_word' id='word_1_490' title='bbox 14 3166 25 3191; x_wconf 51' lang='lat'><strong>,—</strong></span> <span class='ocrx_word' id='word_1_491' title='bbox 45 3114 187 3186; x_wconf 82' lang='lat' dir='ltr'><strong>simplices</strong></span> <span class='ocrx_word' id='word_1_492' title='bbox 196 3109 628 3182; x_wconf 68' lang='grc' dir='ltr'>ιιιιιιιιιιιπιὸι(ιιαιιιι.ι,16).</span> <span class='ocrx_word' id='word_1_493' title='bbox 641 3109 845 3183; x_wconf 74' lang='lat' dir='ltr'><strong>Praemiaitergo</strong></span> <span class='ocrx_word' id='word_1_494' title='bbox 898 3115 955 3173; x_wconf 84' lang='lat' dir='ltr'><strong>latii</strong></span> <span class='ocrx_word' id='word_1_495' title='bbox 969 3130 1073 3188; x_wconf 85' lang='lat' dir='ltr'><strong>pronus</strong></span> <span class='ocrx_word' id='word_1_496' title='bbox 1095 3113 1128 3169; x_wconf 90' lang='lat' dir='ltr'><strong>de</strong></span> <span class='ocrx_word' id='word_1_497' title='bbox 1149 3128 1205 3185; x_wconf 92' lang='lat' dir='ltr'><strong>qno</strong></span> <span class='ocrx_word' id='word_1_498' title='bbox 1235 3114 1393 3184; x_wconf 86' lang='lat' dir='ltr'><strong>propheta:</strong></span> <span class='ocrx_word' id='word_1_499' title='bbox 1414 3111 1566 3186; x_wconf 77' lang='lat' dir='ltr'><strong>liplrreim,</strong></span> <span class='ocrx_word' id='word_1_500' title='bbox 1593 3111 1691 3181; x_wconf 86' lang='lat' dir='ltr'><strong>iuquit,</strong></span> 
     </span>
     <span class='ocr_line' id='line_1_35' title="bbox 10 3196 1691 3279; baseline -0.002 -24"><span class='ocrx_word' id='word_1_501' title='bbox 10 3249 17 3277; x_wconf 34' lang='grc'><strong>,1</strong></span> <span class='ocrx_word' id='word_1_502' title='bbox 47 3201 226 3269; x_wconf 69' lang='lat' dir='ltr'><strong>praemium,</strong></span> <span class='ocrx_word' id='word_1_503' title='bbox 255 3199 314 3256; x_wconf 84' lang='lat' dir='ltr'><strong>siue</strong></span> <span class='ocrx_word' id='word_1_504' title='bbox 341 3215 395 3272; x_wconf 83' lang='lat' dir='ltr'><strong>qun</strong></span> <span class='ocrx_word' id='word_1_505' title='bbox 423 3198 563 3255; x_wconf 80' lang='lat' dir='ltr'><strong>neminem</strong></span> <span class='ocrx_word' id='word_1_506' title='bbox 590 3196 740 3254; x_wconf 46' lang='lat' dir='ltr'><strong>totitem</strong></span> <span class='ocrx_word' id='word_1_507' title='bbox 765 3213 847 3269; x_wconf 61' lang='lat' dir='ltr'><strong>poseo</strong></span> <span class='ocrx_word' id='word_1_508' title='bbox 898 3201 1691 3279; x_wconf 78' lang='lat' dir='ltr'><strong>quosicolumdesedectc,rrorrtodertseor(0se,vrr.lt).</strong></span> 
     </span>
     <span class='ocr_line' id='line_1_36' title="bbox 10 3285 1693 3363; baseline -0.001 -19"><span class='ocrx_word' id='word_1_509' title='bbox 10 3346 13 3353; x_wconf 69' lang='grc'>,</span> <span class='ocrx_word' id='word_1_510' title='bbox 45 3287 196 3361; x_wconf 87' lang='lat' dir='ltr'><strong>simplicem</strong></span> <span class='ocrx_word' id='word_1_511' title='bbox 220 3287 311 3344; x_wconf 89' lang='lat' dir='ltr'><strong>sciret.</strong></span> <span class='ocrx_word' id='word_1_512' title='bbox 328 3286 472 3357; x_wconf 91' lang='lat' dir='ltr'><strong>Quomodo</strong></span> <span class='ocrx_word' id='word_1_513' title='bbox 494 3286 612 3357; x_wconf 88' lang='lat' dir='ltr'><strong>denique</strong></span> <span class='ocrx_word' id='word_1_514' title='bbox 635 3301 702 3342; x_wconf 84' lang='lat' dir='ltr'><strong>vere</strong></span> <span class='ocrx_word' id='word_1_515' title='bbox 727 3285 845 3358; x_wconf 83' lang='lat' dir='ltr'><strong>simplex</strong></span> <span class='ocrx_word' id='word_1_516' title='bbox 898 3292 974 3347; x_wconf 76' lang='lat' dir='ltr'><strong>Alius</strong></span> <span class='ocrx_word' id='word_1_517' title='bbox 986 3292 1011 3348; x_wconf 93' lang='lat' dir='ltr'><strong>is</strong></span> <span class='ocrx_word' id='word_1_518' title='bbox 1025 3305 1107 3363; x_wconf 90' lang='lat' dir='ltr'><strong>quem</strong></span> <span class='ocrx_word' id='word_1_519' title='bbox 1121 3289 1254 3347; x_wconf 90' lang='lat' dir='ltr'><strong>Dominus</strong></span> <span class='ocrx_word' id='word_1_520' title='bbox 1266 3288 1414 3361; x_wconf 88' lang='lat' dir='ltr'><strong>simplicem</strong></span> <span class='ocrx_word' id='word_1_521' title='bbox 1426 3287 1501 3359; x_wconf 85' lang='lat' dir='ltr'><strong>dicit,</strong></span> <span class='ocrx_word' id='word_1_522' title='bbox 1519 3296 1574 3343; x_wconf 85' lang='lat' dir='ltr'><strong>tam</strong></span> <span class='ocrx_word' id='word_1_523' title='bbox 1585 3285 1693 3343; x_wconf 83' lang='lat' dir='ltr'><strong>necfal-</strong></span> 
     </span>
     <span class='ocr_line' id='line_1_37' title="bbox 18 3375 1693 3450; baseline -0.001 -18"><span class='ocrx_word' id='word_1_524' title='bbox 18 3442 19 3447; x_wconf 8' lang='grc' dir='ltr'>η</span> <span class='ocrx_word' id='word_1_525' title='bbox 46 3375 99 3432; x_wconf 91' lang='lat' dir='ltr'><strong>crit</strong></span> <span class='ocrx_word' id='word_1_526' title='bbox 113 3377 211 3433; x_wconf 89' lang='lat' dir='ltr'><strong>oculus</strong></span> <span class='ocrx_word' id='word_1_527' title='bbox 224 3393 287 3433; x_wconf 89' lang='lat' dir='ltr'><strong>curn</strong></span> <span class='ocrx_word' id='word_1_528' title='bbox 307 3377 458 3446; x_wconf 74' lang='lat' dir='ltr'><strong>ignorantia</strong></span> <span class='ocrx_word' id='word_1_529' title='bbox 480 3376 618 3432; x_wconf 77' lang='lat' dir='ltr'><strong>veritatis?</strong></span> <span class='ocrx_word' id='word_1_530' title='bbox 641 3385 688 3433; x_wconf 92' lang='lat' dir='ltr'><strong>aut</strong></span> <span class='ocrx_word' id='word_1_531' title='bbox 701 3391 766 3433; x_wconf 85' lang='lat' dir='ltr'><strong>uero</strong></span> <span class='ocrx_word' id='word_1_532' title='bbox 780 3392 845 3435; x_wconf 83' lang='lat' dir='ltr'><strong>rere</strong></span> <span class='ocrx_word' id='word_1_533' title='bbox 898 3379 954 3437; x_wconf 92' lang='lat' dir='ltr'><strong>lere</strong></span> <span class='ocrx_word' id='word_1_534' title='bbox 968 3378 1063 3449; x_wconf 85' lang='lat' dir='ltr'><strong>iecilis,</strong></span> <span class='ocrx_word' id='word_1_535' title='bbox 1077 3394 1157 3450; x_wconf 81' lang='lat' dir='ltr'><strong>quant</strong></span> <span class='ocrx_word' id='word_1_536' title='bbox 1176 3393 1226 3435; x_wconf 89' lang='lat' dir='ltr'><strong>nec</strong></span> <span class='ocrx_word' id='word_1_537' title='bbox 1239 3375 1306 3443; x_wconf 89' lang='lat' dir='ltr'><strong>lalli,</strong></span> <span class='ocrx_word' id='word_1_538' title='bbox 1325 3376 1361 3432; x_wconf 91' lang='lat' dir='ltr'><strong>de</strong></span> <span class='ocrx_word' id='word_1_539' title='bbox 1375 3392 1431 3449; x_wconf 91' lang='lat' dir='ltr'><strong>quo</strong></span> <span class='ocrx_word' id='word_1_540' title='bbox 1445 3387 1472 3433; x_wconf 87' lang='lat' dir='ltr'><strong>et</strong></span> <span class='ocrx_word' id='word_1_541' title='bbox 1495 3377 1620 3448; x_wconf 74' lang='lat' dir='ltr'><strong>Apostoli</strong></span> <span class='ocrx_word' id='word_1_542' title='bbox 1637 3375 1693 3431; x_wconf 91' lang='lat' dir='ltr'><strong>dc·</strong></span> 
     </span>
     <span class='ocr_line' id='line_1_38' title="bbox 45 3463 1694 3539; baseline 0.001 -19"><span class='ocrx_word' id='word_1_543' title='bbox 45 3474 135 3536; x_wconf 88' lang='lat' dir='ltr'><strong>potest</strong></span> <span class='ocrx_word' id='word_1_544' title='bbox 148 3464 203 3520; x_wconf 93' lang='lat' dir='ltr'><strong>dici</strong></span> <span class='ocrx_word' id='word_1_545' title='bbox 216 3464 385 3535; x_wconf 87' lang='lat' dir='ltr'><strong>simplicitas,</strong></span> <span class='ocrx_word' id='word_1_546' title='bbox 400 3480 483 3538; x_wconf 87' lang='lat' dir='ltr'><strong>qnam</strong></span> <span class='ocrx_word' id='word_1_547' title='bbox 501 3463 616 3537; x_wconf 85' lang='lat' dir='ltr'><strong>simplex</strong></span> <span class='ocrx_word' id='word_1_548' title='bbox 643 3463 751 3536; x_wconf 73' lang='lat' dir='ltr'><strong>ignoret</strong></span> <span class='ocrx_word' id='word_1_549' title='bbox 772 3466 845 3522; x_wconf 85' lang='lat' dir='ltr'><strong>reri·</strong></span> <span class='ocrx_word' id='word_1_550' title='bbox 898 3478 993 3524; x_wconf 89' lang='lat' dir='ltr'><strong>centur</strong></span> <span class='ocrx_word' id='word_1_551' title='bbox 1005 3483 1068 3525; x_wconf 89' lang='lat' dir='ltr'><strong>cum</strong></span> <span class='ocrx_word' id='word_1_552' title='bbox 1084 3467 1125 3523; x_wconf 91' lang='lat' dir='ltr'><strong>eis</strong></span> <span class='ocrx_word' id='word_1_553' title='bbox 1139 3465 1256 3524; x_wconf 88' lang='lat' dir='ltr'><strong>dicitur:</strong></span> <span class='ocrx_word' id='word_1_554' title='bbox 1277 3468 1371 3523; x_wconf 82' lang='lat' dir='ltr'><strong>Estote</strong></span> <span class='ocrx_word' id='word_1_555' title='bbox 1378 3465 1532 3539; x_wconf 80' lang='lat' dir='ltr'><strong>prudentes</strong></span> <span class='ocrx_word' id='word_1_556' title='bbox 1546 3467 1621 3523; x_wconf 86' lang='lat' dir='ltr'><strong>sicut</strong></span> <span class='ocrx_word' id='word_1_557' title='bbox 1633 3481 1694 3522; x_wconf 85' lang='lat' dir='ltr'><strong>ser·</strong></span> 
     </span>
     <span class='ocr_line' id='line_1_39' title="bbox 43 3551 1454 3630; baseline -0.001 -20"><span class='ocrx_word' id='word_1_558' title='bbox 43 3552 108 3610; x_wconf 84' lang='lat' dir='ltr'><strong>tas‘l</strong></span> <span class='ocrx_word' id='word_1_559' title='bbox 122 3552 256 3621; x_wconf 83' lang='lat' dir='ltr'><strong>Scriptum</strong></span> <span class='ocrx_word' id='word_1_560' title='bbox 265 3551 406 3608; x_wconf 89' lang='lat' dir='ltr'><strong>estenim:</strong></span> <span class='ocrx_word' id='word_1_561' title='bbox 423 3553 556 3623; x_wconf 72' lang='lat' dir='ltr'><strong>leocrates</strong></span> <span class='ocrx_word' id='word_1_562' title='bbox 567 3551 769 3624; x_wconf 74' lang='lat' dir='ltr'><strong>ipoorcditurl</strong></span> <span class='ocrx_word' id='word_1_563' title='bbox 783 3555 846 3613; x_wconf 84' lang='lat' dir='ltr'><strong>dor.</strong></span> <span class='ocrx_word' id='word_1_564' title='bbox 896 3561 1006 3630; x_wconf 82' lang='lat' dir='ltr'><strong>pentes,</strong></span> <span class='ocrx_word' id='word_1_565' title='bbox 1021 3559 1050 3610; x_wconf 84' lang='lat' dir='ltr'><strong>ct</strong></span> <span class='ocrx_word' id='word_1_566' title='bbox 1063 3555 1205 3626; x_wconf 81' lang='lat' dir='ltr'><strong>simplices</strong></span> <span class='ocrx_word' id='word_1_567' title='bbox 1215 3556 1292 3610; x_wconf 74' lang='lat' dir='ltr'><strong>reat</strong></span> <span class='ocrx_word' id='word_1_568' title='bbox 1305 3555 1454 3611; x_wconf 79' lang='lat' dir='ltr'><strong>columbe.</strong></span> 
     </span>
     <span class='ocr_line' id='line_1_40' title="bbox 16 3637 1693 3711; baseline -0.004 -11"><span class='ocrx_word' id='word_1_569' title='bbox 16 3695 19 3699; x_wconf 87' lang='lat'>.</span> <span class='ocrx_word' id='word_1_570' title='bbox 44 3659 103 3708; x_wconf 80' lang='lat' dir='ltr'><strong>xrs,</strong></span> <span class='ocrx_word' id='word_1_571' title='bbox 119 3644 178 3711; x_wconf 80' lang='grc'><strong>38).</strong></span> <span class='ocrx_word' id='word_1_572' title='bbox 192 3640 268 3694; x_wconf 85' lang='grc' dir='ltr'>Ριιιι</span> <span class='ocrx_word' id='word_1_573' title='bbox 282 3653 347 3711; x_wconf 75' lang='lat' dir='ltr'><strong>ergo</strong></span> <span class='ocrx_word' id='word_1_574' title='bbox 361 3637 525 3694; x_wconf 83' lang='lat' dir='ltr'><strong>laudabilem</strong></span> <span class='ocrx_word' id='word_1_575' title='bbox 541 3638 615 3695; x_wconf 84' lang='lat' dir='ltr'><strong>illam</strong></span> <span class='ocrx_word' id='word_1_576' title='bbox 638 3649 702 3694; x_wconf 88' lang='grc' dir='ltr'><strong>ιιι</strong></span> <span class='ocrx_word' id='word_1_577' title='bbox 729 3639 846 3698; x_wconf 87' lang='lat' dir='ltr'><strong>Domino</strong></span> <span class='ocrx_word' id='word_1_578' title='bbox 935 3645 980 3697; x_wconf 78' lang='lat' dir='ltr'><strong>to.</strong></span> <span class='ocrx_word' id='word_1_579' title='bbox 995 3642 1028 3696; x_wconf 82' lang='lat' dir='ltr'><strong>Et</strong></span> <span class='ocrx_word' id='word_1_580' title='bbox 1053 3640 1117 3696; x_wconf 90' lang='lat' dir='ltr'><strong>item</strong></span> <span class='ocrx_word' id='word_1_581' title='bbox 1141 3641 1209 3694; x_wconf 88' lang='lat' dir='ltr'><strong>nlius</strong></span> <span class='ocrx_word' id='word_1_582' title='bbox 1229 3647 1270 3695; x_wconf 92' lang='lat' dir='ltr'><strong>est</strong></span> <span class='ocrx_word' id='word_1_583' title='bbox 1292 3640 1385 3695; x_wconf 88' lang='grc' dir='ltr'>οιιιΙιιι</span> <span class='ocrx_word' id='word_1_584' title='bbox 1411 3639 1569 3709; x_wconf 87' lang='lat' dir='ltr'><strong>simpliciter</strong></span> <span class='ocrx_word' id='word_1_585' title='bbox 1595 3640 1693 3707; x_wconf 90' lang='lat' dir='ltr'><strong>malus,</strong></span> 
     </span>
     <span class='ocr_line' id='line_1_41' title="bbox 10 3724 1695 3799; baseline -0.002 -14"><span class='ocrx_word' id='word_1_586' title='bbox 10 3787 12 3791; x_wconf 80' lang='grc'>,</span> <span class='ocrx_word' id='word_1_587' title='bbox 54 3728 182 3786; x_wconf 83' lang='lat' dir='ltr'><strong>endatam</strong></span> <span class='ocrx_word' id='word_1_588' title='bbox 198 3724 397 3798; x_wconf 89' lang='lat' dir='ltr'><strong>simplicitatem</strong></span> <span class='ocrx_word' id='word_1_589' title='bbox 410 3725 513 3794; x_wconf 90' lang='lat' dir='ltr'><strong>absque</strong></span> <span class='ocrx_word' id='word_1_590' title='bbox 527 3725 570 3781; x_wconf 88' lang='lat' dir='ltr'><strong>his</strong></span> <span class='ocrx_word' id='word_1_591' title='bbox 584 3724 693 3782; x_wconf 88' lang='lat' dir='ltr'><strong>dnobus</strong></span> <span class='ocrx_word' id='word_1_592' title='bbox 707 3741 763 3782; x_wconf 92' lang='lat' dir='ltr'><strong>non</strong></span> <span class='ocrx_word' id='word_1_593' title='bbox 786 3743 848 3785; x_wconf 87' lang='lat' dir='ltr'><strong>esse</strong></span> <span class='ocrx_word' id='word_1_594' title='bbox 900 3730 998 3785; x_wconf 63' lang='lat' dir='ltr'><strong>latreus</strong></span> <span class='ocrx_word' id='word_1_595' title='bbox 1012 3727 1105 3798; x_wconf 89' lang='lat' dir='ltr'><strong>ntique</strong></span> <span class='ocrx_word' id='word_1_596' title='bbox 1121 3728 1249 3791; x_wconf 84' lang='lat' dir='ltr'><strong>libenter,</strong></span> <span class='ocrx_word' id='word_1_597' title='bbox 1265 3724 1313 3782; x_wconf 87' lang='lat' dir='ltr'><strong>sed</strong></span> <span class='ocrx_word' id='word_1_598' title='bbox 1334 3741 1388 3782; x_wconf 91' lang='lat' dir='ltr'><strong>non</strong></span> <span class='ocrx_word' id='word_1_599' title='bbox 1404 3725 1481 3782; x_wconf 75' lang='lat' dir='ltr'><strong>facile</strong></span> <span class='ocrx_word' id='word_1_600' title='bbox 1496 3726 1582 3782; x_wconf 81' lang='lat' dir='ltr'><strong>falsus</strong></span> <span class='ocrx_word' id='word_1_601' title='bbox 1599 3743 1607 3785; x_wconf 74' lang='grc' dir='ltr'><strong>ι</strong></span> <span class='ocrx_word' id='word_1_602' title='bbox 1623 3743 1695 3799; x_wconf 92' lang='lat' dir='ltr'><strong>que-</strong></span> 
     </span>
     <span class='ocr_line' id='line_1_42' title="bbox 44 3811 1695 3887; baseline -0.002 -13"><span class='ocrx_word' id='word_1_603' title='bbox 44 3817 136 3887; x_wconf 87' lang='lat' dir='ltr'><strong>bonls‚</strong></span> <span class='ocrx_word' id='word_1_604' title='bbox 152 3813 337 3870; x_wconf 85' lang='lat' dir='ltr'><strong>benevolentia</strong></span> <span class='ocrx_word' id='word_1_605' title='bbox 352 3821 435 3884; x_wconf 90' lang='lat' dir='ltr'><strong>atque</strong></span> <span class='ocrx_word' id='word_1_606' title='bbox 448 3811 617 3884; x_wconf 79' lang='lat' dir='ltr'><strong>prudentia:</strong></span> <span class='ocrx_word' id='word_1_607' title='bbox 637 3819 668 3867; x_wconf 90' lang='lat' dir='ltr'><strong>ut</strong></span> <span class='ocrx_word' id='word_1_608' title='bbox 685 3813 781 3869; x_wconf 90' lang='lat' dir='ltr'><strong>oculus</strong></span> <span class='ocrx_word' id='word_1_609' title='bbox 802 3814 846 3869; x_wconf 82' lang='lat' dir='ltr'><strong>ri·</strong></span> <span class='ocrx_word' id='word_1_610' title='bbox 899 3816 953 3873; x_wconf 90' lang='lat' dir='ltr'><strong>lem</strong></span> <span class='ocrx_word' id='word_1_611' title='bbox 976 3812 1064 3872; x_wconf 66' lang='grc'><strong>516</strong></span> <span class='ocrx_word' id='word_1_612' title='bbox 1082 3813 1201 3886; x_wconf 86' lang='lat' dir='ltr'><strong>proiecto</strong></span> <span class='ocrx_word' id='word_1_613' title='bbox 1222 3815 1322 3868; x_wconf 83' lang='lat' dir='ltr'><strong>hebent</strong></span> <span class='ocrx_word' id='word_1_614' title='bbox 1342 3813 1381 3868; x_wconf 92' lang='lat' dir='ltr'><strong>illi</strong></span> <span class='ocrx_word' id='word_1_615' title='bbox 1408 3813 1455 3885; x_wconf 94' lang='lat' dir='ltr'><strong>qui</strong></span> <span class='ocrx_word' id='word_1_616' title='bbox 1485 3829 1533 3868; x_wconf 91' lang='lat' dir='ltr'><strong>ore</strong></span> <span class='ocrx_word' id='word_1_617' title='bbox 1556 3813 1695 3871; x_wconf 88' lang='lat' dir='ltr'><strong>dominico</strong></span> 
     </span>
     <span class='ocr_line' id='line_1_43' title="bbox 42 3900 1696 3982; baseline -0.002 -20"><span class='ocrx_word' id='word_1_618' title='bbox 42 3905 142 3962; x_wconf 87' lang='lat' dir='ltr'><strong>delicet</strong></span> <span class='ocrx_word' id='word_1_619' title='bbox 156 3902 258 3967; x_wconf 85' lang='lat' dir='ltr'><strong>cordis,</strong></span> <span class='ocrx_word' id='word_1_620' title='bbox 278 3916 334 3957; x_wconf 91' lang='lat' dir='ltr'><strong>nou</strong></span> <span class='ocrx_word' id='word_1_621' title='bbox 349 3901 438 3958; x_wconf 91' lang='lat' dir='ltr'><strong>solnm</strong></span> <span class='ocrx_word' id='word_1_622' title='bbox 458 3900 520 3973; x_wconf 87' lang='lat' dir='ltr'><strong>pius</strong></span> <span class='ocrx_word' id='word_1_623' title='bbox 533 3900 580 3973; x_wconf 91' lang='lat' dir='ltr'><strong>qui</strong></span> <span class='ocrx_word' id='word_1_624' title='bbox 596 3900 688 3957; x_wconf 83' lang='lat' dir='ltr'><strong>tallere</strong></span> <span class='ocrx_word' id='word_1_625' title='bbox 703 3901 781 3968; x_wconf 92' lang='lat' dir='ltr'><strong>nolit,</strong></span> <span class='ocrx_word' id='word_1_626' title='bbox 796 3902 844 3958; x_wconf 88' lang='lat' dir='ltr'><strong>sed</strong></span> <span class='ocrx_word' id='word_1_627' title='bbox 860 3902 1053 3982; x_wconf 77' lang='lat' dir='ltr'><strong>nastruuntur</strong></span> <span class='ocrx_word' id='word_1_628' title='bbox 1081 3902 1266 3973; x_wconf 86' lang='lat' dir='ltr'><strong>prudentiores</strong></span> <span class='ocrx_word' id='word_1_629' title='bbox 1288 3917 1348 3958; x_wconf 89' lang='lat' dir='ltr'><strong>esse</strong></span> <span class='ocrx_word' id='word_1_630' title='bbox 1370 3901 1431 3957; x_wconf 88' lang='lat' dir='ltr'><strong>liliis</strong></span> <span class='ocrx_word' id='word_1_631' title='bbox 1450 3900 1519 3959; x_wconf 88' lang='lat' dir='ltr'><strong>lucis</strong></span> <span class='ocrx_word' id='word_1_632' title='bbox 1538 3902 1564 3956; x_wconf 89' lang='lat' dir='ltr'><strong>iu</strong></span> <span class='ocrx_word' id='word_1_633' title='bbox 1584 3918 1696 3976; x_wconf 79' lang='lat' dir='ltr'><strong>genera·</strong></span> 
     </span>
     <span class='ocr_line' id='line_1_44' title="bbox 44 3988 1695 4064; baseline -0.003 -14"><span class='ocrx_word' id='word_1_634' title='bbox 44 4003 73 4050; x_wconf 91' lang='lat' dir='ltr'><strong>et</strong></span> <span class='ocrx_word' id='word_1_635' title='bbox 87 4000 181 4050; x_wconf 85' lang='lat' dir='ltr'><strong>cautus</strong></span> <span class='ocrx_word' id='word_1_636' title='bbox 191 3991 225 4048; x_wconf 87' lang='lat' dir='ltr'><strong>sit</strong></span> <span class='ocrx_word' id='word_1_637' title='bbox 239 3989 286 4064; x_wconf 88' lang='lat' dir='ltr'><strong>qui</strong></span> <span class='ocrx_word' id='word_1_638' title='bbox 296 3989 350 4046; x_wconf 87' lang='lat' dir='ltr'><strong>talli</strong></span> <span class='ocrx_word' id='word_1_639' title='bbox 361 4005 415 4047; x_wconf 92' lang='lat' dir='ltr'><strong>non</strong></span> <span class='ocrx_word' id='word_1_640' title='bbox 430 3988 526 4063; x_wconf 86' lang='lat' dir='ltr'><strong>possit.</strong></span> <span class='ocrx_word' id='word_1_641' title='bbox 899 3992 972 4050; x_wconf 91' lang='lat' dir='ltr'><strong>tione</strong></span> <span class='ocrx_word' id='word_1_642' title='bbox 989 4007 1046 4046; x_wconf 87' lang='lat' dir='ltr'><strong>sus.</strong></span> <span class='ocrx_word' id='word_1_643' title='bbox 1064 3990 1096 4045; x_wconf 86' lang='lat' dir='ltr'><strong>Et</strong></span> <span class='ocrx_word' id='word_1_644' title='bbox 1118 3990 1188 4046; x_wconf 91' lang='lat' dir='ltr'><strong>alius</strong></span> <span class='ocrx_word' id='word_1_645' title='bbox 1202 4004 1282 4062; x_wconf 88' lang='lat' dir='ltr'><strong>quem</strong></span> <span class='ocrx_word' id='word_1_646' title='bbox 1303 4004 1418 4062; x_wconf 81' lang='lat' dir='ltr'><strong>nequam</strong></span> <span class='ocrx_word' id='word_1_647' title='bbox 1435 4005 1494 4046; x_wconf 89' lang='lat' dir='ltr'><strong>esse</strong></span> <span class='ocrx_word' id='word_1_648' title='bbox 1510 3988 1695 4061; x_wconf 79' lang='lat' dir='ltr'><strong>definivimus,</strong></span> 
     </span>
     <span class='ocr_line' id='line_1_45' title="bbox 82 4076 1696 4152; baseline -0.002 -15"><span class='ocrx_word' id='word_1_649' title='bbox 82 4083 126 4147; x_wconf 81' lang='lat' dir='ltr'><strong>st,</strong></span> <span class='ocrx_word' id='word_1_650' title='bbox 142 4081 273 4137; x_wconf 78' lang='lat' dir='ltr'><strong>Ceterum</strong></span> <span class='ocrx_word' id='word_1_651' title='bbox 289 4079 361 4136; x_wconf 74' lang='lat' dir='ltr'><strong>deut</strong></span> <span class='ocrx_word' id='word_1_652' title='bbox 380 4080 488 4136; x_wconf 90' lang='lat' dir='ltr'><strong>oculum</strong></span> <span class='ocrx_word' id='word_1_653' title='bbox 503 4077 652 4150; x_wconf 90' lang='lat' dir='ltr'><strong>simplicem</strong></span> <span class='ocrx_word' id='word_1_654' title='bbox 667 4076 722 4134; x_wconf 92' lang='lat' dir='ltr'><strong>dno</strong></span> <span class='ocrx_word' id='word_1_655' title='bbox 736 4079 788 4134; x_wconf 89' lang='lat' dir='ltr'><strong>ista</strong></span> <span class='ocrx_word' id='word_1_656' title='bbox 801 4077 844 4134; x_wconf 83' lang='lat' dir='ltr'><strong>ta·</strong></span> <span class='ocrx_word' id='word_1_657' title='bbox 898 4080 962 4152; x_wconf 90' lang='lat' dir='ltr'><strong>quia</strong></span> <span class='ocrx_word' id='word_1_658' title='bbox 975 4080 1010 4136; x_wconf 90' lang='lat' dir='ltr'><strong>sit</strong></span> <span class='ocrx_word' id='word_1_659' title='bbox 1023 4077 1168 4149; x_wconf 89' lang='lat' dir='ltr'><strong>dupliciter</strong></span> <span class='ocrx_word' id='word_1_660' title='bbox 1183 4077 1278 4147; x_wconf 80' lang='lat' dir='ltr'><strong>malus,</strong></span> <span class='ocrx_word' id='word_1_661' title='bbox 1292 4077 1334 4133; x_wconf 90' lang='lat' dir='ltr'><strong>cui</strong></span> <span class='ocrx_word' id='word_1_662' title='bbox 1347 4076 1448 4148; x_wconf 89' lang='lat' dir='ltr'><strong>qnippe</strong></span> <span class='ocrx_word' id='word_1_663' title='bbox 1463 4085 1491 4135; x_wconf 92' lang='lat' dir='ltr'><strong>et</strong></span> <span class='ocrx_word' id='word_1_664' title='bbox 1506 4077 1609 4134; x_wconf 86' lang='lat' dir='ltr'><strong>malitia</strong></span> <span class='ocrx_word' id='word_1_665' title='bbox 1624 4079 1696 4150; x_wconf 88' lang='lat' dir='ltr'><strong>perit</strong></span> 
     </span>
     <span class='ocr_line' id='line_1_46' title="bbox 45 4165 1696 4242; baseline -0.004 -12"><span class='ocrx_word' id='word_1_666' title='bbox 45 4173 120 4230; x_wconf 76' lang='lat' dir='ltr'><strong>dunt</strong></span> <span class='ocrx_word' id='word_1_667' title='bbox 134 4172 216 4236; x_wconf 88' lang='lat' dir='ltr'><strong>bona,</strong></span> <span class='ocrx_word' id='word_1_668' title='bbox 231 4184 307 4227; x_wconf 87' lang='lat' dir='ltr'><strong>amor</strong></span> <span class='ocrx_word' id='word_1_669' title='bbox 320 4166 395 4234; x_wconf 86' lang='lat' dir='ltr'><strong>boni,</strong></span> <span class='ocrx_word' id='word_1_670' title='bbox 412 4176 439 4224; x_wconf 93' lang='lat' dir='ltr'><strong>et</strong></span> <span class='ocrx_word' id='word_1_671' title='bbox 452 4167 572 4241; x_wconf 73' lang='lat' dir='ltr'><strong>cognitio</strong></span> <span class='ocrx_word' id='word_1_672' title='bbox 586 4166 644 4223; x_wconf 82' lang='lat' dir='ltr'><strong>seri</strong></span> <span class='ocrx_word' id='word_1_673' title='bbox 659 4165 845 4238; x_wconf 88' lang='lat' dir='ltr'><strong>:sienequsm</strong></span> <span class='ocrx_word' id='word_1_674' title='bbox 900 4169 1088 4242; x_wconf 85' lang='lat' dir='ltr'><strong>ignorantiam,</strong></span> <span class='ocrx_word' id='word_1_675' title='bbox 1107 4175 1134 4225; x_wconf 93' lang='grc' dir='ltr'><strong>ιι</strong></span> <span class='ocrx_word' id='word_1_676' title='bbox 1156 4166 1313 4239; x_wconf 72' lang='lat' dir='ltr'><strong>ignorantia</strong></span> <span class='ocrx_word' id='word_1_677' title='bbox 1334 4165 1467 4223; x_wconf 88' lang='lat' dir='ltr'><strong>malitiam</strong></span> <span class='ocrx_word' id='word_1_678' title='bbox 1491 4166 1588 4236; x_wconf 89' lang='lat' dir='ltr'><strong>operit,</strong></span> <span class='ocrx_word' id='word_1_679' title='bbox 1608 4166 1646 4223; x_wconf 90' lang='lat' dir='ltr'><strong>its</strong></span> <span class='ocrx_word' id='word_1_680' title='bbox 1666 4175 1696 4223; x_wconf 90' lang='lat' dir='ltr'><strong>nt</strong></span> 
     </span>
     <span class='ocr_line' id='line_1_47' title="bbox 45 4250 1697 4331; baseline -0.006 -13"><span class='ocrx_word' id='word_1_681' title='bbox 45 4259 170 4318; x_wconf 70' lang='lat' dir='ltr'><strong>emulum</strong></span> <span class='ocrx_word' id='word_1_682' title='bbox 186 4259 270 4315; x_wconf 89' lang='lat' dir='ltr'><strong>duce</strong></span> <span class='ocrx_word' id='word_1_683' title='bbox 290 4258 403 4331; x_wconf 73' lang='lat' dir='ltr'><strong>regione</strong></span> <span class='ocrx_word' id='word_1_684' title='bbox 427 4255 500 4312; x_wconf 86' lang='lat' dir='ltr'><strong>mals</strong></span> <span class='ocrx_word' id='word_1_685' title='bbox 525 4255 844 4326; x_wconf 64' lang='lat' dir='ltr'><strong>consulumconsulur,</strong></span> <span class='ocrx_word' id='word_1_686' title='bbox 897 4273 971 4328; x_wconf 82' lang='lat' dir='ltr'><strong>saepe</strong></span> <span class='ocrx_word' id='word_1_687' title='bbox 984 4255 1107 4312; x_wconf 90' lang='lat' dir='ltr'><strong>nesciens</strong></span> <span class='ocrx_word' id='word_1_688' title='bbox 1129 4264 1155 4311; x_wconf 92' lang='lat' dir='ltr'><strong>ot</strong></span> <span class='ocrx_word' id='word_1_689' title='bbox 1179 4255 1279 4311; x_wconf 88' lang='lat' dir='ltr'><strong>malum</strong></span> <span class='ocrx_word' id='word_1_690' title='bbox 1298 4252 1372 4326; x_wconf 94' lang='lat' dir='ltr'><strong>quod</strong></span> <span class='ocrx_word' id='word_1_691' title='bbox 1396 4253 1455 4310; x_wconf 80' lang='lat' dir='ltr'><strong>vult</strong></span> <span class='ocrx_word' id='word_1_692' title='bbox 1478 4267 1533 4309; x_wconf 94' lang='lat' dir='ltr'><strong>nou</strong></span> <span class='ocrx_word' id='word_1_693' title='bbox 1554 4250 1643 4319; x_wconf 86' lang='lat' dir='ltr'><strong>iaciat,</strong></span> <span class='ocrx_word' id='word_1_694' title='bbox 1669 4260 1697 4308; x_wconf 86' lang='lat' dir='ltr'><strong>et</strong></span> 
     </span>
     <span class='ocr_line' id='line_1_48' title="bbox 47 4341 1696 4421; baseline -0.005 -16"><span class='ocrx_word' id='word_1_695' title='bbox 47 4364 102 4421; x_wconf 90' lang='lat' dir='ltr'><strong>qna</strong></span> <span class='ocrx_word' id='word_1_696' title='bbox 117 4346 147 4402; x_wconf 90' lang='lat' dir='ltr'><strong>fit</strong></span> <span class='ocrx_word' id='word_1_697' title='bbox 161 4356 190 4403; x_wconf 92' lang='lat' dir='ltr'><strong>ut</strong></span> <span class='ocrx_word' id='word_1_698' title='bbox 203 4346 344 4404; x_wconf 81' lang='lat' dir='ltr'><strong>veritatem</strong></span> <span class='ocrx_word' id='word_1_699' title='bbox 371 4360 426 4402; x_wconf 93' lang='lat' dir='ltr'><strong>non</strong></span> <span class='ocrx_word' id='word_1_700' title='bbox 448 4353 591 4418; x_wconf 71' lang='lat' dir='ltr'><strong>agnoscatr</strong></span> <span class='ocrx_word' id='word_1_701' title='bbox 618 4350 646 4401; x_wconf 86' lang='lat' dir='ltr'><strong>st</strong></span> <span class='ocrx_word' id='word_1_702' title='bbox 671 4343 844 4416; x_wconf 73' lang='lat' dir='ltr'><strong>perversitas,</strong></span> <span class='ocrx_word' id='word_1_703' title='bbox 898 4346 999 4402; x_wconf 91' lang='lat' dir='ltr'><strong>bonum</strong></span> <span class='ocrx_word' id='word_1_704' title='bbox 1013 4343 1094 4402; x_wconf 76' lang='lat' dir='ltr'><strong>fedat</strong></span> <span class='ocrx_word' id='word_1_705' title='bbox 1107 4343 1179 4417; x_wconf 91' lang='lat' dir='ltr'><strong>quod</strong></span> <span class='ocrx_word' id='word_1_706' title='bbox 1200 4358 1252 4399; x_wconf 91' lang='lat' dir='ltr'><strong>non</strong></span> <span class='ocrx_word' id='word_1_707' title='bbox 1267 4343 1335 4399; x_wconf 84' lang='lat' dir='ltr'><strong>solt.</strong></span> <span class='ocrx_word' id='word_1_708' title='bbox 1347 4341 1528 4398; x_wconf 87' lang='lat' dir='ltr'><strong>Obscuratum</strong></span> <span class='ocrx_word' id='word_1_709' title='bbox 1541 4357 1640 4415; x_wconf 90' lang='lat' dir='ltr'><strong>nempe</strong></span> <span class='ocrx_word' id='word_1_710' title='bbox 1654 4349 1696 4399; x_wconf 88' lang='lat' dir='ltr'><strong>est</strong></span> 
     </span>
     <span class='ocr_line' id='line_1_49' title="bbox 47 4427 1695 4509; baseline -0.004 -16"><span class='ocrx_word' id='word_1_711' title='bbox 47 4453 102 4509; x_wconf 86' lang='lat' dir='ltr'><strong>qna</strong></span> <span class='ocrx_word' id='word_1_712' title='bbox 120 4435 151 4490; x_wconf 88' lang='lat' dir='ltr'><strong>lit</strong></span> <span class='ocrx_word' id='word_1_713' title='bbox 174 4444 204 4491; x_wconf 90' lang='lat' dir='ltr'><strong>ut</strong></span> <span class='ocrx_word' id='word_1_714' title='bbox 217 4433 313 4506; x_wconf 75' lang='lat' dir='ltr'><strong>diligat</strong></span> <span class='ocrx_word' id='word_1_715' title='bbox 333 4433 507 4506; x_wconf 83' lang='lat' dir='ltr'><strong>iniquitatem.</strong></span> <span class='ocrx_word' id='word_1_716' title='bbox 522 4435 608 4491; x_wconf 89' lang='lat' dir='ltr'><strong>Porro</strong></span> <span class='ocrx_word' id='word_1_717' title='bbox 621 4431 693 4489; x_wconf 87' lang='lat' dir='ltr'><strong>inter</strong></span> <span class='ocrx_word' id='word_1_718' title='bbox 706 4432 761 4489; x_wconf 93' lang='lat' dir='ltr'><strong>duo</strong></span> <span class='ocrx_word' id='word_1_719' title='bbox 787 4434 846 4490; x_wconf 79' lang='lat' dir='ltr'><strong>lraec</strong></span> <span class='ocrx_word' id='word_1_720' title='bbox 899 4433 1028 4502; x_wconf 89' lang='lat' dir='ltr'><strong>insipiens</strong></span> <span class='ocrx_word' id='word_1_721' title='bbox 1040 4447 1087 4488; x_wconf 91' lang='lat' dir='ltr'><strong>cor</strong></span> <span class='ocrx_word' id='word_1_722' title='bbox 1106 4447 1200 4488; x_wconf 88' lang='lat' dir='ltr'><strong>eorum</strong></span> <span class='ocrx_word' id='word_1_723' title='bbox 1214 4432 1258 4504; x_wconf 90' lang='lat' dir='ltr'><strong>qui</strong></span> <span class='ocrx_word' id='word_1_724' title='bbox 1283 4432 1361 4487; x_wconf 87' lang='lat' dir='ltr'><strong>istius</strong></span> <span class='ocrx_word' id='word_1_725' title='bbox 1379 4431 1453 4487; x_wconf 90' lang='lat' dir='ltr'><strong>modi</strong></span> <span class='ocrx_word' id='word_1_726' title='bbox 1471 4440 1545 4494; x_wconf 89' lang='lat' dir='ltr'><strong>sunt,</strong></span> <span class='ocrx_word' id='word_1_727' title='bbox 1569 4439 1597 4487; x_wconf 90' lang='lat' dir='ltr'><strong>et</strong></span> <span class='ocrx_word' id='word_1_728' title='bbox 1616 4427 1695 4501; x_wconf 87' lang='lat' dir='ltr'><strong>quasi</strong></span> 
     </span>
     <span class='ocr_line' id='line_1_50' title="bbox 48 4518 1697 4604; baseline -0.004 -23"><span class='ocrx_word' id='word_1_729' title='bbox 48 4527 131 4596; x_wconf 84' lang='lat' dir='ltr'><strong>bona,</strong></span> <span class='ocrx_word' id='word_1_730' title='bbox 144 4538 264 4595; x_wconf 88' lang='lat' dir='ltr'><strong>quaenec</strong></span> <span class='ocrx_word' id='word_1_731' title='bbox 277 4520 381 4589; x_wconf 80' lang='lat' dir='ltr'><strong>tallere,</strong></span> <span class='ocrx_word' id='word_1_732' title='bbox 405 4536 455 4579; x_wconf 91' lang='lat' dir='ltr'><strong>nec</strong></span> <span class='ocrx_word' id='word_1_733' title='bbox 468 4519 526 4578; x_wconf 87' lang='lat' dir='ltr'><strong>tatli</strong></span> <span class='ocrx_word' id='word_1_734' title='bbox 541 4522 648 4588; x_wconf 85' lang='lat' dir='ltr'><strong>sinunt;</strong></span> <span class='ocrx_word' id='word_1_735' title='bbox 668 4528 695 4578; x_wconf 88' lang='grc' dir='ltr'><strong>ιι</strong></span> <span class='ocrx_word' id='word_1_736' title='bbox 721 4521 777 4578; x_wconf 90' lang='lat' dir='ltr'><strong>duo</strong></span> <span class='ocrx_word' id='word_1_737' title='bbox 798 4521 847 4604; x_wconf 72' lang='lat' dir='ltr'><strong>ills</strong></span> <span class='ocrx_word' id='word_1_738' title='bbox 897 4523 952 4593; x_wconf 85' lang='lat' dir='ltr'><strong>jnm</strong></span> <span class='ocrx_word' id='word_1_739' title='bbox 963 4518 1056 4578; x_wconf 88' lang='lat' dir='ltr'><strong>traditi</strong></span> <span class='ocrx_word' id='word_1_740' title='bbox 1068 4521 1095 4576; x_wconf 93' lang='lat' dir='ltr'><strong>in</strong></span> <span class='ocrx_word' id='word_1_741' title='bbox 1106 4520 1249 4591; x_wconf 85' lang='lat' dir='ltr'><strong>reprobum</strong></span> <span class='ocrx_word' id='word_1_742' title='bbox 1270 4535 1391 4589; x_wconf 87' lang='lat' dir='ltr'><strong>sensnm,</strong></span> <span class='ocrx_word' id='word_1_743' title='bbox 1406 4518 1506 4575; x_wconf 90' lang='lat' dir='ltr'><strong>bonum</strong></span> <span class='ocrx_word' id='word_1_744' title='bbox 1522 4520 1631 4575; x_wconf 90' lang='lat' dir='ltr'><strong>omniuo</strong></span> <span class='ocrx_word' id='word_1_745' title='bbox 1646 4534 1697 4575; x_wconf 87' lang='lat' dir='ltr'><strong>nec</strong></span> 
     </span>
     <span class='ocr_line' id='line_1_51' title="bbox 50 4605 1696 4685; baseline -0.003 -19"><span class='ocrx_word' id='word_1_746' title='bbox 50 4612 130 4681; x_wconf 82' lang='lat' dir='ltr'><strong>mala,</strong></span> <span class='ocrx_word' id='word_1_747' title='bbox 145 4628 206 4685; x_wconf 87' lang='lat' dir='ltr'><strong>quae</strong></span> <span class='ocrx_word' id='word_1_748' title='bbox 223 4620 276 4667; x_wconf 87' lang='lat' dir='ltr'><strong>tam</strong></span> <span class='ocrx_word' id='word_1_749' title='bbox 289 4609 355 4679; x_wconf 88' lang='lat' dir='ltr'><strong>lalli,</strong></span> <span class='ocrx_word' id='word_1_750' title='bbox 370 4625 451 4684; x_wconf 89' lang='lat' dir='ltr'><strong>quarn</strong></span> <span class='ocrx_word' id='word_1_751' title='bbox 473 4608 563 4667; x_wconf 80' lang='lat' dir='ltr'><strong>tallere</strong></span> <span class='ocrx_word' id='word_1_752' title='bbox 577 4608 689 4676; x_wconf 84' lang='lat' dir='ltr'><strong>iaciunt,</strong></span> <span class='ocrx_word' id='word_1_753' title='bbox 704 4610 759 4667; x_wconf 92' lang='lat' dir='ltr'><strong>duo</strong></span> <span class='ocrx_word' id='word_1_754' title='bbox 782 4619 847 4668; x_wconf 89' lang='lat' dir='ltr'><strong>sunt</strong></span> <span class='ocrx_word' id='word_1_755' title='bbox 898 4611 1022 4684; x_wconf 76' lang='lat' dir='ltr'><strong>diligere,</strong></span> <span class='ocrx_word' id='word_1_756' title='bbox 1035 4623 1085 4667; x_wconf 90' lang='lat' dir='ltr'><strong>nec</strong></span> <span class='ocrx_word' id='word_1_757' title='bbox 1098 4608 1257 4681; x_wconf 75' lang='lat' dir='ltr'><strong>dignoscere</strong></span> <span class='ocrx_word' id='word_1_758' title='bbox 1270 4616 1382 4678; x_wconf 90' lang='lat' dir='ltr'><strong>queunt.</strong></span> <span class='ocrx_word' id='word_1_759' title='bbox 1398 4608 1437 4663; x_wconf 83' lang='lat' dir='ltr'><strong>De</strong></span> <span class='ocrx_word' id='word_1_760' title='bbox 1452 4606 1550 4663; x_wconf 85' lang='lat' dir='ltr'><strong>talibus</strong></span> <span class='ocrx_word' id='word_1_761' title='bbox 1564 4605 1696 4680; x_wconf 89' lang='lat' dir='ltr'><strong>scriptum</strong></span> 
     </span>
     <span class='ocr_line' id='line_1_52' title="bbox 49 4695 1694 4782; baseline -0.002 -28"><span class='ocrx_word' id='word_1_762' title='bbox 49 4701 156 4757; x_wconf 88' lang='lat' dir='ltr'><strong>media:</strong></span> <span class='ocrx_word' id='word_1_763' title='bbox 172 4716 256 4759; x_wconf 88' lang='lat' dir='ltr'><strong>unum</strong></span> <span class='ocrx_word' id='word_1_764' title='bbox 270 4700 380 4772; x_wconf 89' lang='lat' dir='ltr'><strong>quidem</strong></span> <span class='ocrx_word' id='word_1_765' title='bbox 395 4701 497 4756; x_wconf 82' lang='lat' dir='ltr'><strong>bonnm</strong></span> <span class='ocrx_word' id='word_1_766' title='bbox 511 4715 561 4771; x_wconf 90' lang='lat' dir='ltr'><strong>per</strong></span> <span class='ocrx_word' id='word_1_767' title='bbox 575 4701 646 4768; x_wconf 91' lang='lat' dir='ltr'><strong>quod</strong></span> <span class='ocrx_word' id='word_1_768' title='bbox 661 4701 758 4756; x_wconf 88' lang='lat' dir='ltr'><strong>oculus</strong></span> <span class='ocrx_word' id='word_1_769' title='bbox 771 4699 845 4782; x_wconf 56' lang='lat' dir='ltr'><strong>integ</strong></span> <span class='ocrx_word' id='word_1_770' title='bbox 898 4710 959 4756; x_wconf 88' lang='lat' dir='ltr'><strong>est:</strong></span> <span class='ocrx_word' id='word_1_771' title='bbox 975 4700 1080 4774; x_wconf 79' lang='lat' dir='ltr'><strong>impios</strong></span> <span class='ocrx_word' id='word_1_772' title='bbox 1094 4701 1282 4756; x_wconf 81' lang='lat' dir='ltr'><strong>cumvenerit</strong></span> <span class='ocrx_word' id='word_1_773' title='bbox 1296 4700 1333 4753; x_wconf 73' lang='lat' dir='ltr'><strong>&#39;irs</strong></span> <span class='ocrx_word' id='word_1_774' title='bbox 1350 4696 1526 4770; x_wconf 70' lang='lat' dir='ltr'><strong>profundum</strong></span> <span class='ocrx_word' id='word_1_775' title='bbox 1539 4695 1694 4764; x_wconf 84' lang='lat' dir='ltr'><strong>molerem,</strong></span> 
     </span>
     <span class='ocr_line' id='line_1_53' title="bbox 49 4783 1695 4861; baseline -0.002 -17"><span class='ocrx_word' id='word_1_776' title='bbox 49 4791 116 4854; x_wconf 90' lang='lat' dir='ltr'><strong>rior,</strong></span> <span class='ocrx_word' id='word_1_777' title='bbox 127 4789 178 4845; x_wconf 89' lang='lat' dir='ltr'><strong>etsi</strong></span> <span class='ocrx_word' id='word_1_778' title='bbox 191 4788 245 4845; x_wconf 87' lang='lat' dir='ltr'><strong>islli</strong></span> <span class='ocrx_word' id='word_1_779' title='bbox 259 4795 340 4861; x_wconf 84' lang='lat' dir='ltr'><strong>quent</strong></span> <span class='ocrx_word' id='word_1_780' title='bbox 354 4786 506 4860; x_wconf 67' lang='lat' dir='ltr'><strong>ignorantia</strong></span> <span class='ocrx_word' id='word_1_781' title='bbox 520 4788 587 4854; x_wconf 84' lang='lat' dir='ltr'><strong>reri,</strong></span> <span class='ocrx_word' id='word_1_782' title='bbox 601 4787 660 4843; x_wconf 82' lang='lat' dir='ltr'><strong>selo</strong></span> <span class='ocrx_word' id='word_1_783' title='bbox 675 4793 764 4844; x_wconf 88' lang='lat' dir='ltr'><strong>temen</strong></span> <span class='ocrx_word' id='word_1_784' title='bbox 782 4787 847 4845; x_wconf 69' lang='lat' dir='ltr'><strong>bont</strong></span> <span class='ocrx_word' id='word_1_785' title='bbox 898 4788 1154 4858; x_wconf 66' lang='lat' dir='ltr'><strong>contemnitffrov.</strong></span> <span class='ocrx_word' id='word_1_786' title='bbox 1163 4785 1369 4854; x_wconf 83' lang='lat' dir='ltr'><strong>xrrrr.3).Nam</strong></span> <span class='ocrx_word' id='word_1_787' title='bbox 1379 4784 1425 4855; x_wconf 92' lang='lat' dir='ltr'><strong>qui</strong></span> <span class='ocrx_word' id='word_1_788' title='bbox 1435 4783 1695 4855; x_wconf 67' lang='lat' dir='ltr'><strong>hujusmodieslms·</strong></span> 
     </span>
    </p>
   </div>
   <div class='ocr_carea' id='block_1_3' title="bbox 10 4904 1698 5480">
    <p class='ocr_par' dir='ltr' id='par_1_3' title="bbox 10 4904 1698 5480">
     <span class='ocr_line' id='line_1_54' title="bbox 87 4904 1694 4982; baseline -0.001 -18"><span class='ocrx_word' id='word_1_789' title='bbox 87 4911 163 4980; x_wconf 81' lang='lat' dir='ltr'><strong>(lod)</strong></span> <span class='ocrx_word' id='word_1_790' title='bbox 176 4911 263 4967; x_wconf 87' lang='lat' dir='ltr'><strong>Locus</strong></span> <span class='ocrx_word' id='word_1_791' title='bbox 286 4911 430 4982; x_wconf 84' lang='lat' dir='ltr'><strong>obscurus,</strong></span> <span class='ocrx_word' id='word_1_792' title='bbox 453 4911 502 4969; x_wconf 89' lang='lat' dir='ltr'><strong>sed</strong></span> <span class='ocrx_word' id='word_1_793' title='bbox 516 4918 644 4969; x_wconf 87' lang='lat' dir='ltr'><strong>constans</strong></span> <span class='ocrx_word' id='word_1_794' title='bbox 666 4910 694 4965; x_wconf 91' lang='lat' dir='ltr'><strong>in</strong></span> <span class='ocrx_word' id='word_1_795' title='bbox 715 4909 797 4966; x_wconf 88' lang='lat' dir='ltr'><strong>editis</strong></span> <span class='ocrx_word' id='word_1_796' title='bbox 818 4922 847 4967; x_wconf 89' lang='lat' dir='ltr'><strong>et</strong></span> <span class='ocrx_word' id='word_1_797' title='bbox 899 4909 1014 4966; x_wconf 81' lang='lat' dir='ltr'><strong>incurrit</strong></span> <span class='ocrx_word' id='word_1_798' title='bbox 1029 4909 1072 4964; x_wconf 80' lang='lat' dir='ltr'><strong>Vre</strong></span> <span class='ocrx_word' id='word_1_799' title='bbox 1085 4907 1281 4980; x_wconf 88' lang='lat' dir='ltr'><strong>propheticum,</strong></span> <span class='ocrx_word' id='word_1_800' title='bbox 1295 4904 1427 4975; x_wconf 92' lang='lat' dir='ltr'><strong>prolatum</strong></span> <span class='ocrx_word' id='word_1_801' title='bbox 1438 4905 1464 4961; x_wconf 91' lang='lat' dir='ltr'><strong>in</strong></span> <span class='ocrx_word' id='word_1_802' title='bbox 1481 4905 1587 4978; x_wconf 85' lang='lat' dir='ltr'><strong>eosqui</strong></span> <span class='ocrx_word' id='word_1_803' title='bbox 1601 4905 1694 4962; x_wconf 89' lang='lat' dir='ltr'><strong>dicunt</strong></span> 
     </span>
     <span class='ocr_line' id='line_1_55' title="bbox 49 4975 1696 5062; baseline -0.004 -25"><span class='ocrx_word' id='word_1_804' title='bbox 49 4981 169 5050; x_wconf 85' lang='lat' dir='ltr'><strong>scriptis.</strong></span> <span class='ocrx_word' id='word_1_805' title='bbox 188 4982 424 5038; x_wconf 84' lang='lat' dir='ltr'><strong>tametsillorstins</strong></span> <span class='ocrx_word' id='word_1_806' title='bbox 437 4990 512 5055; x_wconf 87' lang='lat' dir='ltr'><strong>putat</strong></span> <span class='ocrx_word' id='word_1_807' title='bbox 529 4981 684 5052; x_wconf 71' lang='lat' dir='ltr'><strong>legendum,</strong></span> <span class='ocrx_word' id='word_1_808' title='bbox 699 4981 770 5062; x_wconf 80' lang='lat' dir='ltr'><strong>quin</strong></span> <span class='ocrx_word' id='word_1_809' title='bbox 797 4981 846 5039; x_wconf 79' lang='lat' dir='ltr'><strong>doc</strong></span> <span class='ocrx_word' id='word_1_810' title='bbox 901 4985 1000 5036; x_wconf 88' lang='lat' dir='ltr'><strong>nrslum</strong></span> <span class='ocrx_word' id='word_1_811' title='bbox 1017 4981 1139 5034; x_wconf 89' lang='lat' dir='ltr'><strong>bonum:</strong></span> <span class='ocrx_word' id='word_1_812' title='bbox 1161 4988 1187 5033; x_wconf 91' lang='lat' dir='ltr'><strong>et</strong></span> <span class='ocrx_word' id='word_1_813' title='bbox 1201 4977 1309 5032; x_wconf 89' lang='lat' dir='ltr'><strong>aliunde</strong></span> <span class='ocrx_word' id='word_1_814' title='bbox 1323 4993 1405 5034; x_wconf 85' lang='lat' dir='ltr'><strong>neme</strong></span> <span class='ocrx_word' id='word_1_815' title='bbox 1423 4977 1508 5034; x_wconf 85' lang='lat' dir='ltr'><strong>vitare</strong></span> <span class='ocrx_word' id='word_1_816' title='bbox 1528 4977 1604 5033; x_wconf 84' lang='lat' dir='ltr'><strong>volet</strong></span> <span class='ocrx_word' id='word_1_817' title='bbox 1623 4975 1696 5032; x_wconf 90' lang='lat' dir='ltr'><strong>istud</strong></span> 
     </span>
     <span class='ocr_line' id='line_1_56' title="bbox 10 5047 1695 5122; baseline -0.002 -16"><span class='ocrx_word' id='word_1_818' title='bbox 10 5067 12 5072; x_wconf 92' lang='lat'><em>·</em></span> <span class='ocrx_word' id='word_1_819' title='bbox 49 5053 129 5112; x_wconf 79' lang='lat' dir='ltr'><strong>velit.</strong></span> <span class='ocrx_word' id='word_1_820' title='bbox 160 5051 214 5106; x_wconf 87' lang='lat' dir='ltr'><strong>Sed</strong></span> <span class='ocrx_word' id='word_1_821' title='bbox 236 5053 375 5107; x_wconf 81' lang='lat' dir='ltr'><strong>retinenda</strong></span> <span class='ocrx_word' id='word_1_822' title='bbox 402 5053 455 5108; x_wconf 89' lang='lat' dir='ltr'><strong>alia</strong></span> <span class='ocrx_word' id='word_1_823' title='bbox 483 5052 573 5117; x_wconf 90' lang='lat' dir='ltr'><strong>lectio,</strong></span> <span class='ocrx_word' id='word_1_824' title='bbox 597 5066 659 5122; x_wconf 79' lang='lat' dir='ltr'><strong>quse</strong></span> <span class='ocrx_word' id='word_1_825' title='bbox 684 5052 848 5109; x_wconf 87' lang='lat' dir='ltr'><strong>drlemmstis</strong></span> <span class='ocrx_word' id='word_1_826' title='bbox 903 5051 1085 5114; x_wconf 89' lang='lat' dir='ltr'><strong>maledictum,</strong></span> <span class='ocrx_word' id='word_1_827' title='bbox 1096 5047 1323 5106; x_wconf 88' lang='lat' dir='ltr'><strong>cnmenintentio</strong></span> <span class='ocrx_word' id='word_1_828' title='bbox 1332 5047 1474 5104; x_wconf 89' lang='lat' dir='ltr'><strong>sitocnlus</strong></span> <span class='ocrx_word' id='word_1_829' title='bbox 1487 5047 1695 5120; x_wconf 83' lang='lat' dir='ltr'><strong>simplex,quem</strong></span> 
     </span>
     <span class='ocr_line' id='line_1_57' title="bbox 21 5121 1126 5194; baseline -0.005 -15"><span class='ocrx_word' id='word_1_830' title='bbox 21 5146 24 5150; x_wconf 47' lang='lat'><strong>⁴</strong></span> <span class='ocrx_word' id='word_1_831' title='bbox 49 5127 134 5180; x_wconf 88' lang='lat' dir='ltr'><strong>altera</strong></span> <span class='ocrx_word' id='word_1_832' title='bbox 148 5137 210 5194; x_wconf 86' lang='lat' dir='ltr'><strong>pars</strong></span> <span class='ocrx_word' id='word_1_833' title='bbox 224 5121 434 5177; x_wconf 82' lang='lat' dir='ltr'><strong>est.Bernardue</strong></span> <span class='ocrx_word' id='word_1_834' title='bbox 447 5122 549 5192; x_wconf 87' lang='lat' dir='ltr'><strong>quippe</strong></span> <span class='ocrx_word' id='word_1_835' title='bbox 564 5123 616 5180; x_wconf 87' lang='lat' dir='ltr'><strong>lroc</strong></span> <span class='ocrx_word' id='word_1_836' title='bbox 630 5123 657 5176; x_wconf 91' lang='lat' dir='ltr'><strong>in</strong></span> <span class='ocrx_word' id='word_1_837' title='bbox 667 5121 726 5180; x_wconf 92' lang='lat' dir='ltr'><strong>loco</strong></span> <span class='ocrx_word' id='word_1_838' title='bbox 741 5123 845 5194; x_wconf 90' lang='lat' dir='ltr'><strong>probat,</strong></span> <span class='ocrx_word' id='word_1_839' title='bbox 903 5123 1010 5180; x_wconf 77' lang='lat' dir='ltr'><strong>Veritas</strong></span> <span class='ocrx_word' id='word_1_840' title='bbox 1026 5122 1126 5175; x_wconf 90' lang='lat' dir='ltr'><strong>laudat.</strong></span> 
     </span>
     <span class='ocr_line' id='line_1_58' title="bbox 50 5188 1695 5266; baseline -0.004 -16"><span class='ocrx_word' id='word_1_841' title='bbox 50 5196 150 5250; x_wconf 84' lang='lat' dir='ltr'><strong>bonam</strong></span> <span class='ocrx_word' id='word_1_842' title='bbox 168 5193 356 5261; x_wconf 85' lang='lat' dir='ltr'><strong>intentionem,</strong></span> <span class='ocrx_word' id='word_1_843' title='bbox 371 5207 432 5266; x_wconf 82' lang='lat' dir='ltr'><strong>quoe</strong></span> <span class='ocrx_word' id='word_1_844' title='bbox 447 5192 493 5250; x_wconf 84' lang='lat' dir='ltr'><strong>lut</strong></span> <span class='ocrx_word' id='word_1_845' title='bbox 507 5199 548 5248; x_wconf 90' lang='lat' dir='ltr'><strong>est</strong></span> <span class='ocrx_word' id='word_1_846' title='bbox 566 5191 668 5263; x_wconf 88' lang='lat' dir='ltr'><strong>operis,</strong></span> <span class='ocrx_word' id='word_1_847' title='bbox 693 5209 747 5248; x_wconf 88' lang='lat' dir='ltr'><strong>nnn</strong></span> <span class='ocrx_word' id='word_1_848' title='bbox 812 5210 846 5251; x_wconf 91' lang='lat' dir='ltr'><strong>ue</strong></span> <span class='ocrx_word' id='word_1_849' title='bbox 938 5193 1015 5265; x_wconf 81' lang='lat' dir='ltr'><strong>(tto)</strong></span> <span class='ocrx_word' id='word_1_850' title='bbox 1025 5190 1143 5248; x_wconf 88' lang='lat' dir='ltr'><strong>Omnino</strong></span> <span class='ocrx_word' id='word_1_851' title='bbox 1157 5189 1197 5246; x_wconf 75' lang='lat' dir='ltr'><strong>sic</strong></span> <span class='ocrx_word' id='word_1_852' title='bbox 1208 5189 1364 5264; x_wconf 76' lang='lat' dir='ltr'><strong>legendum,</strong></span> <span class='ocrx_word' id='word_1_853' title='bbox 1377 5200 1405 5245; x_wconf 92' lang='lat' dir='ltr'><strong>ut</strong></span> <span class='ocrx_word' id='word_1_854' title='bbox 1420 5189 1562 5247; x_wconf 90' lang='lat' dir='ltr'><strong>induobus</strong></span> <span class='ocrx_word' id='word_1_855' title='bbox 1576 5188 1695 5262; x_wconf 83' lang='lat' dir='ltr'><strong>scriptis,</strong></span> 
     </span>
     <span class='ocr_line' id='line_1_59' title="bbox 50 5260 1695 5346; baseline -0.004 -24"><span class='ocrx_word' id='word_1_856' title='bbox 50 5266 141 5322; x_wconf 86' lang='lat' dir='ltr'><strong>valere</strong></span> <span class='ocrx_word' id='word_1_857' title='bbox 160 5265 187 5320; x_wconf 93' lang='lat' dir='ltr'><strong>in</strong></span> <span class='ocrx_word' id='word_1_858' title='bbox 202 5265 312 5330; x_wconf 91' lang='lat' dir='ltr'><strong>malurn,</strong></span> <span class='ocrx_word' id='word_1_859' title='bbox 327 5278 406 5346; x_wconf 82' lang='lat' dir='ltr'><strong>quarn</strong></span> <span class='ocrx_word' id='word_1_860' title='bbox 420 5262 449 5321; x_wconf 89' lang='lat' dir='ltr'><strong>in</strong></span> <span class='ocrx_word' id='word_1_861' title='bbox 465 5265 576 5320; x_wconf 87' lang='lat' dir='ltr'><strong>bouum.</strong></span> <span class='ocrx_word' id='word_1_862' title='bbox 603 5262 649 5319; x_wconf 92' lang='lat' dir='ltr'><strong>Sic</strong></span> <span class='ocrx_word' id='word_1_863' title='bbox 677 5272 768 5321; x_wconf 85' lang='lat' dir='ltr'><strong>sutem</strong></span> <span class='ocrx_word' id='word_1_864' title='bbox 803 5280 848 5322; x_wconf 87' lang='lat' dir='ltr'><strong>ere</strong></span> <span class='ocrx_word' id='word_1_865' title='bbox 902 5280 957 5322; x_wconf 92' lang='lat' dir='ltr'><strong>non</strong></span> <span class='ocrx_word' id='word_1_866' title='bbox 974 5264 1035 5329; x_wconf 81' lang='lat' dir='ltr'><strong>lex,</strong></span> <span class='ocrx_word' id='word_1_867' title='bbox 1059 5262 1128 5318; x_wconf 87' lang='lat' dir='ltr'><strong>sicut</strong></span> <span class='ocrx_word' id='word_1_868' title='bbox 1140 5261 1168 5316; x_wconf 93' lang='lat' dir='ltr'><strong>in</strong></span> <span class='ocrx_word' id='word_1_869' title='bbox 1193 5262 1306 5316; x_wconf 78' lang='lat' dir='ltr'><strong>eritehac</strong></span> <span class='ocrx_word' id='word_1_870' title='bbox 1319 5260 1449 5333; x_wconf 72' lang='lat' dir='ltr'><strong>vulgetis;</strong></span> <span class='ocrx_word' id='word_1_871' title='bbox 1475 5268 1505 5318; x_wconf 92' lang='lat' dir='ltr'><strong>ut</strong></span> <span class='ocrx_word' id='word_1_872' title='bbox 1527 5260 1562 5319; x_wconf 90' lang='lat' dir='ltr'><strong>sit</strong></span> <span class='ocrx_word' id='word_1_873' title='bbox 1583 5278 1695 5330; x_wconf 87' lang='lat' dir='ltr'><strong>sensus,</strong></span> 
     </span>
     <span class='ocr_line' id='line_1_60' title="bbox 52 5331 1698 5407; baseline -0.003 -13"><span class='ocrx_word' id='word_1_874' title='bbox 52 5335 236 5398; x_wconf 83' lang='lat' dir='ltr'><strong>ratiocinatur.</strong></span> <span class='ocrx_word' id='word_1_875' title='bbox 251 5336 367 5391; x_wconf 78' lang='lat' dir='ltr'><strong>Intentio</strong></span> <span class='ocrx_word' id='word_1_876' title='bbox 386 5334 433 5391; x_wconf 84' lang='lat' dir='ltr'><strong>ille</strong></span> <span class='ocrx_word' id='word_1_877' title='bbox 451 5336 523 5391; x_wconf 85' lang='lat' dir='ltr'><strong>circa</strong></span> <span class='ocrx_word' id='word_1_878' title='bbox 537 5333 638 5389; x_wconf 91' lang='lat' dir='ltr'><strong>malum</strong></span> <span class='ocrx_word' id='word_1_879' title='bbox 650 5337 689 5390; x_wconf 78' lang='lat' dir='ltr'><strong>sal</strong></span> <span class='ocrx_word' id='word_1_880' title='bbox 698 5342 741 5391; x_wconf 90' lang='lat' dir='ltr'><strong>est</strong></span> <span class='ocrx_word' id='word_1_881' title='bbox 750 5337 847 5392; x_wconf 89' lang='lat' dir='ltr'><strong>oculus</strong></span> <span class='ocrx_word' id='word_1_882' title='bbox 902 5335 974 5407; x_wconf 88' lang='lat' dir='ltr'><strong>qnod</strong></span> <span class='ocrx_word' id='word_1_883' title='bbox 988 5335 1082 5390; x_wconf 88' lang='lat' dir='ltr'><strong>oculus</strong></span> <span class='ocrx_word' id='word_1_884' title='bbox 1096 5332 1209 5403; x_wconf 88' lang='lat' dir='ltr'><strong>simplex</strong></span> <span class='ocrx_word' id='word_1_885' title='bbox 1223 5331 1258 5386; x_wconf 92' lang='lat' dir='ltr'><strong>sit</strong></span> <span class='ocrx_word' id='word_1_886' title='bbox 1268 5335 1478 5405; x_wconf 75' lang='lat' dir='ltr'><strong>erqumcntem,</strong></span> <span class='ocrx_word' id='word_1_887' title='bbox 1495 5332 1523 5388; x_wconf 87' lang='lat' dir='ltr'><strong>id</strong></span> <span class='ocrx_word' id='word_1_888' title='bbox 1533 5340 1574 5389; x_wconf 88' lang='lat' dir='ltr'><strong>est</strong></span> <span class='ocrx_word' id='word_1_889' title='bbox 1584 5331 1662 5406; x_wconf 76' lang='lat' dir='ltr'><strong>origo</strong></span> <span class='ocrx_word' id='word_1_890' title='bbox 1672 5341 1698 5389; x_wconf 91' lang='lat' dir='ltr'><strong>et</strong></span> 
     </span>
     <span class='ocr_line' id='line_1_61' title="bbox 52 5403 1553 5480; baseline 0 -16"><span class='ocrx_word' id='word_1_891' title='bbox 52 5410 176 5480; x_wconf 82' lang='lat' dir='ltr'><strong>simplex,</strong></span> <span class='ocrx_word' id='word_1_892' title='bbox 193 5409 236 5463; x_wconf 85' lang='lat' dir='ltr'><strong>rel</strong></span> <span class='ocrx_word' id='word_1_893' title='bbox 253 5421 318 5462; x_wconf 90' lang='lat' dir='ltr'><strong>non.</strong></span> <span class='ocrx_word' id='word_1_894' title='bbox 335 5405 414 5473; x_wconf 86' lang='lat' dir='ltr'><strong>Tum,</strong></span> <span class='ocrx_word' id='word_1_895' title='bbox 429 5408 451 5462; x_wconf 91' lang='lat' dir='ltr'><strong>sl</strong></span> <span class='ocrx_word' id='word_1_896' title='bbox 480 5416 530 5473; x_wconf 89' lang='lat' dir='ltr'><strong>est,</strong></span> <span class='ocrx_word' id='word_1_897' title='bbox 556 5415 654 5476; x_wconf 86' lang='lat' dir='ltr'><strong>rnqurt,</strong></span> <span class='ocrx_word' id='word_1_898' title='bbox 672 5406 846 5464; x_wconf 88' lang='lat' dir='ltr'><strong>nriulomruus</strong></span> <span class='ocrx_word' id='word_1_899' title='bbox 903 5423 996 5472; x_wconf 82' lang='lat' dir='ltr'><strong>ceusu,</strong></span> <span class='ocrx_word' id='word_1_900' title='bbox 1009 5408 1079 5462; x_wconf 79' lang='lat' dir='ltr'><strong>tucis</strong></span> <span class='ocrx_word' id='word_1_901' title='bbox 1096 5403 1185 5462; x_wconf 83' lang='lat' dir='ltr'><strong>totius</strong></span> <span class='ocrx_word' id='word_1_902' title='bbox 1197 5405 1334 5476; x_wconf 74' lang='lat' dir='ltr'><strong>corporis,</strong></span> <span class='ocrx_word' id='word_1_903' title='bbox 1350 5403 1432 5462; x_wconf 86' lang='lat' dir='ltr'><strong>idest</strong></span> <span class='ocrx_word' id='word_1_904' title='bbox 1450 5406 1553 5476; x_wconf 86' lang='lat' dir='ltr'><strong>operis.</strong></span> 
     </span>
    </p>
   </div>
   <div class='ocr_carea' id='block_1_4' title="bbox 0 0 1877 5940">
    <p class='ocr_par' dir='ltr' id='par_1_4' title="bbox 0 0 1877 5940">
     <span class='ocr_line' id='line_1_62' title="bbox 0 0 1877 5940; baseline 0 0"><span class='ocrx_word' id='word_1_905' title='bbox 0 0 1877 5940; x_wconf 95' lang='lat' dir='ltr'><strong> </strong></span> 
     </span>
    </p>
   </div>
  </div>
 </body>
</html>
