3728 5940
130 193 160 253 ῃ
745 192 903 255 sessioni
935 194 1166 258 nsnicnnonn.
1332 160 1341 179 '
1747 211 1784 273 ιι

123 317 185 383 isla
198 316 239 381 ad
265 315 524 396 cardinalesque,
546 316 682 381 manna
705 322 786 382 certe
806 319 948 402 pontifice
963 320 1068 403 diqna,
1093 318 1205 386 nilile
1223 338 1258 386 re
1279 320 1451 389 clrisduna
1463 331 1494 389 te
1512 325 1693 397 moliturum
1714 348 1780 399 un·-

123 434 213 499 quum
227 423 281 481 cut
301 419 465 497 sucturum,
491 414 572 498 quod
592 414 633 478 ad
656 433 762 480 eornm
787 417 947 482 consilinm
967 421 1055 502 prins
1070 420 1279 485 nonrelutnm
1301 423 1407 502 suerit.
1427 422 1552 498 Quodsi
1576 429 1779 508 quemalium

121 516 247 598 insuper
270 516 477 580 consiliarium
506 515 639 578 manime
663 514 852 597 prudentem,
882 522 1099 600 expertumque
1127 519 1163 580 in
1191 520 1281 582 istum
1314 538 1436 584 sucrum
1463 529 1601 587 senatum
1634 527 1778 594 udinem

121 614 199 678 uolet
215 617 361 679 sanctitas
385 621 447 691 tun,
474 613 595 676 nullum
615 614 712 693 maqis
734 614 875 679 idoneum
895 619 1163 698 incorruptumque
1184 617 1328 694 inueniet,
1345 636 1434 699 quum
1458 619 1667 700 Bernardum,·
1686 630 1776 707 cujus

120 712 236 776 celsoli
256 714 299 777 ile
322 712 557 776 consideratione
579 710 658 787 libri,
683 711 775 792 plane
797 713 884 777 cedro
907 713 1003 794 diqni,
1030 721 1071 778 tot
1092 714 1224 777 oraculis
1248 718 1357 794 resecti
1378 723 1459 793 sunt,
1477 723 1510 780 ut
1525 720 1566 783 ud
1598 720 1774 805 diriqendos

118 829 251 874 summos
264 810 429 893 pontifices,
447 809 560 872 imoad
583 809 745 890 rependam
766 811 940 873 uniuersum
964 809 1139 887 Ecclesiam,
1162 812 1248 892 quasi
1270 811 1417 877 diuinitus
1437 814 1544 880 dictati
1558 836 1620 882 esse
1643 822 1774 886 uidean-

116 909 230 971 tenid
251 925 324 971 sune
341 924 399 988 pro
426 911 577 988 comperta
599 905 783 988 jamdudum
810 905 943 972 liubuere
969 909 1155 972 sanctissimi
1180 908 1346 972 decessores
1372 914 1429 990 tui,
1458 930 1522 977 non
1548 917 1634 981 modo
1661 919 1771 1002 Euqe·

109 1008 189 1073 ,nius
210 1007 266 1083 iii,
295 1005 335 1067 ad
356 1022 444 1085 quem
466 1005 572 1085 scripti
592 1010 673 1080 sunt,
699 1002 752 1066 sed
772 1021 839 1085 prce
861 1007 977 1068 suteris
1001 1006 1075 1068 Pius
1101 1006 1132 1083 V,
1155 1012 1184 1070 et
1211 1006 1375 1088 Greqorins
1397 1008 1478 1088 itit,
1503 1014 1556 1094 qni
1577 1033 1679 1080 sacros
1702 1018 1771 1084 illos

118 1099 209 1164 libras
225 1103 303 1164 tanti
328 1102 492 1181 iaciebant,
510 1106 543 1164 ut
570 1119 674 1167 eornm
695 1099 852 1165 lectionem
879 1104 970 1166 etiam
993 1120 1105 1166 mensa
1125 1104 1315 1168 adliierent.
1346 1107 1382 1168 ln
1405 1107 1517 1172 eisdem
1536 1129 1631 1192 porro
1669 1113 1765 1194 libris,

116 1205 206 1281 utque
229 1203 263 1263 in
277 1200 347 1264 aliis
376 1200 509 1280 ejusdem
523 1201 621 1262 sancti
649 1199 778 1262 decimis
790 1201 923 1282 scriptis,
940 1201 1096 1264 invenient
1117 1219 1221 1265 omnes
1247 1203 1464 1286 qnidfnqiant,
1489 1208 1562 1287 quid
1588 1219 1765 1291 sequuntur,

115 1300 294 1376 cardinales,
324 1300 463 1382 episcopi,
481 1297 597 1379 aliique
620 1298 804 1377 inferiarum
826 1297 969 1362 ordinum
996 1299 1144 1364 ministri.
1160 1297 1204 1365 Al
1231 1300 1440 1365 eisdenetiam
1462 1322 1548 1384 repes
1563 1312 1592 1370 et
1615 1311 1769 1393 principes

23 1472 29 1479 .
114 1397 228 1460 discent
256 1398 334 1477 leqes
361 1395 522 1477 reqnundi,
553 1397 669 1476 ipsique
680 1394 791 1476 plebeii
817 1395 966 1470 domines,
997 1397 1110 1458 nedum
1134 1399 1259 1477 inqenui
1273 1415 1309 1461 ac
1338 1399 1460 1476 stabiles,
1491 1401 1677 1469 Christianae
1700 1410 1769 1473 vitu

113 1513 169 1577 pru
191 1515 246 1560 sno
261 1499 372 1578 quique
385 1500 467 1558 sidtu
492 1494 670 1557 documenta
699 1493 850 1556 haurient.
880 1493 943 1556 Hoc
957 1499 1078 1557 auctore
1097 1513 1154 1577 per
1169 1501 1197 1558 le
1208 1494 1310 1576 plebes
1337 1496 1463 1575 clericis,
1495 1498 1597 1564 elerici
1624 1507 1765 1570 sacerdo·

112 1593 202 1670 titus,
216 1595 382 1658 sacerdotes
411 1594 471 1655 Deo
484 1595 518 1655 in
535 1611 572 1654 ea
594 1608 654 1673 qua
681 1595 797 1671 oportet
825 1589 997 1654 numilitate
1018 1592 1145 1670 subiecti
1168 1597 1260 1655 erunt
1289 1595 1342 1674 (6).
1372 1596 1408 1656 ln
1435 1602 1627 1664 monasteriis
1649 1608 1678 1664 et
1693 1602 1766 1668 loreis

113 1690 262 1772 reliqiosis
282 1689 452 1754 sanabitur
474 1689 558 1765 ordo,
585 1686 746 1770 disciplina
772 1688 918 1769 ripilalrit.
944 1687 1043 1771 Super
1064 1707 1161 1771 praue
1183 1708 1276 1770 opera
1298 1699 1329 1756 el
1351 1693 1493 1774 doqmulu
1514 1714 1643 1762 censura
1671 1701 1763 1765 eccle·

112 1789 234 1851 sicslicn
255 1787 375 1869 uiqelit,
399 1792 428 1850 et
450 1792 549 1850 uestra
570 1788 707 1868 ipsorum
730 1784 894 1866 apostolica
921 1785 1068 1849 mundata
1082 1792 1111 1849 et
1134 1788 1285 1866 instituto,
1315 1808 1352 1854 ea
1367 1809 1427 1872 qua
1444 1793 1572 1875 diqnum
1593 1804 1637 1860 est
1650 1799 1765 1863 sollici·

114 1885 218 1948 tudine
239 1885 481 1949 olsemcluntnr
506 1884 561 1963 (l).
584 1884 646 1946 Hoc
674 1883 749 1946 duce
771 1883 922 1947 increduli
950 1889 1165 1948 connectentur
1185 1887 1226 1949 ud
1254 1886 1354 1966 fidem,
1377 1894 1512 1970 peruersi
1540 1893 1766 1961 ordinabuntur

112 1984 151 2046 ad
174 1983 402 2059 rectitudinem;
430 1981 564 2045 subversi
590 1982 630 2044 ad
657 1983 816 2045 ueritatem
842 1982 1071 2058 revocabuntur,
1101 1983 1292 2049 subnemores
1317 1988 1437 2051 invictis
1460 1992 1631 2056 canantius
1644 1997 1764 2058 mnuin·

110 2087 227 2159 centur,
246 2080 337 2145 utuel
361 2080 559 2144 emendentur
582 2080 652 2160 ipsi,
667 2082 694 2140 sl
714 2080 781 2158 fieri
800 2084 918 2160 potest;
938 2081 987 2142 sin
1012 2081 1124 2156 minus,
1151 2082 1281 2162 perdunt
1308 2086 1522 2150 auctoritatem
1543 2088 1621 2153 alios
1642 2090 1763 2154 mirer-

111 2178 203 2243 lendi.
227 2180 365 2260 Denique
379 2179 433 2241 loc
455 2177 574 2240 doctore
587 2175 710 2239 cessalil
732 2175 868 2253 ambitio,
889 2175 1068 2240 dominandi
1098 2176 1198 2256 tilido,
1227 2181 1398 2263 cupiditus;
1429 2200 1483 2246 nec
1509 2185 1672 2266 diqnitutes
1707 2189 1763 2251 lto-

107 2276 244 2355 noricus,
269 2277 321 2341 sed
345 2277 521 2353 virtutibus,
536 2274 587 2339 sed
600 2291 676 2337 cura
690 2281 719 2338 el
740 2274 943 2339 sollicitudine
970 2274 1214 2342 uslimaluntur.
1245 2281 1342 2361 Atque
1363 2282 1408 2345 ita
1430 2280 1549 2345 demum
1570 2282 1705 2346 Ecclesia
1726 2287 1762 2347 in

108 2393 178 2440 enm
198 2377 369 2453 cellarescet
389 2379 513 2449 statum,
536 2375 589 2455 qni
615 2373 839 2437 sanctissimum
860 2375 1043 2455 pontificem,
1069 2376 1121 2456 qui
1142 2374 1367 2456 Alexandrum,
1388 2379 1442 2460 qui
1462 2378 1597 2458 Petrum,
1618 2381 1680 2443 ima
1708 2386 1761 2462 qni

107 2480 137 2539 et
151 2474 308 2539 Christum
321 2475 385 2554 ejus
398 2489 542 2553 sponsum
557 2471 669 2534 deceat.

147 2582 182 2644 id
195 2582 260 2660 fere
272 2581 440 2661 perfectum
464 2584 494 2641 et
520 2576 691 2639 absolutum
719 2578 876 2642 Bernurdo
892 2581 1010 2644 uiuente
1032 2586 1199 2663 sataqenle,
1226 2582 1449 2661 esturmenta
1466 2603 1522 2648 nec
1543 2585 1666 2648 drotum
1689 2587 1762 2666 quin

105 2680 192 2742 modo
205 2677 306 2741 simile
327 2678 398 2758 qnid
413 2678 579 2757 continqul,
601 2677 628 2738 si
648 2675 809 2740 Bernurdo
825 2695 925 2740 vacem
947 2685 976 2742 el
1000 2681 1215 2743 anctoritatem
1236 2682 1391 2763 inleqrcm
1412 2683 1552 2745 restituat
1574 2680 1760 2744 Aleeuuder.

104 2774 191 2837 Hanc
205 2792 302 2838 uocem
317 2773 475 2836 Bernurdo
496 2772 668 2836 tribuerunt
682 2772 789 2835 Patres
810 2774 920 2852 synodi
943 2772 1143 2856 Stampensis,
1168 2792 1237 2838 cnm
1260 2776 1352 2839 dubia
1373 2777 1517 2858 pontifice
1538 2777 1669 2838 inuicem
1696 2777 1763 2839 dis·

103 2873 235 2937 sidentes
260 2889 346 2936 uoces
372 2872 538 2934 universim
559 2888 630 2934 snas
654 2876 683 2933 et
705 2887 761 2932 sua
785 2871 893 2951 quique
915 2871 1066 2953 snffruqia
1088 2874 1121 2936 in
1145 2875 1212 2954 ejus
1239 2891 1291 2936 are
1312 2891 1349 2938 uc
1375 2875 1525 2937 sententia
1547 2882 1759 2954 reposuerunt.

103 2971 251 3036 Eandem
278 2988 350 3034 moa
371 2987 473 3033 nomm
494 2968 552 3033 sill
577 2969 747 3051 propitium
768 2970 863 3031 sensit
878 2969 1072 3033 Innocentius
1103 2969 1142 3044 li,
1167 2972 1330 3052 quisancti
1361 2971 1463 3034 Patris
1491 2971 1703 3052 predicatione
1729 2981 1759 3035 et

102 3071 284 3136 auctoritate
298 3069 335 3132 al
361 3068 501 3132 omnibns
531 3067 655 3132 tandem
669 3083 726 3149 pro
747 3065 880 3147 leqilima
900 3067 1044 3148 Pontifice
1067 3069 1196 3148 uqnilus,
1218 3069 1353 3150 ejusdem
1367 3067 1473 3149 linqua
1491 3076 1520 3132 et
1541 3067 1660 3131 calcino
1683 3086 1755 3132 usus

101 3175 147 3234 est
176 3169 319 3232 aduersus
346 3165 515 3230 schismatis
533 3164 685 3246 reliquias,
711 3165 853 3229 aduersus
877 3173 1034 3230 nascentes
1056 3166 1183 3230 hereses
1206 3173 1296 3248 atque
1319 3181 1450 3229 errores.
1476 3165 1549 3228 Inde
1578 3166 1757 3230 Bernartius

101 3269 195 3333 musii
210 3266 367 3331 oraculum
390 3283 426 3329 ac
454 3266 604 3346 interpres
630 3263 836 3340 conciliorum,
862 3263 1058 3341 Senonensis,
1077 3265 1240 3340 tiernensis,
1257 3268 1286 3327 et
1299 3262 1453 3339 aliarum;
1476 3263 1550 3327 adeo
1569 3270 1602 3326 nt
1626 3282 1665 3326 en
1690 3267 1757 3344 ejus

102 3386 156 3434 cre
167 3367 335 3451 penderent
354 3366 420 3444 sere
442 3365 556 3439 amnia,
583 3363 721 3445 nihilque
735 3365 769 3426 in
790 3359 936 3438 Ecclesia,
961 3370 1014 3426 aut
1029 3364 1064 3426 in
1084 3361 1167 3424 unlus
1189 3376 1342 3442 reqnmac
1361 3361 1543 3443 principum,
1568 3362 1629 3423 imo
1655 3363 1757 3424 necin

100 3470 228 3552 priuatis
241 3467 305 3546 sere
323 3463 463 3545 familiis,
484 3462 594 3544 uisque
608 3463 674 3542 ejus
693 3459 818 3524 consilia
832 3467 863 3524 ct
879 3460 1031 3523 sententia
1050 3464 1217 3540 pereretur.
1247 3458 1326 3522 Vidit
1346 3457 1434 3521 illum
1452 3459 1544 3522 Roma
1564 3475 1626 3520 non
1645 3457 1755 3521 semel:

100 3582 166 3649 qua
179 3570 326 3647 quonium
339 3563 368 3626 ei
386 3560 537 3635 tribuerit,
559 3559 606 3622 vel
624 3575 664 3622 ec
682 3558 737 3621 loc
754 3556 818 3621 solo
831 3558 941 3637 conjici
952 3562 1059 3639 potest,
1080 3556 1159 3636 quud
1177 3558 1322 3620 Anccleto
1341 3558 1500 3633 eustimta,
1517 3574 1586 3619 cum
1613 3556 1756 3620 Victorem

97 3662 391 3748 pseudopontificem,
417 3659 573 3741 usurpatis
594 3655 764 3737 insiqnibus
786 3654 946 3729 nudatum,
971 3654 1012 3717 ud
1034 3653 1203 3719 innocentii
1227 3655 1318 3737 pedes
1344 3655 1528 3731 adduxisset,
1557 3661 1642 3719 tantu
1674 3655 1756 3738 apud

100 3760 253 3826 Romanos
267 3760 300 3821 in
315 3757 486 3821 reuerentia
506 3756 647 3836 deinceps
676 3751 795 3815 dubitus
808 3757 863 3827 est,
883 3755 917 3813 ut
931 3749 969 3812 cl
993 3750 1132 3813 omnine
1153 3753 1266 3816 Auctor
1277 3754 1361 3834 pacis
1385 3759 1415 3816 et
1430 3752 1522 3816 Pater
1547 3755 1656 3836 patria
1676 3771 1756 3835 pru·

99 3856 263 3920 dicaretur.
291 3855 457 3933 Denique«
482 3856 647 3915 exeuntum
676 3848 771 3912 Romu
793 3849 995 3929 prosequitur,
1021 3847 1139 3912 deducit
1160 3849 1266 3927 clerus,
1294 3851 1424 3913 honorat
1446 3850 1586 3933 papulus,
1615 3851 1754 3912 uniuersa

99 3953 243 4018 nolilitcs
266 3954 439 4015 comitatur.
467 3953 567 4031 Neque
594 3949 676 4011 enim
695 3951 814 4027 poterat
830 3947 897 4009 sine
920 3948 1072 4008 communi
1089 3964 1217 4010 murore
1237 3947 1361 4022 dimitti,
1399 3947 1451 4028 qui
1477 3945 1630 4009 colebatur
1651 3962 1755 4006 amore

99 4052 253 4116 communi
275 4049 328 4129 (8).
357 4075 371 4103 2
401 4048 468 4110 Osi
491 4047 593 4110 eodem
617 4044 739 4119 nonore,
767 4042 871 4106 eudem
893 4044 1063 4106 reverentie
1085 4044 1172 4106 modo
1197 4050 1405 4108 tractarentur
1428 4043 1656 4124 leqerenturque
1682 4058 1755 4103 sun-

100 4151 225 4214 clissimi
254 4147 382 4209 doctoris
410 4145 499 4208 ttlrtt
534 4143 669 4217 Quunlus
695 4141 767 4204 inde
803 4141 931 4218 friuolus,
959 4146 1073 4220 quantu
1102 4140 1219 4205 utililas
1245 4144 1279 4204 in
1303 4140 1517 4224 rempublicam
1547 4138 1754 4202 Christianam

99 4247 291 4321 redundaret,
314 4245 411 4321 Certe,
440 4240 538 4324 quoad
557 4242 592 4304 in
615 4237 701 4301 nolis
724 4239 795 4318 luit,
811 4239 906 4301 sacris
928 4241 995 4319 ejas
1009 4240 1128 4319 scriptis
1150 4240 1261 4303 natiuae
1283 4242 1390 4320 formu
1410 4239 1544 4320 qratiam
1568 4242 1598 4300 et
1622 4239 1751 4318 inleqri-

100 4350 202 4421 talem,
215 4348 253 4406 'ut
280 4344 407 4424 prorius,
437 4339 679 4419 fructuosiusque
702 4334 920 4408 lectitarenlnr,
946 4337 1106 4400 restituere
1130 4338 1232 4400 cunuti
1245 4356 1359 4400 snmus.
1389 4337 1485 4400 Tuum
1506 4342 1558 4412 est,
1586 4334 1754 4399 lectissime

101 4444 202 4519 Pater,
233 4442 327 4505 eidem
351 4440 475 4502 reddere
498 4453 598 4500 vocem
617 4436 750 4510 uirtutis,
776 4451 867 4515 quam
882 4432 930 4496 illi
957 4451 1012 4496 nec
1035 4435 1101 4514 ipsa
1122 4453 1203 4498 mors
1225 4437 1324 4499 adine
1344 4437 1469 4516 penitus
1495 4435 1613 4516 eripere
1640 4434 1751 4515 potuit.

107 4542 193 4624 Viqel
219 4543 312 4603 etiam
337 4555 419 4601 nnnc
442 4535 523 4618 apud
542 4534 608 4615 pios
630 4548 769 4612 quosque,
792 4532 854 4594 imo
875 4533 967 4594 etiam
988 4529 1071 4612 apud
1089 4531 1244 4596 hacreticus
1266 4535 1358 4614 ipsas,
1380 4533 1445 4613 ejus
1473 4531 1661 4595 auctoritas:
1676 4532 1755 4610 uipe-

101 4640 201 4722 lilqne
215 4637 346 4721 amplius
365 4638 398 4699 in
422 4640 587 4717 posterum,
618 4631 718 4693 silua
745 4629 823 4691 cacis
851 4627 974 4691 crumulo
1005 4629 1104 4691 denuo
1130 4630 1338 4710 confirmetur.
1362 4627 1397 4692 Si
1421 4634 1475 4692 lun
1495 4629 1655 4690 sanctitate
1683 4643 1754 4707 pro-

101 4738 201 4815 lunte,
231 4741 380 4811 monente,
405 4730 539 4813 iubente,
565 4727 701 4791 omnilus
730 4725 883 4806 leqendus,
912 4725 1065 4803 terendus,
1094 4728 1317 4810 sequendusque
1348 4731 1538 4809 proponatur
1564 4722 1749 4796 Berrmrdus,

101 4837 160 4901 erit
200 4851 258 4899 voc
299 4834 366 4914 ejus
402 4836 547 4909 tanquam
586 4842 643 4889 vax
682 4823 800 4888 Domini
840 4823 1056 4905 confringentis
1094 4824 1209 4903 cedros,
1254 4822 1457 4888 intercidentis
1495 4821 1640 4882 flammam
1672 4816 1753 4896 ignis

102 4933 197 5018 (Psul.
217 4930 335 5013 xxnn).
352 4926 444 4992 Nullo
466 4924 623 4987 Bernurdo
644 4924 728 4998 uitia,
750 4921 837 4985 nulla
861 4923 988 4985 adnmsc
1000 4927 1133 5004 potestas
1155 4930 1211 4985 ant
1232 4924 1278 4986 ris
1291 4922 1441 4995 resistere,
1465 4918 1527 4980 ileo
1546 4915 1750 4996 sutfrcqanle,

101 5031 253 5098 valelnnt.
271 5030 314 5094 Et
333 5028 564 5107 contrinqentur
585 5021 638 5086 sub
662 5021 839 5085 Alexandro
862 5021 956 5096 cedri,
971 5022 1004 5084 id
1024 5027 1068 5085 est
1091 5022 1192 5102 capitu
1214 5018 1410 5101 superbarum
1431 5022 1460 5078 et
1483 5021 1685 5094 tyrannorum
1696 5036 1707 5088 ,·
1723 5019 1755 5076 et

101 5129 298 5197 intercidetnr
312 5124 440 5207 flamma
463 5121 685 5186 discordiarum
698 5128 789 5201 atque
804 5118 963 5184 bellarum.
980 5119 1019 5183 El
1030 5121 1099 5200 jam
1121 5117 1281 5183 uncitauil
1295 5115 1375 5180 neus
1388 5114 1531 5196 spiritum
1553 5113 1646 5176 uicini
1660 5111 1749 5191 repis,

137 5317 178 5389 (6)
192 5318 232 5372 lie
245 5312 475 5380 consideratione,
490 5309 537 5366 lib.
554 5325 598 5381 nt,
613 5323 674 5382 cap.
689 5312 717 5365 i.

136 5388 175 5460 (7)
190 5387 267 5450 ilio,
282 5401 342 5456 cap.
359 5388 384 5440 i.

138 5461 177 5531 (8)
192 5457 260 5515 Vitoe
277 5457 346 5515 libro
358 5470 390 5529 n,
406 5470 466 5527 cop.
482 5452 508 5507 Ἶ.
