3728 5940
194 197 248 257 ret

670 197 697 255 s.
718 196 882 256 ιιιιιιιιι
903 174 1040 260 leniris
1057 201 1372 269 amna-vimineis

196 320 337 396 cognosci,
361 333 461 390 paucos
483 318 619 375 credimus
641 319 774 393 ignorare.
796 320 842 376 Sio
863 328 889 375 et
911 321 990 378 nobis
1005 339 1029 418 q
1045 324 1143 383 debitis
1168 329 1267 387 eiicere
1295 331 1429 399 laudibus,
1458 342 1486 390 et
1512 335 1582 392 torte
1610 337 1775 406 iustioribus
1801 343 1844 402 bis

195 426 228 466 eir
250 409 376 479 opinione
401 417 454 471 tua,
479 405 637 463 charissime
656 408 751 474 trater,
776 408 891 463 innotuit
910 425 989 480 quam

195 499 232 553 sis
253 507 278 551 et
298 496 330 550 sd
354 493 558 548 sanctimoniam
578 495 755 566 compositus,
782 505 808 551 ιι
826 495 931 569 integer
956 498 989 553 ad

195 583 355 641 doctrinam.
372 583 439 637 Cum
458 582 527 638 cuim
552 584 672 639 locorum
694 583 839 640 interstitio
853 585 989 658 lougiusa

195 681 219 728 te
239 688 406 742 separemur,
422 673 455 726 ad
473 688 523 727 uos
544 680 634 728 ιιιιιι
658 689 746 744 usque
769 675 890 744 pervenit
908 691 987 746 quam

189 761 325 829 iucundas
339 769 430 815 noctes
448 776 509 816 cum
532 771 577 815 tua
600 761 716 817 llacbels
739 762 833 833 ducas,
848 778 908 834 quae
922 779 987 835 pro·

193 848 287 921 genias
300 864 333 903 er
348 848 394 903 lia
408 847 455 902 tibi
470 849 611 916 exuberet,
627 865 707 919 quam
722 857 809 906 totum
824 861 849 905 te
863 851 989 906 exhibeas

193 946 220 994 et
240 939 371 992 cultorem
392 936 506 1003 uirtutis,
526 945 554 992 et
576 939 682 994 bostem
701 938 801 995 carnis.
823 939 883 993 Noti
907 939 988 994 alium

193 1026 342 1098 loquuntur
371 1035 408 1092 te,
435 1027 590 1098 quicunque
614 1028 759 1099 loquuntur
783 1027 862 1084 uobis
890 1028 924 1082 de
952 1037 986 1084 te.

194 1114 265 1171 Talia
277 1124 318 1170 est
336 1115 405 1170 odor
423 1115 477 1170 olei
491 1114 570 1171 eiiusi
584 1117 701 1172 nominis
717 1112 765 1181 ini,
782 1116 845 1171 talia
862 1116 917 1184 iam
933 1126 989 1174 tuo-

194 1221 252 1260 rum
265 1206 376 1276 praemia
390 1204 556 1260 meritorum.
569 1205 623 1260 llas
638 1220 670 1260 eii
680 1219 748 1274 agia
763 1210 811 1260 tuo
823 1204 912 1277 spicas
924 1215 987 1264 ante

193 1308 351 1363 supremam
379 1292 484 1365 colligis
503 1293 677 1351 messionem.
706 1295 735 1348 ln
759 1295 809 1349 hac
836 1296 908 1350 enim
932 1294 987 1351 vita

193 1383 315 1454 quaedsm
332 1397 433 1438 merces
456 1382 560 1438 virtutis
577 1392 618 1439 est
640 1384 815 1453 conspicuum
828 1390 855 1438 et
878 1383 987 1439 immor·

192 1471 245 1527 tale
259 1470 454 1527 testimonium.
471 1471 528 1526 Hoc
551 1472 609 1545 ipsa
624 1472 675 1527 sibi
696 1479 842 1542 comparet,
862 1472 914 1528 boe
934 1472 986 1528 sibi

192 1562 251 1633 ipss
268 1560 396 1616 custodit.
422 1559 507 1630 Hujus
532 1560 661 1631 splendor
684 1576 739 1616 non
761 1560 892 1616 minuitur
914 1561 984 1616 inii·

1044 417 1141 487 quibus
1155 434 1198 475 me
1213 419 1324 490 (ligusto
1339 432 1381 476 est
1394 423 1462 493 ipsa.
1477 422 1584 496 Quippe
1598 425 1710 486 interest
1722 434 1757 486 ad
1772 433 1842 490 dsu-

1044 505 1106 560 dam
1120 522 1211 563 rerum
1225 510 1426 582 certitudinem,
1443 514 1507 583 quid
1521 513 1622 570 incerta
1633 516 1718 586 jactet
1735 523 1840 594 opinio,

1043 591 1161 663 quidque
1187 609 1256 666 opus
1287 598 1397 655 evidens
1420 599 1515 656 reddat
1542 601 1736 663 indubitatum.
1762 607 1842 676 Quod

1042 689 1134 737 autem
1157 683 1256 740 certius
1278 688 1434 757 probamus,
1449 691 1501 746 hoc
1519 698 1546 745 ιι
1569 694 1749 763 predicamus
1761 713 1842 756 secu·

1043 769 1107 824 rius.
1121 769 1188 838 Quae
1206 788 1272 843 ergo
1292 773 1327 828 ad
1351 792 1393 831 me
1415 779 1449 834 de
1464 793 1507 834 me
1523 780 1571 835 tibi
1585 781 1707 840 scribere
1726 786 1837 857 placuit,

1041 857 1142 913 videris
1172 867 1199 914 tu
1227 860 1299 919 uuile
1321 867 1496 935 probaverisa
1521 868 1704 940 epulandum
1732 885 1839 933 tuamm

1042 956 1230 1015 argumentum
1254 960 1331 1008 teneo
1347 953 1456 1010 minime
1478 955 1593 1017 dubium
1612 959 1684 1030 ipsas
1701 964 1758 1019 mei
1777 964 1838 1022 lau-

1041 1035 1156 1091 datrices
1170 1036 1273 1093 litteras
1293 1051 1368 1106 tuss;
1390 1041 1418 1097 iu
1440 1044 1539 1116 quibus
1560 1048 1643 1105 alium
1662 1051 1778 1111 toruus
1792 1058 1838 1113 de·

1040 1123 1124 1180 lectet
1141 1125 1304 1183 eruditionis
1327 1129 1443 1201 insigne,
1464 1149 1554 1192 sermo
1573 1137 1664 1193 suavis
1688 1148 1717 1195 et
1740 1158 1835 1213 purus,

1041 1212 1126 1269 orado
1140 1210 1284 1286 luculenta,
1299 1228 1404 1292 gratum
1419 1220 1608 1295 laudabileque
1620 1229 1811 1298 compendium
1825 1251 1833 1293 ι

1041 1300 1105 1354 mihi
1120 1317 1183 1359 vero
1205 1318 1260 1372 prae
1283 1306 1324 1361 bis
1345 1307 1392 1363 illa
1411 1308 1519 1367 ducitur
1540 1313 1663 1370 miranda
1684 1318 1833 1392 humilitas,

1040 1404 1092 1458 qua
1111 1394 1242 1449 tantillum
1263 1404 1351 1451 tantia
1370 1397 1519 1466 praeiienirc
1531 1403 1640 1469 curasti,
1656 1410 1684 1459 et
1703 1407 1834 1481 obsequio

1039 1480 1184 1549 salutandi,
1199 1490 1226 1539 ιι
1248 1485 1382 1555 praeconio
1403 1487 1576 1559 praedicandi,
1590 1496 1616 1546 et
1641 1496 1770 1562 precandi
1793 1515 1833 1554 rs-

1039 1570 1168 1624 vereutia.
1184 1571 1265 1642 Saue,
1279 1575 1352 1644 quod
1372 1575 1407 1629 ad
1430 1591 1475 1632 me
1498 1578 1602 1648 attinet,
1618 1578 1680 1653 lego
1694 1583 1729 1639 de
1748 1600 1792 1641 uie
1805 1586 1833 1643 is

190 1649 246 1714 dia,
272 1664 327 1704 non
360 1647 540 1704 exterioribus
571 1649 670 1704 studiis
696 1648 850 1719 adjuvetur.
877 1648 983 1720 Quippe
999 1636 1022 1714 Β
1037 1655 1132 1714 litteris
1150 1661 1212 1726 tuis,
1229 1675 1282 1717 nou
1302 1663 1457 1734 quodsum,
1474 1665 1523 1720 sed
1542 1667 1615 1736 quod
1638 1684 1700 1726 esse
1719 1673 1830 1744 vellem,

191 1741 323 1794 bonomm
345 1737 521 1804 existimatio,
538 1735 608 1793 sicut
632 1736 707 1793 latsis
735 1736 916 1794 delationibus
938 1754 984 1793 aii·
1039 1754 1066 1799 ιι
1086 1747 1160 1817 quod
1179 1763 1234 1803 non
1259 1766 1319 1807 esse
1338 1751 1431 1822 pudet.
1454 1753 1647 1812 Verumtamen
1662 1759 1736 1829 qnod
1760 1778 1831 1831 sum,

189 1827 254 1882 terri
273 1816 334 1882 ιιιΙ
352 1835 448 1895 potest,
471 1827 509 1882 ita
527 1840 577 1880 nec
600 1824 757 1880 adulatoriis
783 1824 921 1882 iarombus
943 1842 985 1884 aa·
1038 1840 1112 1888 tuum
1133 1844 1198 1894 est:
1219 1839 1282 1894 etsi
1305 1839 1369 1913 quid
1393 1841 1488 1898 melius
1511 1843 1560 1899 Dei
1579 1860 1697 1917 uuquam
1719 1864 1832 1912 munere

189 1916 268 1988 quiri.
292 1917 378 1972 Penes
401 1916 478 1986 ipsos
495 1924 545 1983 est,
565 1931 623 1970 eain
647 1915 689 1971 vel
712 1917 833 1970 ubertate
856 1918 983 1972 virtutum
1038 1921 1122 1989 luero,
1147 1933 1224 1981 tuum
1250 1927 1310 1984 tore
1334 1927 1471 2000 confidito,
1496 1934 1723 1993 reverendissime
1748 1947 1832 2014 atque

189 2005 331 2078 prolicere,
349 2006 391 2063 vel
405 2004 510 2060 delectu
528 2004 664 2061 minorari.
676 2005 748 2060 Saue
764 2005 798 2059 de
809 2005 983 2061 celeberrime
1036 2014 1218 2072 amantissime
1231 2017 1318 2073 Pater.

187 2096 314 2166 opinione
329 2106 375 2150 tua
388 2109 451 2165 spes
464 2093 493 2149 in
508 2093 570 2148 sinu
584 2094 712 2150 Ecclesiae
725 2094 844 2165 reposita
858 2102 908 2160 est,
923 2110 982 2150 eum

186 2185 298 2239 minime
320 2199 454 2252 casuram,
470 2183 597 2254 quonism
622 2180 731 2237 tundata
759 2179 877 2236 creditur
900 2197 982 2252 supra

184 2270 289 2330 firmam
305 2283 416 2344 petram.

219 2365 247 2417 2.
263 2363 304 2416 Ex
319 2379 350 2418 es
364 2377 425 2432 nos,
442 2369 513 2416 tuam
536 2358 624 2415 edocti
644 2357 826 2424 devotionem,
846 2359 980 2418 desiderio

183 2452 392 2509 desideravimus
410 2451 438 2506 iu
465 2449 611 2506 sacrarium
639 2447 824 2503 familiaritatis
852 2457 904 2505 tiiae
933 2467 978 2506 re-

182 2541 252 2614 cipi,
276 2543 367 2614 ibique
391 2540 575 2597 recordatione
596 2549 684 2593 tecum
709 2553 778 2605 esse,
795 2538 839 2593 ubi
860 2538 979 2609 teipsum

180 2630 287 2686 iuratus
305 2628 445 2698 colloquiis
466 2626 630 2695 mortalium,
644 2641 692 2695 pro
708 2625 865 2682 mortalibus
881 2626 977 2701 loque·

1226 2122 1395 2182 EPISTOLA
1417 2123 1530 2184 cxxiv
1548 2127 1634 2202 (aas).

1033 2231 1071 2270 itu
1095 2231 1212 2278 annuali
1229 2237 1436 2295 uttuesttttrtttt,
1457 2241 1504 2289 ont
1522 2241 1640 2286 NONDU!
1658 2245 1828 2290 neuram·

1197 2308 1326 2350 nommant
1343 2310 1537 2354 lNNOCENssUbl
1556 2314 1655 2355 baran.

1006 2408 1009 2415 ·
1033 2391 1171 2448 Hortatur
1192 2393 1226 2444 ut
1250 2390 1460 2462 innocentium,
1478 2397 1510 2451 ia
1536 2396 1626 2453 Gallia
1647 2396 1680 2454 ab
1702 2399 1829 2459 schisma

1068 2462 1260 2604 ἔθιξῶικιαιίιιίι
1272 2465 1411 2532 casuum,
1425 2470 1470 2521 uti
1490 2468 1648 2539 tapiti'muui
1660 2473 1828 2542 pontificem

1067 2623 1165 2694 linquo
1179 2621 1320 2689 sacerdoti,
1335 2631 1362 2680 et
1376 2624 1481 2681 excelso
1497 2627 1523 2681 in
1545 2627 1629 2683 verba
1648 2629 1743 2701 glorie
1759 2631 1826 2688 lliu-

180 2718 217 2772 ris
242 2733 302 2773 eum
329 2719 402 2785 Rege
434 2715 608 2786 Angelorum.
636 2715 718 2770 Porio
751 2715 814 2769 huic
841 2715 976 2772 desiderio
1030 2725 1171 2777 uenturo,
1194 2713 1243 2767 Dei
1270 2714 1354 2786 gratis
1383 2715 1581 2770 Turonensium
1607 2718 1824 2792 archiepiscopo,

180 2814 273 2861 nostro
296 2807 329 2860 N.
355 2806 428 2872 (bib)
444 2802 586 2859 Treceusis
605 2802 814 2859 archidiaconus
829 2805 975 2874 plurimum
991 2784 1012 2864 b
1029 2799 1196 2856 BERNARDUS
1209 2801 1390 2860 Clathallis
1403 2804 1486 2859 abbas
1500 2806 1598 2870 dictus,
1612 2806 1640 2861 itt
1656 2807 1752 2879 spiritu
1763 2825 1824 2864 am·

179 2894 286 2965 adjecit,
302 2894 342 2950 vir
355 2892 475 2948 moribus
495 2901 521 2947 et
539 2891 688 2947 litteratura
712 2893 887 2965 conspicuus.
903 2895 972 2950 lium

177 2983 226 3039 tibi
239 2998 407 3039 censeremus
421 2980 676 3046 commendandum,
689 2979 739 3035 uisi
754 2991 888 3038 constaret
902 2983 970 3054 illos,

176 3089 244 3146 quos
268 3080 312 3129 tua
331 3071 452 3144 dignaris
473 3069 568 3143 qratia,
584 3068 820 3127 commendatione
843 3071 896 3128 alia
916 3088 971 3128 nou

175 3180 266 3235 cgere.
283 3161 312 3217 st
335 3161 430 3224 nescis,
446 3159 517 3215 illius
535 3157 615 3214 etism
638 3159 808 3215 attestatione
826 3159 971 3218 didicimus

174 3258 201 3306 te
224 3251 251 3305 iu
274 3248 396 3305 Ecclesia
418 3263 489 3316 esse,
503 3248 550 3319 qui
573 3249 606 3302 ad
624 3247 804 3304 eruditionem
823 3247 930 3305 virtutis
944 3260 971 3307 et

174 3340 298 3409 exempla
313 3336 442 3405 sufficias,
457 3345 483 3391 et
496 3337 586 3391 verbo.
600 3336 733 3392 Caeterum
749 3352 782 3392 ue
797 3335 891 3392 litteris
906 3353 970 3407 pro-

174 3426 315 3483 lixioribus
334 3424 466 3494 onereris,
481 3424 583 3496 scripto
607 3425 734 3494 ponimus
757 3423 849 3490 finem,
866 3440 966 3497 supra-

172 3516 251 3572 dietoe
277 3514 411 3587 petitioni,
435 3515 522 3570 donec
548 3511 632 3569 ¹29
658 3513 779 3570 exaudiri
808 3528 967 3585 mereamur,

172 3605 252 3662 tinem
278 3606 385 3662 minime
407 3605 528 3674 posituri.
548 3604 617 3671 Quid
641 3614 770 3661 autema
809 3603 861 3659 boe
884 3602 968 3659 animi

172 3709 259 3765 geras,
282 3695 371 3750 doceri
395 3693 570 3765 deprecamur
591 3695 698 3747 tuamm
726 3706 837 3747 recursu
864 3690 968 3748 littera-

172 3799 241 3841 rum.

364 3871 531 3929 epistota
550 3871 664 3927 cxxiii
679 3870 765 3944 (327).

171 3976 343 4020 assentimini
357 3977 475 4020 taetris
489 3975 631 4015 ananiam
648 3973 686 4015 an
704 3974 905 4019 ιιιιιιιιιιιιιι
923 3975 969 4017 ιι·

345 4068 348 4075 ·
365 4064 515 4107 nonsusirii
529 4063 781 4105 arcaturiscornu.

348 4136 456 4192 Laudes
485 4135 615 4190 laudibus
641 4135 785 4207 rependit.

1025 2890 1129 2955 balare,
1145 2896 1172 2945 et
1185 2892 1359 2960 spiritualiter
1371 2893 1461 2949 omnia
1475 2893 1638 2951 examinare.

1064 2983 1089 3035 l.
1105 2978 1141 3034 Ut
1153 2981 1247 3035 serbis
1260 2997 1309 3039 vos
1323 2983 1487 3053 propheticis
1501 2983 1623 3055 alloquar
1639 3000 1646 3041 :
1662 2984 1822 3046 Conselatia

1026 3065 1189 3123 abscondita
1210 3072 1252 3124 cst
1274 3069 1306 3126 iri
1328 3071 1428 3139 ocutis,
1443 3073 1510 3142 quia
1524 3088 1600 3129 mars
1623 3071 1723 3130 diuidit
1746 3077 1822 3133 inter

1025 3155 1133 3224 fratrer
1147 3155 1227 3226 (Osee
1248 3169 1309 3221 xiii,
1327 3157 1382 3226 ll).
1400 3158 1515 3224 Quidam
1539 3159 1610 3215 euim
1627 3162 1705 3230 juxta
1726 3163 1822 3217 lssium

1024 3241 1149 3298 videntur
1164 3243 1252 3298 i'oedus
1274 3244 1440 3311 permississe
1462 3263 1522 3302 cum
1539 3257 1636 3317 morte,
1653 3259 1681 3306 ιι
1702 3266 1766 3306 cum
1782 3252 1823 3307 iu·

1025 3329 1101 3385 terno
1115 3329 1211 3386 iecisse
1224 3339 1330 3400 pactum
1345 3331 1540 3403 (latimarii,
1553 3335 1609 3404 15).
1622 3338 1692 3394 Ecce
1705 3354 1823 3411 namque

1023 3415 1139 3472 christus
1152 3417 1259 3475 Domini
1281 3420 1331 3474 iste
1345 3418 1519 3475 Innocentius
1541 3421 1646 3491 positus
1661 3434 1704 3480 est
1720 3428 1748 3482 in
1762 3428 1820 3485 rui·

1023 3519 1085 3559 nam
1105 3513 1133 3560 ιι
1153 3502 1181 3559 iu
1204 3506 1427 3564 resurrectionem
1452 3508 1610 3564 multorum.
1626 3511 1695 3566 Nam
1710 3516 1760 3583 qui
1779 3516 1821 3573 dei

1022 3599 1095 3665 sunt,
1110 3591 1225 3650 libenter
1245 3596 1397 3669 iunguntur
1420 3596 1529 3668 eisqui
1546 3605 1634 3654 autem
1657 3615 1691 3655 ιιι
1705 3603 1819 3663 adverso

1022 3687 1082 3747 stat,
1098 3689 1145 3738 aut
1165 3682 1325 3740 antichristi
1348 3691 1400 3750 est,
1415 3694 1462 3741 aut
1481 3686 1676 3744 Antichristus.
1694 3689 1818 3750 Cernitur

1021 3770 1187 3828 abominatio
1201 3780 1273 3829 stare
1291 3772 1319 3828 in
1334 3773 1395 3832 loco
1413 3783 1514 3840 sanae,
1530 3791 1610 3846 quem
1623 3785 1653 3831 ut
1670 3778 1815 3851 obtineret,

1023 3858 1142 3916 incendit
1164 3859 1236 3933 ignis
1256 3864 1437 3919 sanctuarium
1458 3863 1517 3918 Dei.
1537 3863 1710 3936 Persequitur
1733 3868 1816 3923 iuno·

1021 3950 1148 4016 centium,
1163 3958 1189 4004 et
1203 3966 1264 4008 cum
1278 3968 1312 4007 ιο
1336 3967 1445 4008 omnem
1464 3953 1655 4011 innocentiam.
1670 3954 1751 4027 Fugit
1771 3956 1817 4012 ille

1021 4036 1178 4092 nimirums
1202 4037 1269 4094 iacie
1292 4039 1401 4107 leonis,
1416 4041 1487 4098 sieut
1509 4041 1574 4096 dicit
1590 4043 1745 4114 propheta:
1764 4047 1816 4103 Lea

1020 4125 1124 4194 rapiet,
1137 4126 1199 4195 quis
1213 4142 1270 4184 nou
1281 4127 1407 4183 timebit?
1423 4131 1514 4190 timos
1524 4143 1564 4194 ιιι,
1577 4128 1617 4201 8.)
1627 4129 1705 4202 Fugit
1719 4146 1815 4187 secun-

205 4225 297 4277 ponus
312 4222 393 4276 h0m0
416 4226 449 4275 de
463 4221 536 4276 bono
550 4223 679 4274 thesauro
693 4221 782 4275 comis
805 4218 848 4273 sui
863 4217 966 4288 proserp
982 4229 1005 4306 ο
1020 4209 1085 4264 dum
1110 4223 1273 4286 praeceptum
1289 4216 1392 4272 Doiniui
1412 4217 1542 4273 dicentis:
1568 4220 1599 4276 Si
1612 4237 1658 4276 uos
1672 4224 1815 4293 persecuti

169 4309 280 4363 bouum.
307 4307 411 4377 Scripta
434 4306 528 4377 gloriis
553 4317 615 4372 tua,
632 4305 686 4361 imo
709 4314 736 4359 et
757 4321 832 4371 meae,
848 4307 913 4360 satis
935 4307 966 4361 li·
1018 4301 1128 4370 fuerint
1142 4303 1173 4356 t'tt
1187 4318 1247 4358 ιιι
1260 4304 1387 4373 civitate.
1402 4308 1494 4379 subiit
1508 4309 1541 4363 ia
1555 4309 1645 4365 aliam
1655 4309 1771 4381 (aurit.
1783 4328 1814 4380 Χ»

169 4396 266 4451 beuter
288 4393 387 4465 accepi,
410 4395 450 4448 vir
465 4394 547 4449 totins
567 4393 735 4459 reverentiae,
754 4402 849 4449 teneus
864 4392 890 4447 iii
913 4392 966 4447 illis
1019 4389 1075 4458 23).
1088 4389 1179 4459 Fugit,
1188 4399 1214 4445 et
1227 4391 1254 4446 iu
1271 4394 1322 4449 hoc
1337 4411 1398 4451 vere
1412 4396 1498 4451 virum
1513 4413 1543 4453 se
1555 4399 1734 4468 apostolicum
1748 4416 1816 4471 pro-

168 4483 240 4537 unde
255 4490 281 4537 te
295 4497 348 4535 uon
364 4480 499 4536 immerito
514 4479 674 4554 gloriticem,
688 4489 714 4535 ιι
728 4481 785 4551 ipse
798 4496 852 4535 non
868 4481 964 4537 imme·
1018 4477 1095 4546 bans,
1118 4480 1190 4548 quod
1215 4481 1360 4551 apostolica
1381 4499 1441 4540 sese
1463 4485 1549 4542 torma
1573 4486 1733 4561 insignierit.
1759 4489 1815 4546 Nec

168 4573 220 4628 rito
242 4569 351 4645 glorier.
375 4570 514 4641 Siquidem
539 4569 624 4642 gloria
643 4578 734 4625 nostra
755 4572 813 4626 baec
838 4578 888 4638 est,
912 4579 964 4626 tuae
1017 4565 1089 4622 euim
1111 4568 1208 4625 Paulus
1227 4572 1335 4628 erubuit
1349 4575 1376 4629 iu
1391 4587 1482 4645 sporta
1505 4575 1610 4632 demitti
1630 4593 1681 4648 per
1696 4593 1813 4649 murum,

168 4660 342 4717 Subliiiiiiatis
362 4661 494 4732 dignatio,
510 4667 554 4714 tua
574 4668 672 4714 nostrae
692 4661 827 4728 reputatio
848 4659 961 4728 puririta-
1016 4664 1043 4711 ιι
1064 4657 1105 4713 sic
1125 4659 1247 4727 elingere
1272 4679 1366 4719 maniis
1390 4668 1566 4737 quaerentium
1587 4665 1702 4721 animam
1731 4683 1813 4724 suum

168 4752 211 4807 tis.
228 4752 330 4819 Nempe
345 4749 372 4804 iu
387 4748 440 4804 alto
459 4763 513 4803 nou
532 4750 616 4802 altum
631 4763 737 4816 sapere,
754 4749 800 4803 sed
815 4747 963 4806 humilibus
1016 4747 1088 4816 (det.
1105 4762 1144 4811 iii,
1161 4750 1216 4819 25).
1234 4749 1353 4822 siringii
1367 4764 1457 4808 sutem
1474 4769 1527 4809 riou
1540 4767 1652 4827 parcens
1667 4753 1728 4809 vitae
1742 4772 1809 4823 stite,

166 4839 330 4905 consentire,
347 4837 382 4892 nil
408 4840 464 4892 Deo
488 4837 606 4907 charius,
622 4837 659 4891 nel
682 4852 723 4891 rar
759 4837 855 4907 sapud
877 4841 963 4894 homi·
1015 4834 1062 4888 sed
1077 4834 1240 4892 darislocum
1257 4838 1322 4894 irie:
1339 4855 1390 4895 ιιι
1405 4839 1488 4896 180
1501 4854 1530 4899 ιι
1544 4856 1602 4898 mor
1613 4856 1655 4897 em
1672 4843 1809 4909 eraderet,

166 4943 225 4987 nes.
241 4929 309 4996 Quis
329 4928 449 4998 sapiens,
466 4924 517 4980 nii
541 4924 585 4993 qui
609 4925 754 4995 Sapientiae
785 4926 901 4984 ,basiliis
919 4943 962 4982 ac
1014 4926 1061 4977 sed
1078 4937 1106 4978 ui
1127 4924 1209 4980 vitain
1228 4935 1384 4997 acquireret.
1401 4929 1493 4985 blerito
1512 4929 1633 4986 Ecclesia
1652 4929 1809 4986 tunna-nito

166 5018 299 5086 quiescit?
314 5018 352 5070 ait
370 5026 473 5070 autem:
493 5015 603 5082 Quanto
617 5017 709 5083 major
723 5029 762 5078 cs,
777 5019 857 5073 tanto
872 5015 962 5072 bumi·
1013 5013 1137 5067 coni-edit
1164 5013 1247 5084 ipsius
1273 5014 1367 5082 vicem,
1391 5033 1471 5088 quem
1499 5034 1550 5088 per
1577 5018 1673 5074 eadem
1699 5018 1812 5091 vestigia

166 5102 205 5159 lia
231 5109 259 5161 tc
285 5104 317 5158 iu
342 5105 471 5160 ornabas
495 5102 593 5171 (dccli.
619 5117 661 5168 iii,
686 5104 742 5174 ιι).
808 5117 869 5157 ιιι
895 5102 958 5172 mih,
1014 5101 1183 5172 gradientem
1198 5102 1294 5155 cernit.

163 5191 317 5260 exhibuisti,
345 5192 442 5248 minori
466 5191 564 5260 major,
593 5192 681 5247 senior
707 5190 819 5260 juniori.
849 5191 958 5245 Possem
1048 5189 1419 5264 athenieniensium
1441 5191 1601 5252 innocentii.
1617 5192 1732 5250 Laborat
1746 5195 1809 5264 qui-

162 5279 275 5350 proiude
295 5287 322 5334 et
341 5294 392 5351 ago
415 5289 486 5336 tuam
506 5280 647 5350 probatam
666 5277 825 5351 sapientiam
846 5293 902 5335 nou
917 5280 959 5333 in·
1011 5278 1083 5346 dein,
1098 5277 1147 5333 sed
1161 5277 1318 5336 honestatur
1333 5278 1360 5335 iu
1375 5280 1514 5338 laboribus
1528 5280 1595 5338 suis.
1614 5280 1713 5338 Pulsus
1726 5279 1808 5348 Urbe,

195 5415 272 5476 ‘bibl
290 5416 440 5475 (lebuinus.
455 5416 524 5475 Vide
537 5427 616 5475 nous
631 5418 665 5476 ad
680 5418 823 5492 epistolam
837 5420 881 5477 tt.

195 5487 271 5559 (ιιι)
291 5488 396 5561 scripta
409 5488 479 5546 circi
492 5501 596 5548 urim
610 5490 691 5548 tino.
1044 5421 1121 5494 (³²⁸)
1136 5417 1242 5495 scripu
1255 5436 1325 5481 nica
1337 5437 1437 5480 niun
1451 5425 1531 5482 iiii.
