3728 5940
116 189 173 251 309
850 201 1034 268 calavath.
1712 207 1766 270 310

119 319 147 381 1,
162 316 222 387 112),
236 325 264 372 et
275 317 355 419 hasta
367 320 426 390 ejus
440 336 495 378 non
508 333 550 379 est
563 338 665 382 avesa.
680 326 711 382 ln
739 340 793 398 quo
824 333 915 385 tamen
930 345 954 425 fl
969 339 1097 402 tentatur,
1113 322 1297 409 Innocentius,
1313 343 1365 407 est,
1386 342 1412 391 et
1435 333 1507 391 lilius
1533 330 1683 408 iniquitatis
1709 350 1764 393 non

116 403 204 460 verbo
226 421 274 460 rex
309 408 419 478 quidem
448 411 572 467 turbatus
586 421 629 468 est
649 414 717 470 :sed
744 428 799 471 non
827 417 916 473 omnis
970 432 1086 494 apponet
1099 425 1244 482 nocereei.
1474 488 1477 493 ,

115 491 287 562 ierosolyma
302 510 363 551 cum
379 496 435 553 illc.
449 499 535 571 lingis
549 509 639 556 sutem
658 502 789 575 mitigavit
808 517 916 562 omnem
945 492 949 506 ’
1008 512 1033 566 l.
1049 513 1088 569 De
1115 523 1212 570 cetero
1240 513 1397 571 memoriam
1421 511 1594 569 abundantia
1623 513 1767 573 suavitatis

116 580 186 635 iram
201 596 279 637 suam
300 590 327 638 et
355 584 413 656 ipse
442 586 558 644 tandem.
586 589 700 647 Erubuit
726 590 869 662 siquidem,
890 601 917 648 et
971 605 1033 664 tuae,
1048 599 1202 657 dulcissime
1217 603 1304 671 Pater,
1320 601 1387 657 dum
1405 598 1573 669 suspiramus
1593 602 1764 669 presentiam

115 669 207 725 timuit
248 671 344 728 amari
383 672 481 730 frustra
520 679 650 735 adversus
698 680 850 747 Dominum,
888 690 916 736 et
971 687 1084 743 dulciter
1099 689 1213 746 invicem
1229 698 1406 746 eructamus:
1432 689 1495 759 quia
1521 704 1645 745 caremus
1667 689 1766 757 itta‚in

115 761 250 818 adversus
272 764 408 820 Christum
433 767 502 837 eius.
530 769 597 826 lline
619 786 728 840 prorsus
750 772 852 829 elevata
875 781 917 829 est
969 784 1020 830 usta
1034 778 1218 835 consolamur.
1236 779 1297 835 llaec
1310 777 1402 834 sedula
1424 776 1563 848 cordibus,
1591 779 1650 834 haec
1673 779 1765 838 nribus

113 849 320 923 magnificantia
335 860 380 908 tua
400 869 481 924 super
495 856 596 913 coelos:
615 865 716 914 tautum
731 867 760 914 ut
781 858 916 917 laudabile
968 862 1105 935 frequens,
1122 866 1160 921 sal
1179 877 1220 922 est
1238 867 1265 920 iu
1289 867 1362 922 ornui
1386 880 1522 933 sermone,
1551 881 1629 920 aures
1653 867 1763 941 mulcet,

113 939 281 1011 principium
299 941 436 1014 condigno
450 943 523 999 exitu
542 957 704 1015 perornetur
725 948 810 1016 (tta).
834 947 914 1018 Quod
969 952 1090 1010 dulcorat
1103 970 1161 1021 ora,
1186 956 1269 1010 corda
1283 963 1387 1010 recreat
1409 962 1435 1009 et
1454 952 1602 1008 inflammat
1620 971 1626 1007 :
1642 956 1762 1011 celeber·

111 1026 228 1098 quidem
267 1029 388 1085 suniversi
430 1032 478 1103 qui
515 1049 565 1089 vos
601 1043 702 1105 emant,
740 1036 913 1092 vehementer
967 1039 1320 1098 rimaestincouventihus
1336 1048 1498 1111 sanctorum,
1516 1040 1648 1113 colloquia
1663 1044 1763 1114 condit,

112 1123 274 1186 exspectant
290 1134 297 1170 ι
315 1117 394 1188 idque
408 1117 528 1191 flagitant
543 1124 681 1178 maturari.

147 1206 176 1258 3.
197 1202 267 1258 Sane
291 1204 373 1260 simili
396 1207 464 1275 zelo,
483 1218 509 1263 et
536 1207 562 1262 in
591 1225 672 1266 manu
689 1227 766 1282 aeque
795 1213 909 1283 potenti,

109 1289 243 1348 Ecclesia
266 1293 416 1349 Turonensi
444 1297 612 1369 jamjamque
640 1299 786 1355 subvenire
801 1315 912 1356 necesse

111 1387 164 1434 est.
180 1380 311 1449 Alioquin
330 1396 416 1453 prope
429 1383 567 1441 interitum
584 1394 625 1441 est
639 1397 666 1442 et
682 1386 752 1458 ipsa,
781 1388 833 1443 nisi
857 1389 911 1445 cito

110 1465 205 1522 ieratis
232 1468 373 1525 cundiam.
407 1471 527 1543 Resiluit,
565 1481 594 1530 ut
631 1474 716 1542 aium,
764 1475 911 1535 Gisleberti

108 1554 223 1625 spiritus
242 1559 318 1628 (111)
338 1560 365 1612 in
392 1560 527 1632 Philippo,
544 1562 629 1635 ipsius
657 1564 735 1635 plane
762 1574 789 1621 et
815 1574 912 1636 nepote

108 1643 214 1710 carnis,
257 1656 285 1700 et
323 1646 431 1703 haerede
467 1651 632 1708 ambitionis.
672 1654 779 1725 Quanta
814 1670 911 1727 nempe

967 1128 1115 1202 impinguat
1132 1147 1234 1202 preces,
1251 1131 1283 1186 ad
1299 1132 1431 1187 orandum
1445 1128 1583 1186 sollicitat.
1603 1128 1719 1189 Oramus
1738 1145 1765 1192 et

965 1233 1036 1273 nunc
1051 1218 1158 1275 solliciti
1170 1236 1217 1290 pro
1242 1220 1318 1277 vohis
1347 1227 1375 1275 et
1397 1218 1506 1288 vestris,
1530 1226 1559 1275 ut
1583 1227 1683 1277 aeterna
1706 1238 1763 1283 me-

964 1307 1050 1361 moria
1066 1306 1163 1379 dignos
1176 1325 1224 1364 vos
1248 1309 1305 1381 ipsa
1325 1310 1461 1366 eternitas
1479 1314 1585 1385 haheat,
1602 1313 1646 1372 cui
1664 1318 1693 1368 et
1715 1328 1764 1385 pro

964 1411 1018 1467 qua
1037 1397 1220 1468 temporaliter
1235 1398 1375 1456 laboratis.
1392 1403 1488 1460 Amen.

1238 1514 1403 1574 Evtsvott
1417 1518 1481 1575 CLI.

928 1590 949 1668 Β
964 1613 1001 1654 sn
1013 1613 1163 1657 navarreus
1173 1616 1349 1661 runonsnsvs
1359 1621 1499 1663 accnssrns
1509 1608 1761 1680 suavssumam).

966 1689 1083 1744 crucem
1092 1691 1186 1745 aniani
1199 1692 1246 1748 sni
1255 1691 1378 1750 dolorem
1388 1697 1565 1767 exprimitis
1586 1698 1761 1781 erPhilippn,

107 1731 270 1830 nd⁰¹J¹i¹¹³¹ldl
299 1735 443 1806 ⁰¹¹Pidl¹⁸l⁰
465 1748 492 1794 0²
524 1740 573 1795 isle
603 1742 710 1808 1111θῦἰῦ
747 1742 907 1811 inardessfflb
1003 1761 1171 1817 Turonensis
1181 1762 1312 1819 Ecclesia²
1319 1768 1539 1835 presentant
1595 1768 1660 1825 hilis
1672 1769 1762 1826 moda

106 1821 208 1876 inducat
219 1823 315 1880 matris
327 1840 385 1880 snae
400 1826 525 1882 Ecclesiae
538 1827 684 1887 diuturnus
713 1841 739 1886 et
765 1830 908 1887 miserahi-
998 1829 1150 1887 ambiente.

105 1906 139 1963 lis
159 1909 306 1976 cruciatus,
332 1929 388 1985 quo
402 1930 472 1987 pene
490 1933 550 1971 eam
566 1917 697 1975 eviscerat
714 1919 805 1983 miser,
825 1928 856 1975 ut
877 1935 907 1975 se
998 1917 1082 1972 Doleo
1096 1934 1179 1990 super
1198 1928 1234 1986 te,
1251 1919 1376 1993 Philippa
1389 1925 1547 1981 charissime
1568 1927 1640 1983 :sed
1668 1941 1762 1997 quaeso

105 1998 282 2067 parturiatiu
299 2001 502 2060 honoremllst
521 2016 744 2064 tamemauctore
767 2008 825 2064 Deo
848 2010 908 2078 ejus
961 2011 987 2060 te
1001 2020 1035 2061 ne
1049 2006 1137 2062 rideas
1151 2007 1273 2064 dolorem
1297 2026 1399 2077 meum3
1433 2028 1494 2068 nam
1523 2015 1545 2069 si
1575 2011 1622 2073 tihi
1651 2012 1761 2070 minime

106 2087 375 2159 tergiversationibus
403 2091 463 2148 finis
492 2095 599 2150 tandem
624 2094 769 2165 impositus
791 2113 798 2151 ι
815 2096 837 2150 si
863 2105 906 2150 ta·
962 2093 1060 2150 videris
1076 2094 1186 2151 lorsitan
1201 2113 1264 2152 esse
1278 2099 1420 2169 dolendus,
1437 2101 1498 2158 ideo
1513 2103 1601 2175 magis
1615 2102 1760 2160 dolendus.

106 2189 181 2245 men,
197 2176 270 2246 quod
291 2178 408 2236 dictante
428 2181 543 2250 justitia,
569 2193 596 2239 et
625 2184 802 2254 compellente
825 2185 905 2240 mali·
960 2181 1000 2237 Tu
1016 2182 1118 2239 videris
1133 2183 1198 2256 qnid
1214 2186 1247 2241 de
1262 2193 1290 2243 te
1305 2189 1407 2246 sentias
1425 2208 1432 2246 :
1448 2206 1500 2262 ego
1510 2200 1536 2249 te
1554 2192 1670 2251 arbitror
1684 2190 1758 2250 omni

104 2265 152 2333 ba,
179 2271 205 2321 et
232 2282 299 2336 pace
326 2280 486 2340 provocante
512 2270 539 2325 in
569 2287 631 2327 eum
656 2281 811 2340 actumest,
836 2287 905 2346 apo·
960 2260 1138 2342 lacrymarum
1156 2272 1240 2333 too
1256 2275 1329 2332 lonte
1354 2278 1550 2350 plangendum.
1575 2280 1660 2338 Dolor
1684 2295 1761 2337 meus

106 2352 210 2411 stnhcae
234 2357 384 2414 auctoritati
417 2366 503 2414 ratum
527 2360 627 2416 habere
656 2361 797 2433 placuerit.
826 2362 905 2418 Absit
958 2373 1012 2412 non
1036 2369 1077 2414 est
1100 2361 1201 2432 dignus
1234 2363 1452 2429 subsanuatione,
1477 2367 1525 2422 sed
1550 2367 1758 2441 compassione:

105 2448 198 2495 autem
214 2453 243 2496 m
256 2443 404 2500 contundat
426 2446 522 2527 unctes
544 2463 608 2505 suos
623 2450 744 2523 benigna
764 2453 903 2520 majestas,
957 2446 1019 2518 quia
1040 2447 1118 2502 dolor
1141 2465 1293 2506 mousson
1321 2459 1363 2508 est
1384 2453 1419 2508 de
1441 2468 1520 2511 carne
1562 2467 1589 2513 et
1611 2455 1758 2530 sanguinet

105 2525 207 2596 quihus
238 2529 311 2585 idem
330 2534 468 2609 negotium
494 2537 605 2609 dignum
632 2539 711 2595 duxit
738 2541 904 2596 committere
957 2548 1012 2587 ”0¹¹
1028 2535 1528 2609 deamissionererumperitnrarum,
1545 2543 1641 2599 selide
1679 2550 1760 2610 ῐθιῡ

104 2614 307 2675 terminandum
317 2619 324 2677 l
336 2623 423 2694 Absit,
439 2625 509 2680 absit
523 2635 552 2682 ut
564 2642 636 2682 saeva
646 2627 755 2683 ambitio
770 2626 903 2698 retugium
956 2620 1079 2694 Philipps
1097 2623 1104 2680 l
1120 2624 1183 2679 Non
1199 2626 1274 2694 potui
1302 2628 1458 2697 expressius
1473 2626 1659 2687 demonstrare
1680 2647 1759 2705 maq-

102 2700 204 2777 ι1111111111
232 2707 305 2778 apud
334 2710 494 2768 iunocentiae
521 2713 718 2770 defensoreml
744 2714 800 2771 lloc
814 2716 903 2786 ipsum
959 2708 1110 2765 citudinem
1136 2728 1225 2768 causae
1249 2712 1350 2770 doloris
1372 2716 1537 2790 :Philippus
1560 2720 1642 2774 estin
1668 2735 1757 2776 causa.

103 2801 215 2863 quantae
229 2797 350 2854 audacia
369 2807 410 2855 est
430 2800 501 2873 quod
514 2811 608 2873 tentat,
630 2811 739 2877 quantae
762 2804 905 2860 dementia
959 2798 1026 2854 Cum
1046 2801 1180 2869 hoodico,
1196 2820 1305 2878 gravem
1326 2805 1454 2862 Ecclesia
1476 2808 1621 2877 pronuntio
1647 2807 1757 2880 luctum,

103 2881 179 2950 quod
207 2884 317 2954 sperat!
346 2888 435 2944 Semel
465 2900 492 2945 et
519 2891 638 2948 secundo
672 2892 731 2961 jam
761 2892 938 2970 apostotici.)
958 2902 1018 2956 quae
1034 2897 1059 2944 te
1080 2888 1226 2962 aliquando
1254 2907 1305 2948 sno
1332 2895 1436 2967 gremio
1462 2894 1633 2961 confovebat,
1660 2895 1759 2971 germi-

103 2979 276 3043 e.‚ntemptop
291 2975 418 3046 mandati,
432 2977 565 3046 justitiam
586 2980 770 3054 subterfugit:
786 2990 813 3035 11
828 2997 900 3038 nunc
953 2983 1059 3031 nantem
1073 2977 1141 3031 sicut
1164 2977 1258 3048 lilium,
1275 2980 1414 3038 torentem
1429 2983 1509 3038 donis
1528 2983 1687 3040 coelestibus
1703 2982 1753 3058 [ot.

103 3056 299 3131 impudentiori
323 3064 474 3120 temeritate
503 3068 585 3123 sudet
608 3067 698 3124 denuo
726 3068 900 3125 nihilominus
952 3062 1092 3120 florentem
1107 3066 1185 3121 donis
1200 3066 1367 3141 innumerisl.
1387 3069 1455 3138 Quis
1473 3070 1680 3142 tnnctemporis
1704 3086 1757 3127 nou

102 3154 186 3215 tauta
207 3150 473 3222 aequitatistultibus
491 3156 662 3226 praesentat-il
683 3158 732 3213 Cui
755 3159 900 3213 obscurum
953 3151 1093 3221 clamabat,
1107 3153 1187 3208 honae
1203 3155 1262 3229 spei
1273 3157 1420 3225 juvamem,
1441 3157 1519 3215 bonae
1546 3157 1643 3215 indolis
1666 3157 1756 3214 adole·

100 3244 142 3291 est
156 3253 239 3308 quens
254 3239 337 3311 impie
351 3242 454 3313 cogitet
469 3243 495 3296 in
513 3259 673 3301 mammonae
689 3247 792 3302 viribus
806 3248 901 3302 turrim
955 3242 1100 3299 smntemt
1129 3244 1181 3298 Sed
1218 3244 1290 3301 heul
1319 3253 1438 3303 mutatus
1461 3256 1501 3303 est
1528 3247 1604 3305 color
1640 3247 1756 3317 optimus

99 3322 271 3384 fortitudinis
284 3343 451 3402 oppugnare,
464 3332 545 3386 homo
561 3333 607 3404 qui
622 3334 656 3389 de
664 3334 770 3404 justitia
796 3335 902 3406 penitus
958 3332 1071 3400 (Thrcn.
1088 3345 1127 3402 tv,
1149 3332 1226 3402 1).·Δ
1241 3340 1340 3403 quauta
1355 3349 1404 3405 spe
1431 3333 1532 3392 decidit
1559 3334 1673 3391 Francia
1694 3334 1755 3407 quae

81 3426 155 3475 ,non
170 3414 311 3484 presumit
327 3415 334 3472 l
351 3417 401 3473 Sed
431 3419 525 3475 securi
553 3436 647 3477 sumus
671 3423 829 3496 :siquidem
857 3423 903 3494 qui
957 3427 983 3474 te
998 3418 1093 3490 genuit
1107 3429 1133 3473 et
1146 3418 1268 3476 nutrivitl
1289 3420 1350 3478 Osi
1368 3421 1541 3497 cognovisses
1566 3429 1592 3476 et
1607 3429 1636 3477 tn
1652 3419 1659 3478 l
1676 3422 1753 3491 (huc.

101 3555 440 3631 hanciujuriam,quaein
454 3561 596 3617 dominnm
612 3578 707 3633 papam
723 3564 903 3633 redundabat,
957 3559 1025 3615 herti
1041 3566 1103 3615 ente
1130 3561 1315 3618 llildebertum
1349 3565 1376 3619 in
1403 3562 1497 3618 eadem
1529 3561 1595 3619 sede
1618 3561 1754 3619 ambitiosi

101 3625 199 3684 ulcisci
215 3643 268 3683 non
288 3628 420 3685 differret.
444 3631 566 3687 »Exstat
587 3633 689 3688 ibidem
710 3634 763 3689 alia
786 3635 905 3704 ejusdem
958 3629 1079 3700 episcopi
1107 3639 1246 3703 nepotem,
1275 3633 1335 3688 aliis
1363 3632 1576 3690 reclamantibus
1602 3633 1752 3709 elegerunt.

102 3698 261 3769 argumenti
280 3702 427 3773 epistolae
446 3701 576 3758 Gauirido
599 3703 726 3774 episcopo
750 3707 906 3762 carnotensi
958 3699 1102 3770 Philippus
1130 3703 1272 3757 coul'estim
1301 3704 1461 3760 Auacletum
1498 3703 1753 3775 pseudopontificem

104 3769 139 3822 ad
170 3768 330 3837 praedictum
356 3772 512 3842 llenrieum,
537 3777 705 3830 transmissa.
730 3776 764 3830 Et
791 3774 907 3830 fortasse
960 3770 1035 3834 adiit,
1054 3772 1129 3825 ntah
1158 3772 1408 3828 encoutirmaretur
1430 3784 1456 3828 et
1478 3774 1663 3840 ordinaretur;
1680 3774 1756 3830 moa·

103 3838 229 3894 loannes
243 3840 287 3895 ille
302 3842 422 3898 intrusus
437 3859 513 3898 suam
529 3845 683 3917 dignitatem
694 3845 776 3917 Regis
786 3847 907 3901 auctori·
961 3854 1013 3965 3⁰⁰
1027 3842 1151 3896 Turonos
1166 3858 1291 3898 reversus
1315 3854 1364 3897 est.
1380 3844 1489 3900 interim
1504 3844 1593 3917 ttugo,
1621 3845 1662 3899 vir
1685 3849 1750 3915 pru·

103 3915 160 3964 tete
172 3910 335 3967 vindicabat.
352 3913 404 3969 Sed
423 3914 529 3970 taudem
538 3914 712 3970 Innocentius
726 3930 793 3986 papa
802 3925 908 3988 arrepta
981 3926 1028 3965 eus
1041 3911 1188 3978 etnobilis‚
1204 3928 1220 3967 a
1234 3913 1335 3968 saniori
1364 3922 1440 3969 nerto
1463 3914 1619 3969 eorumdem
1633 3915 1752 3970 elerico-

102 3995 297 4051 oppressornm
312 3984 404 4053 tutela,
422 4000 494 4041 nune
517 3985 588 4041 dicto
604 3985 737 4041 Gaulrido
751 3989 908 4042 carnotensi
962 3997 1024 4036 rum
1037 3984 1163 4037 canonice
1177 3983 1292 4053 eligitur,
1305 3990 1331 4037 et
1345 3983 1372 4036 in
1397 3983 1612 4039 cenomannensi
1634 3985 1753 4041 Ecclesia

102 4054 262 4123 apostolieae
276 4055 348 4109 sedis
362 4056 533 4127 legatoistius
542 4073 631 4113 causae
641 4072 730 4111 euram
745 4066 773 4113 et
791 4058 906 4128 patrocl—
960 4051 1109 4108 alluidone
1124 4062 1151 4107 et
1169 4051 1439 4122 comprovincialibus
1452 4052 1586 4124 episeopis
1613 4068 1754 4111 consecra·

104 4126 183 4177 nium
200 4121 380 4192 demandavit,
396 4136 424 4182 et
441 4141 502 4181 reos
522 4127 555 4180 ad
574 4126 788 4183 satisfaciendum
805 4130 903 4199 coepit.
923 4091 1019 4180 ntur:
1033 4138 1088 4193 quo
1103 4124 1241 4196 Philippus
1263 4123 1383 4194 cognito,
1399 4137 1492 4178 secum
1516 4132 1673 4178 ornamenta
1696 4124 1752 4179 Ec-

141 4192 220 4266 (113)
233 4195 284 4251 llic
298 4197 408 4267 quidam
434 4197 498 4253 editi
522 4198 695 4269 interponunt
718 4200 787 4253 duos
810 4214 904 4256 versus
958 4194 1195 4258 clesiaedelerens,
1220 4193 1309 4249 furtim
1339 4191 1455 4265 nulngit.
1489 4212 1501 4247 n
1530 4195 1593 4250 llaec
1620 4208 1652 4249 ex
1680 4194 1753 4250 Actis

101 4271 200 4320 contra
215 4263 293 4320 fidem
311 4268 567 4338 manuscriptorum.
957 4265 1147 4336 episcoporum
1164 4265 1425 4321 Cenomanneusiuru
1440 4263 1521 4320 editis
1536 4265 1563 4320 in
1586 4272 1661 4321 toruo
1675 4267 1752 4322 tertio

141 4334 217 4405 (tttt
233 4336 403 4393 Gislebertus
424 4355 471 4393 sen
498 4338 637 4394 Gilhertus
656 4339 784 4395 decessor
808 4338 902 4394 Hilde-

102 4405 190 4471 berti,
207 4406 253 4474 qui
268 4422 339 4462 anuo
354 4412 423 4464 ttae
448 4424 482 4464 ex
496 4409 623 4466 cathedra
641 4408 852 4465 Cenomanneusi
876 4411 903 4464 in

103 4477 274 4532 Turonicam
288 4481 430 4534 translatus
443 4488 496 4547 est,
510 4495 625 4553 eamque
648 4481 734 4536 tenuit
756 4481 833 4535 anuis
855 4496 903 4535 sex

104 4562 171 4603 curn
190 4547 301 4603 totidem
318 4549 466 4616 mensibus,
483 4557 513 4604 ut
531 4551 564 4605 ad
583 4566 598 4605 e
619 4550 724 4606 istolam
750 4554 803 4606 {22
822 4563 903 4606 nota-

105 4619 208 4674 vimus.
223 4619 264 4674 Eo
277 4628 384 4676 mortuo
397 4621 537 4693 Philippus
555 4568 698 4676 Gisieberti
726 4636 811 4693 nepos
826 4621 904 4676 malis

104 4690 211 4744 artibus
226 4690 317 4746 amem
333 4691 462 4748 invadens
476 4692 579 4747 laverna
592 4693 731 4756 Anacleto,
757 4693 818 4747 huic
842 4692 903 4762 epi·

104 4762 185 4815 molae
198 4761 367 4817 occasionem
382 4763 466 4827 dedit,
482 4771 508 4818 et
522 4763 654 4834 sequenti,
676 4778 737 4832 que
751 4763 825 4834 prior
839 4763 906 4817 scri-

103 4842 155 4898 pta
177 4837 220 4886 est
238 4830 363 4902 Philippo
377 4834 473 4888 cedere
489 4840 592 4898 coactu,
610 4835 688 4958 liupo
702 4836 830 4889 canonice
844 4831 901 4888 sni-

103 4901 202 4958 iectus.
218 4901 292 4974 Lege
306 4903 497 4959 analectorum
513 4914 614 4959 tomum
628 4904 649 4957 ll
668 4919 723 4975 ‚pa
745 4948 751 4960 .
768 4907 830 4959 338.

142 4973 220 5043 (tte)
234 4972 338 5041 Scripta
353 4986 393 5030 est
406 4974 465 5031 hac
484 4974 599 5044 epistola
615 4974 692 5030 'anno
724 4920 743 5028 i
745 4978 804 5029 133.
828 4971 904 5031 dlias

101 5042 270 5109 inscribitur.
286 5046 328 5101 Ad
346 5045 440 5117 Philip
462 5062 510 5101 cns
529 5047 696 5101 Turonensis
710 5046 841 5103 Ecclesioe
852 5046 904 5102 ele

103 5119 196 5173 ctum.
210 5136 269 5167 -1
298 5123 375 5172 Anno
400 5062 479 5184 ttfft,
497 5116 652 5171 llildeberto
667 5117 790 5172 Ecclesia
813 5117 903 5171 Turo-

103 5185 198 5240 nensis
213 5185 340 5257 pontifice
355 5197 472 5254 mortuo,
489 5187 610 5243 canonici
631 5187 754 5255 eiusdem
776 5185 904 5242 Ecclesia

103 5256 237 5312 violentia
251 5256 370 5315 Gollridi
386 5259 493 5314 comitis
509 5257 625 5329 propriis
640 5258 750 5313 sedibus
768 5264 829 5314 sunt
854 5273 904 5312 ex-

105 5327 270 5409 pabillum
287 5342 350 5385 vero
357 5328 512 5401 pontilleem
520 5328 781 5384 canonicedeherent
792 5328 903 5401 eligere,

105 5415 135 5454 ιιι
152 5408 243 5468 partes
263 5398 341 5455 divisi
356 5407 428 5457 sunt.
443 5399 558 5469 Quidam
577 5398 649 5452 enim
674 5399 790 5466 illorum,
813 5405 905 5454 contra

106 5478 266 5528 sauctorum
278 5470 346 5527 scita
359 5485 504 5539 canonum,
520 5467 663 5544 quemdam
671 5469 834 5543 Philippum,
844 5469 905 5526 Gil-

957 4336 1240 4392 sustenementum
1261 4337 1318 4390 hac
1332 4345 1488 4409 agerentur,
1515 4335 1679 4406 bernardus,
1707 4339 1753 4409 qui

957 4414 1022 4461 tnnc
1045 4406 1155 4462 Viterhii
1184 4408 1347 4468 morabatur,
1385 4408 1435 4461 has
1463 4407 1565 4463 litteras
1592 4408 1701 4477 scripsit
1719 4408 1753 4462 ad

958 4476 1126 4549 Philippum
1143 4477 1187 4548 qui
1200 4478 1336 4547 aliquantu
1352 4477 1491 4533 remissior
1503 4478 1598 4543 laetus,
1622 4477 1752 4533 Anacleto

957 4554 1064 4603 mortuo
1078 4549 1214 4620 deinceps,
1226 4550 1408 4605 Turonensem
1423 4549 1572 4605 Ecclesiam
1582 4548 1683 4604 ambitu
1702 4562 1753 4602 sno

957 4619 1088 4690 exagitat:
1108 4626 1203 4675 eontra
1226 4634 1306 4701 quent
1325 4619 1372 4677 Pir
1399 4626 1506 4674 sanctus
1534 4633 1605 4674 anno
1625 4624 1754 4690 sequente

958 4692 1038 4754 1138,
1055 4689 1090 4744 ad
1104 4691 1291 4747 Innocentium
1305 4688 1413 4761 scripsit
1435 4685 1576 4760 epistolam
1592 4689 1751 4759 praeceden-

959 4769 1023 4815 tem.
1038 4761 1169 4816 ceterum
1185 4762 1237 4816 sub
1252 4763 1368 4833 Hugoue
1382 4760 1594 4829 archiepiscopo,
1654 4759 1664 4812 i
1690 4765 1752 4811 tan-

957 4829 1018 4886 dem
1051 4832 1199 4900 Philippum
1228 4831 1316 4898 evicit,
1343 4831 1371 4886 id
1395 4831 1508 4912 contigit
1531 4829 1602 4901 quod
1657 4842 1754 4909 nocere

957 4899 1010 4954 tius
1022 4902 1059 4956 111
1073 4911 1264 4958 commemorat
1277 4901 1305 4956 in
1320 4901 1381 4957 libri
1391 4915 1422 4956 ιιι
1433 4899 1630 4969 epistolataz«
1647 4899 1754 4969 sapeco

958 4971 1037 5028 etiam
1053 4989 1115 5044 pars
1128 4972 1261 5038 bolensis,
1277 4974 1350 5043 quod
1370 4985 1498 5043 processu
1522 4971 1652 5040 temporis
1673 4969 1754 5025 honae

957 5042 1095 5099 memoriae
1109 5042 1248 5115 Eugenius
1261 5058 1342 5113 papa,
1359 5041 1542 5114 predecessor
1555 5047 1658 5105 noster,
1666 5039 1755 5096 felicis

958 5113 1154 5170 recordationis
1177 5113 1339 5169 Beruardum
1361 5110 1614 5168 Clara-Vallensem
1629 5111 1754 5167 abbatem

957 5184 991 5239 sd
1005 5184 1164 5254 sopiendam
1180 5184 1248 5240 iuter
1262 5184 1370 5238 easdem
1384 5183 1518 5239 Ecclesiae
1540 5181 1754 5240 controversiam

957 5255 1109 5320 destinavit,
1133 5257 1210 5322 cujus
1239 5256 1368 5308 statutum
1390 5269 1497 5310 servare
1515 5255 1603 5311 noluit
1635 5251 1755 5309 Ecclesia

958 5326 1134 5381 Turonensis.
1153 5344 1166 5376 ι
1185 5325 1248 5379 thee
1268 5323 1349 5395 louge
1371 5334 1432 5396 post
1446 5324 1551 5382 initium
1580 5323 1700 5396 epistolae
1721 5324 1755 5378 ab

960 5396 1114 5451 Innocentio
1135 5396 1171 5451 111
1193 5396 1300 5477 scripte
1315 5395 1340 5449 iu
1355 5410 1437 5452 causa
1452 5396 1617 5457 Turonensis
1628 5394 1755 5454 Ecclesia

959 5467 1092 5526 adversus
1113 5465 1284 5540 metropohm
1296 5466 1452 5525 holensem.
