3728 5940
39 185 92 250 aa
627 180 726 242 traua
757 179 802 239 un
822 178 952 242 urtrrns
966 181 1099 245 rnuru.
1613 134 1687 254 ⁴tras

38 313 198 385 Apostolus,
213 311 326 369 dicens:
345 312 398 382 Qui
414 313 561 384 feciusesi
582 307 660 367 rodis
680 308 792 365 iustitia
806 309 834 364 et
852 322 878 403 Α
1187 308 1300 369 CAPUT
1316 309 1382 377 xlt.

40 403 183 475 supientia
197 418 215 457 o
229 403 282 460 Deo
291 402 377 458 Putre
391 400 418 473 (t
432 401 492 457 Cor.
513 414 532 470 ι,
547 397 605 471 30).
1179 401 1217 456 ile
1236 400 1402 474 Bctbpbupc·
1488 404 1492 413 “

76 494 120 546 28.
132 491 161 546 Si
176 505 242 562 ergo
259 490 304 545 lex
318 489 430 561 spiritus
444 487 506 545 vitae
520 486 547 542 in
564 484 673 542 Christo
686 484 751 540 iesu
766 482 836 540 libe·
927 488 971 540 30.
987 484 1057 555 Quid
1073 486 1108 543 de
1121 487 1388 563 bethphage'dicam,
1402 491 1491 549 viculo
1504 494 1688 568 sacerdotum,

40 580 172 638 raritnos
192 579 290 653 alege
310 579 415 650 peccati
443 583 471 632 et
493 574 599 642 mortis,
623 573 720 646 utquid
748 574 837 628 adbuc
891 590 970 648 quem
985 590 1056 647 pene
1080 576 1275 648 praeterieram,
1290 579 1339 635 nbi
1353 587 1380 636 et
1394 580 1573 637 confessionis
1596 601 1688 642 sacra·

39 669 179 740 morimur,
204 677 230 725 et
259 681 313 722 non
333 665 424 722 statim
453 662 649 721 immortalitate
681 661 837 719 vestimur?
892 672 1024 731 mentum,
1040 676 1066 721 et
1079 668 1257 724 sacerdotalis
1274 668 1417 727 ministerii
1447 671 1605 742 mysterium
1625 690 1688 732 ron·

41 759 112 814 Sane
127 766 156 814 ut
168 756 218 813 Dei
234 755 330 814 veritae
339 755 493 826 impleatur.
508 752 579 823 Quia
592 751 666 809 cuim
682 752 837 808 misericor·
891 751 1008 810 tinctor?
1022 753 1178 833 Bethplrage
1193 756 1293 830 quippe
1312 758 1414 813 Domus
1428 757 1522 815 buccae
1551 760 1689 834 iuterpre-

40 847 112 903 diam
127 853 154 903 et
172 844 314 913 ueritatem
332 842 421 917 diligit
439 841 618 914 Deus(Psal.
638 856 762 912 nxxxru,
780 841 836 910 ts),
892 850 971 898 tatur.
988 842 1124 915 Scriptum
1139 853 1293 901 astantem:
1312 848 1400 921 Prope
1409 853 1451 905 esi
1466 849 1583 907 verbum
1597 853 1630 907 io
1640 868 1688 909 ore

41 950 151 993 nemeae
174 943 216 991 est
241 933 311 990 mori
330 932 438 1006 quidem
466 932 615 1004 bominem,
640 929 740 1002 quippe
762 926 837 1002 quod
893 935 941 989 tuo
956 936 985 990 ei
999 933 1030 989 iri
1045 933 1126 991 corde
1148 936 1303 1010 tuolllcut.
1318 952 1391 1002 xxx,
1408 937 1467 1010 li),
1488 940 1548 996 Non
1563 939 1591 997 in
1604 941 1689 998 altero

42 1025 200 1098 predixerat
211 1024 292 1098 ,Dens
306 1049 313 1080 ι
328 1022 377 1079 sed
397 1029 514 1079 amorte
528 1026 617 1098 tamen
628 1033 782 1092 resurgere,
803 1033 839 1074 ne
892 1026 1007 1090 tantum,
1022 1020 1070 1077 sed
1087 1022 1167 1079 simul
1193 1023 1220 1079 in
1244 1033 1360 1097 utroque
1383 1014 1494 1082 verbum
1512 1024 1611 1085 habore
1627 1046 1688 1087 me-

40 1113 214 1171 obliviscatur
232 1110 356 1169 misereri
371 1110 457 1167 Dans.
476 1110 516 1166 lta
530 1123 598 1181 ergo
612 1123 688 1165 mors
706 1106 758 1163 etsi
782 1120 837 1164 non
890 1108 1013 1166 mineris.
1038 1109 1071 1165 Et
1099 1110 1210 1185 quidem
1232 1114 1343 1172 verbum
1370 1111 1398 1169 in
1426 1116 1509 1172 corde
1540 1120 1691 1190 peccatoris

41 1213 174 1277 perpetuo
184 1199 348 1267 dominatur,
371 1207 462 1256 munet
486 1206 576 1256 temen
599 1202 713 1269 propter
734 1195 837 1253 uerita·
891 1206 1020 1270 operatur
1042 1199 1208 1258 salutiferam
1233 1201 1449 1261 contritionem:
1478 1205 1590 1263 verbum
1620 1222 1688 1266 vero
1734 1256 1736 1259 .

42 1300 97 1349 tem
115 1291 166 1348 Dei
186 1291 228 1350 rel
242 1291 276 1346 ud
292 1300 399 1360 tempus
420 1288 448 1343 in
476 1287 573 1352 nobis;
604 1284 834 1358 quemadmodum
891 1286 921 1343 in
938 1301 985 1345 ore
999 1288 1106 1346 noriam
1120 1289 1190 1347 tollit
1217 1290 1416 1359 confusionom,
1435 1309 1470 1350 ne
1493 1293 1623 1365 impediat
1638 1312 1688 1354 ne·

40 1387 191 1453 peccatum,
215 1378 266 1434 etsi
294 1380 348 1449 jam
367 1392 421 1435 non
440 1383 535 1452 regnet
558 1374 587 1430 in
617 1379 711 1430 nostro
729 1372 837 1429 mortali
891 1377 1035 1435 cessariam
1058 1377 1266 1436 confessionem.
1295 1380 1342 1436 uit
1363 1381 1436 1437 enim
1461 1382 1598 1454 Scriptura
1613 1402 1622 1442 ε
1639 1387 1689 1444 Est

40 1483 166 1541 corpore,
190 1474 351 1525 nontamen
374 1465 452 1523 deest
474 1461 582 1535 penitus
600 1461 691 1520 nobis.
722 1460 838 1519 Proinde
890 1466 982 1539 pudor
990 1466 1132 1525 adducens
1140 1470 1626 1543 paccatumeiastpadorcdduccm
1635 1478 1690 1549 plo·

41 1558 141 1616 Paulus
152 1573 185 1614 ex
196 1561 275 1628 'perte
289 1554 400 1627 quidem
410 1552 555 1610 liberatum
569 1567 598 1608 te
616 1567 634 1609 a
654 1551 718 1624 lege
736 1548 839 1623 pcccati
889 1555 1071 1625 riumOEccli.
1088 1569 1126 1612 tr.
1141 1556 1199 1629 25).
1214 1558 1305 1615 Bonus
1316 1557 1404 1631 pudor
1418 1566 1469 1625 est,
1486 1576 1540 1634 quo
1550 1577 1689 1637 pecorum,

40 1654 67 1704 et
81 1647 175 1703 mortis
192 1645 338 1717 gloriatur:
363 1642 411 1700 uod
430 1657 539 1698 rursum
552 1632 584 1697 se*
603 1651 718 1714 utraque
736 1640 838 1696 nihilo·
853 1634 935 1716 flant
948 1652 1022 1699 certe
1033 1657 1147 1713 peccare
1169 1643 1366 1704 confunderis:
1387 1653 1415 1703 et
1437 1648 1526 1706 omnis
1547 1649 1611 1709 licet
1634 1653 1688 1711 bu-

40 1736 131 1792 minus
144 1735 205 1806 loge
220 1733 311 1805 aliqua
323 1730 431 1806 gruteri
443 1746 478 1787 ex
496 1737 573 1802 purte
582 1729 767 1802 conqueritur,
779 1729 838 1786 site
891 1729 1096 1788 mannserbiter
1115 1731 1185 1788 iorte
1203 1733 1281 1801 absit,
1292 1732 1414 1791 diuinum
1432 1743 1524 1792 temen
1540 1752 1621 1810 quum
1640 1740 1690 1797 bu·

41 1840 104 1882 cum
118 1823 247 1882 aduersus
262 1828 404 1894 peccatum
417 1817 607 1876 miserabiliter
630 1817 739 1885 clamat,
758 1818 840 1875 lnoc-
890 1833 1002 1875 manum
1014 1826 1087 1875 tanto
1096 1819 1277 1878 uerecundius
1291 1820 1422 1879 revereris
1430 1831 1581 1897 aspectum,
1590 1837 1690 1902 quanto

40 1913 90 1970 cio
104 1913 192 1969 olium
203 1911 291 1982 legem
304 1906 479 1967 inmemirm
497 1908 566 1965 rucis
582 1905 672 1977 (Rom.
685 1918 725 1974 vt,
744 1907 801 1976 23),
812 1911 841 1960 et
880 1913 918 1964 et
941 1907 1033 1965 uerius
1055 1908 1142 1964 Deum
1170 1926 1252 1983 quarn
1273 1910 1410 1968 hominem
1428 1913 1533 1984 cogites
1554 1916 1690 1987 puriorem

41 2009 160 2067 caeterea
176 2000 233 2056 sive
246 2014 310 2054 curn
323 1995 473 2072 ingemiscit
486 2003 624 2071 gravatus,
639 1995 713 2051 haud
727 1993 839 2051 dubium
891 1996 942 2070 (al.
958 1997 1173 2069 praesentiorem)
1190 2016 1197 2052 z
1214 2007 1341 2073 tantoque
1366 2015 1428 2056 eum
1452 2002 1563 2074 gratius
1585 2001 1690 2062 oileudi

41 2089 109 2164 quin
129 2089 191 2161 lege
209 2086 317 2156 mortis,
333 2083 546 2156 redemptionem
569 2091 728 2155 exspectans
740 2096 841 2155 corpo·
891 2100 907 2140 u
923 2092 1062 2157 peccante,
1079 2093 1181 2157 quanto
1196 2095 1302 2144 constat
1317 2088 1520 2163 lougiusabillo
1533 2107 1596 2149 esse
1610 2107 1692 2153 omne

41 2179 81 2237 ris
94 2176 137 2233 sui
152 2176 255 2248 (Rom,
272 2189 332 2243 rur,
347 2176 404 2240 23).
893 2182 1046 2247 peccatum.
1072 2173 1268 2245 Huiuscemodi
1283 2175 1378 2250 procul
1399 2176 1481 2234 dubio
1504 2179 1593 2252 pudor
1616 2180 1692 2255 fugat
1751 2255 1754 2258 ‚

78 2269 124 2323 00.
148 2264 211 2324 Siue
239 2263 330 2337 itaque
352 2262 422 2332 haec,
449 2258 505 2317 sive
523 2259 579 2317 alia
614 2275 782 2334 quaecunque
813 2258 842 2314 in
893 2260 1081 2336 opprobrium,
1098 2263 1310 2337 paratgloriam,
1326 2266 1391 2323 dum
1409 2276 1457 2322 aut
1476 2275 1615 2338 peccatum
1629 2284 1691 2325 onr-

42 2356 116 2412 bnnc
130 2354 255 2423 modurn,
268 2359 350 2423 prout
363 2349 392 2404 in
406 2347 506 2405 talibus
519 2347 547 2406 in
562 2362 612 2405 suo
627 2346 743 2421 quisque
758 2348 842 2403 abun·
895 2351 960 2409 nino
974 2366 1026 2409 non
1042 2351 1167 2419 admittit,
1183 2361 1309 2411 autoerte
1322 2354 1469 2412 admissum
1486 2365 1512 2412 et
1533 2357 1692 2427 poeuitendo

42 2443 191 2510 dutsensn,
207 2458 241 2498 ex
256 2439 401 2497 ascesione
414 2437 531 2510 sepulcri
544 2434 700 2495 christianis
717 2434 844 2494 sensibus
894 2440 983 2511 punit,
997 2447 1026 2496 et
1038 2438 1191 2498 confitendo
1210 2441 1342 2512 expellit:
1360 2445 1479 2500 sitameu
1497 2444 1587 2517 gloria
1610 2447 1692 2505 atiani

41 2538 241 2608 suggerantur:
257 2535 324 2601 puto
344 2528 418 2601 quod
435 2542 490 2583 non
504 2525 647 2583 mediocris
659 2525 775 2613 dulcedo
795 2525 843 2582 de·
895 2535 989 2584 nostra
1015 2528 1075 2584 lraec
1100 2536 1150 2599 cst,
1189 2529 1373 2587 testimoninm
1387 2534 1557 2591 conscientias
1580 2545 1690 2594 nostre.

42 2619 160 2679 rodonis
188 2616 349 2675 infundatur
365 2615 489 2673 corninus
513 2613 647 2687 intuenti3
669 2628 719 2671 nec
746 2628 843 2685 purum
894 2615 973 2686 Quod
983 2614 1010 2675 si,
1019 2614 1154 2688 quispiam
1178 2617 1299 2674 confieri
1327 2619 1500 2677 confunditur
1522 2622 1551 2678 id
1572 2638 1691 2696 quoqne,

45 2702 186 2783 proficitur
204 2705 342 2766 cernendo
353 2704 436 2762 etiam
450 2703 638 2777 corporalibus
645 2702 730 2760 ocubs
744 2717 844 2777 corpo·
895 2704 967 2760 unde
988 2703 1190 2779 compungitur,
1210 2705 1289 2776 talisi
1304 2708 1394 2780 pudor
1419 2718 1559 2781 peccatum
1572 2711 1693 2780 udducit,

42 2799 128 2856 rulem
142 2795 386 2855 locumdominicoe
406 2793 515 2868 quietis.
532 2793 588 2849 Etsi
606 2793 707 2866 qnippe
719 2793 776 2864 jam
795 2808 844 2851 ru·
897 2800 924 2850 et
950 2790 1066 2867 gloriam
1085 2793 1120 2850 de
1147 2794 1310 2852 conscientia
1335 2798 1434 2868 perdit,
1456 2802 1565 2870 quaudo
1592 2803 1693 2859 malum

42 2903 124 2948 cuum
156 2885 241 2943 sacris
263 2883 403 2956 membris,
434 2884 545 2955 plenum
572 2891 660 2940 umen
688 2882 788 2939 uostris
816 2891 844 2941 et
897 2880 970 2952 quod
985 2897 1018 2937 ex
1034 2881 1169 2953 profundo
1178 2884 1268 2941 cordis
1282 2887 1457 2958 compunctio
1473 2898 1586 2949 conatur
1600 2891 1694 2963 expel-

44 2976 174 3051 Jncuudis
193 2976 338 3032 admodum
369 2973 554 3030 sucmmentis.
582 2971 699 3041 Nostris,
724 2972 843 3043 inquam,
861 2945 965 3035 clere,
982 2969 1071 3043 pudor
1093 2971 1201 3044 ineptus
1228 2973 1353 3031 obstruso
1376 2973 1508 3031 labiorum
1536 2978 1607 3036 ostio
1639 2995 1693 3040 non

43 3068 160 3134 nostris,
177 3065 201 3121 si
223 3072 311 3122 tumen
333 3072 390 3120 tam
408 3062 532 3120 ardenter
545 3059 744 3133 amplectimur,
763 3077 845 3134 quam
900 3058 1029 3134 permittit
1047 3058 1141 3129 euire;
1169 3076 1230 3118 cum
1256 3076 1319 3118 enm
1348 3065 1473 3136 exemplo
1492 3065 1578 3125 Darid
1604 3068 1696 3127 dicere

45 3155 233 3215 indubitanter
256 3161 380 3212 unemus
394 3149 483 3210 556
509 3150 584 3224 qnod
614 3149 762 3223 Apostolus
782 3149 821 3207 ait
837 3169 845 3207 r
899 3147 990 3221 potius
998 3155 1135 3220 oporteret
1150 3165 1157 3208 :
1174 3151 1210 3208 Ei
1225 3149 1300 3207 labae
1315 3167 1379 3209 mcc
1395 3169 1454 3211 ocra
1465 3155 1625 3229 prohibebo,
1638 3161 1695 3217 llo-

49 3245 215 3320 Goorepulii
228 3246 414 3303 retineremur
424 3239 843 3317 perBapiismumiumoriem,
899 3239 986 3304 minc,
1004 3240 1037 3294 iu
1051 3239 1132 3296 scisti
1151 3239 1239 3310 (reat.
1254 3254 1356 3306 xxxix,
1373 3241 1428 3314 lo).
1448 3239 1501 3310 Qui
1521 3250 1549 3301 et
1574 3245 1698 3320 seipsum

47 3339 83 3392 att
97 3333 367 3408 quomodorcmecii
383 3328 845 3403 christeta-mortuispergloriem
900 3325 1077 3397 redarguens,
1093 3335 1160 3399 puto
1171 3343 1254 3398 super
1268 3327 1458 3398 huiuscemodi
1475 3331 1557 3391 stulto
1574 3343 1603 3390 et
1625 3335 1697 3392 irra-

45 3424 153 3494 Pntris,
169 3424 214 3479 ite
227 3426 255 3478 ei
277 3437 327 3479 rior
349 3422 382 3476 in
403 3420 605 3478 novitaiecitoe
617 3417 802 3476 ambulemus.
814 3420 846 3477 Si
899 3412 1022 3473 tionubili
1038 3414 1157 3486 pudore,
1176 3417 1315 3487 Quoniam
1325 3420 1407 3476 tucci
1416 3418 1697 3493 inquiuirrvcieraue·

48 3515 128 3572 enim
142 3511 330 3582 complantati
345 3511 419 3580 sueti
431 3525 530 3566 samua
544 3506 733 3564 similitudini
745 3508 846 3567 mortis
899 3507 970 3560 runt
984 3519 1046 3562 oasa
1055 3521 1118 3562 mee
1132 3504 1222 3578 (ruat.
1241 3505 1456 3578 xxxr,3).[lnde
1471 3516 1500 3565 et
1513 3518 1588 3584 optat
1598 3512 1699 3571 esuum

50 3604 123 3674 ejus,
132 3599 218 3657 simul
227 3603 255 3655 ei
270 3597 487 3655 resurrectionis
498 3596 605 3654 emmas
617 3595 753 3663 (lterum,
770 3599 797 3664 d,
807 3600 846 3666 5).
898 3591 965 3662 poni
978 3592 1185 3649 circumstantie
1194 3592 1276 3648 labiis
1290 3596 1347 3650 suis
1360 3595 1445 3667 (Pral.
1461 3613 1525 3665 exn,
1540 3599 1580 3672 3),
1599 3609 1628 3658 ut
1642 3602 1699 3660 orit

51 3689 139 3761 Quam
153 3685 232 3744 dulce
242 3696 284 3742 est
298 3682 449 3756 peregrinis
459 3692 521 3755 post
531 3683 645 3739 multam
658 3681 733 3754 longi
742 3682 847 3739 itineris
898 3678 1006 3748 januam
1015 3686 1042 3735 et
1051 3682 1157 3751 operire
1176 3679 1353 3754 confessioni,
1364 3691 1391 3738 et
1404 3683 1559 3745 defensioni
1572 3688 1698 3748 claudere

48 3776 247 3850 fatigationem,
264 3780 324 3847 post
338 3771 452 3845 plurima
470 3779 550 3829 terrae
564 3769 698 3842 marisque
712 3771 845 3843 pericula,
900 3765 981 3823 norit.
1005 3768 1128 3839 Denique
1154 3775 1182 3825 et
1206 3779 1299 3840 aperte
1313 3770 1365 3829 hoc
1387 3771 1478 3844 ipsum
1497 3789 1581 3833 erens
1603 3776 1699 3848 petita

47 3866 87 3925 ibi
105 3866 210 3922 undem
224 3863 373 3936 quiescere,
390 3858 437 3916 ubi
465 3867 492 3916 et
518 3867 673 3931 agnoscunt
690 3873 769 3913 snrrm
791 3859 847 3916 Do·
899 3853 1028 3922 Domino,
1048 3856 1137 3915 sciens
1156 3856 1295 3925 nimirum,
1310 3858 1373 3932 quia
1391 3861 1527 3920 consessio
1541 3872 1568 3924 et
1593 3868 1700 3943 magni·

48 3957 155 4012 minum
169 3950 327 4029 quievisse!
348 3951 419 4007 Puto
436 3949 493 4020 inm
515 3963 573 4020 prae
591 3946 692 4020 gaudio
709 3962 764 4003 non
781 3963 845 4004 sen·
899 3944 1008 4002 inentia
1018 3962 1088 4018 opus
1111 3948 1171 4018 eius
1187 3948 1277 4021 (Psoi.
1292 3963 1339 4020 cx,
1354 3952 1395 4022 3).
1411 3952 1446 4008 Et
1472 3955 1545 4025 quod
1572 3956 1699 4016 uidelicet

48 4045 119 4103 tiunt
132 4044 184 4104 uioe
199 4043 331 4115 laborem,
354 4055 404 4098 nec
425 4051 571 4113 gravamen
600 4042 723 4108 reputant
745 4049 847 4109 expen·
899 4042 1021 4093 nostram
1034 4036 1173 4105 malitiam,
1189 4037 1298 4110 etquod
1314 4055 1393 4113 reque
1406 4041 1505 4100 diriuae
1528 4044 1657 4106 bonitatis
1671 4058 1699 4107 et

49 4148 156 4203 aarum
185 4134 232 4192 sed
254 4142 382 4206 tanquam
411 4126 514 4186 laboris
539 4125 690 4200 premium,
719 4142 847 4186 cursusve
899 4123 1242 4199 virtutismugniiicentiam
1264 4127 1378 4188 minime
1404 4137 1539 4207 tacemus,
1569 4149 1699 4211 magnum

48 4226 170 4284 bravium
210 4222 336 4290 assecuti,
383 4221 461 4292 juxte
499 4217 645 4288 Scriptura
672 4217 845 4292 sententium,
899 4214 1010 4290 quidem
1023 4216 1140 4289 genuine
1162 4216 1342 4276 confessionis
1361 4222 1475 4290 bonum,
1501 4223 1550 4281 sed
1578 4224 1630 4282 Dei
1656 4236 1700 4286 cst

49 4316 174 4392 prudent
198 4313 376 4374 vehementer
399 4326 465 4368 cum
495 4309 661 4366 inverterint
684 4308 847 4382 sepulcrum
899 4306 1068 4363 donumbit
1081 4307 1264 4380 itaque:Norr
1279 4310 1700 4379 declioescormeumioverdu

50 4405 121 4479 (lob.
137 4416 179 4471 ur,
196 4402 252 4475 22).
266 4401 324 4458 Nec
335 4416 399 4458 casu
412 4398 454 4456 rel
464 4397 564 4466 subito,
580 4407 626 4454 aut
640 4396 723 4456 ueluti
743 4398 847 4458 lubrica
899 4395 1024 4454 malitiae
1042 4395 1079 4454 cd
1099 4398 1274 4457 coercendas
1298 4406 1497 4466 excusationes
1520 4411 1552 4466 io
1574 4415 1699 4483 pcccatis

51 4490 241 4571 propopnlaris
258 4488 358 4548 fauoris
370 4488 510 4563 opinione,
524 4487 552 4546 id
566 4494 621 4545 tem
634 4489 738 4547 celebre
746 4503 848 4547 nomen
901 4485 1105 4560 (Proiciunt).
1119 4487 1301 4558 Quamobrem
1311 4491 1451 4552 ministros
1458 4497 1533 4554 uerbi
1543 4500 1699 4559 secerdotes

50 4588 206 4659 sepulcrum
233 4590 343 4639 nactum
363 4595 424 4638 esse
446 4581 568 4652 putetur,
596 4594 658 4638 curn
683 4581 735 4638 hoc
757 4579 848 4653 ipsum
900 4584 978 4634 cente
992 4591 1104 4635 necesse
1124 4586 1165 4636 est
1186 4579 1222 4637 ad
1249 4590 1394 4658 utrumque
1421 4584 1533 4660 uigilare
1556 4589 1697 4659 sollicitos,

51 4675 135 4734 tantis
149 4683 222 4732 retro
237 4669 409 4746 temporibus
422 4668 507 4726 isaim
520 4677 575 4725 tem
597 4677 688 4740 aperte
711 4669 848 4742 prodire-
900 4681 955 4740 qno
969 4666 1095 4724 videlicet
1117 4668 1330 4742 delinquentium
1352 4672 1480 4730 cordibus
1503 4683 1577 4735 lanto
1599 4679 1698 4737 mode·

52 4765 105 4824 rit:
127 4768 163 4824 nt
177 4765 244 4831 erit,
270 4762 369 4838 inquit,
392 4762 424 4818 irr
447 4759 492 4822 die
514 4760 567 4818 illc
582 4760 669 4817 rudia
700 4761 783 4827 lesse,
798 4761 849 4832 qui
899 4755 1005 4814 rumine
1017 4757 1131 4814 verbnm
1145 4757 1249 4815 timoris
1259 4766 1287 4816 et
1301 4762 1471 4819 contritionis
1484 4763 1619 4839 inlligunt,
1633 4784 1701 4842 qua·

52 4857 112 4912 siai
125 4856 157 4911 ira
176 4857 289 4929 signem
299 4851 472 4927 populorum
484 4852 577 4925 iprum
590 4852 687 4922 pertice
713 4848 848 4923 depreco-
902 4852 981 4904 tenus
998 4860 1046 4903 eos
1066 4862 1237 4920 nequaquam
1260 4864 1275 4904 a
1301 4850 1383 4909 verbo
1406 4850 1585 4912 confessionis
1608 4871 1698 4916 exter-

52 4943 170 5011 brmiur,
185 4948 215 5001 et
227 4944 284 5001 arii
297 4943 459 5016 sepulcrum
472 4944 534 5013 cjrts
548 4940 699 5012 abactam
714 4939 782 5011 (lto.
807 4955 848 5008 ur,
900 4942 991 5007 reant;
1005 4935 1045 4992 sic
1058 4935 1140 4991 corda
1152 4935 1285 5006 aperiant,
1300 4945 1328 4996 ul
1342 4954 1390 4998 ora
1408 4955 1463 4998 non
1478 4943 1635 5015 obstrusum
1650 4947 1699 5006 sed

54 5031 109 5103 to).
124 5029 229 5087 Revera
243 5044 309 5102 ergo
322 5029 462 5100 impletum
475 5028 614 5085 cernimus
636 5028 711 5098 quod
733 5025 850 5101 legimus
901 5038 951 5080 nec
964 5022 1106 5081 absolvunt
1131 5023 1212 5081 etiam
1229 5036 1436 5099 compunctum,
1454 5029 1507 5087 nisi
1534 5031 1652 5092 viderint
1672 5044 1701 5093 et

52 5120 255 5196 prophetatum,
264 5135 364 5180 norum
373 5119 483 5194 quidem
492 5117 618 5187 intuenti,
630 5118 679 5175 sed
688 5117 790 5191 legenti
801 5134 850 5175 an-
902 5111 1057 5172 coniessum
1074 5129 1082 5166 2
1098 5115 1320 5187 quandoquidem
1333 5119 1415 5177 corde
1428 5120 1550 5178 creditur
1572 5125 1606 5181 ad
1620 5125 1701 5197 J'usti-

54 5209 176 5283 liquum:
192 5217 223 5267 nt
238 5208 278 5267 sic
296 5208 368 5265 udeit
389 5208 424 5265 de
447 5207 741 5280 novitatejucunditas,
771 5217 801 5266 ut
817 5209 852 5267 de
903 5204 976 5270 lium,
991 5219 1039 5260 ore
1053 5211 1139 5260 sutem
1158 5203 1292 5262 confessio
1303 5205 1335 5266 fit
1349 5207 1384 5265 ed
1405 5211 1703 5287 satutemaltoqulna

53 5307 187 5360 vetustate
202 5314 257 5358 non
281 5298 352 5359 desit
367 5298 520 5359 auctoritas.
536 5300 572 5358 Et
592 5298 627 5356 de
650 5299 774 5376 sepulcro
801 5299 853 5360 ista
905 5310 1026 5370 mortuo,
1048 5307 1177 5375 tauquam
1189 5298 1268 5361 W
1287 5303 1335 5376 qni
1347 5315 1465 5377 nonest,
1482 5310 1552 5382 perit
1564 5313 1702 5375 confessio

54 5387 200 5452 sufficient.
906 5390 1006 5471 (dccli.
1022 5405 1094 5463 xru,
1111 5393 1166 5462 26).
1179 5389 1310 5473 Quisquis
1323 5394 1406 5474 igitur
1418 5399 1535 5462 terbum
1548 5402 1577 5462 iu
1590 5418 1639 5465 ore
1650 5404 1704 5466 ba·

909 5483 990 5546 brtct
1004 5479 1123 5546 trcordr
1136 5494 1191 5544 uon
1213 5481 1306 5556 balet,
1330 5495 1376 5547 aur
1402 5488 1514 5556 taleme
1531 5500 1583 5570 est,
1596 5502 1703 5562 antas.

129 5584 250 5652 Parnon.
270 5580 428 5654 ccxxxtt.
1595 5605 1631 5667 00
