3728 5940
43 232 94 308 681

719 256 723 265 ·
777 225 956 307 appendix.

1631 253 1685 316 682

42 387 113 444 qnos
128 381 188 427 ante
204 386 247 426 me
262 369 382 437 miserat,
398 384 468 443 quus
489 351 521 427 etr
541 378 616 442 parte
632 378 775 440 suspectos
790 373 838 426 ha·
853 388 875 465 q
891 371 1020 426 timretica
1033 371 1164 443 pravitate
1178 386 1190 424 a
1207 371 1354 442 primordio
1365 387 1421 428 suae
1434 377 1621 432 conversionis
1631 379 1687 436 int·

44 461 151 528 behem,
172 467 199 513 et
213 460 301 514 adlmc
314 473 411 513 marrus
426 459 484 528 ejus
499 467 615 524 extenta,
630 459 694 531 quia
717 476 833 531 snspen—
892 461 966 529 buta,
976 461 1110 514 Christum
1121 461 1178 516 solo
1194 461 1301 531 quidem
1317 462 1426 517 nomine
1440 461 1687 530 confltetur,‘iactis

46 563 94 604 sus
113 548 214 603 accessi
229 549 262 602 ad
277 547 367 609 illum,
378 555 404 602 et
418 563 565 620 suspensus
579 549 613 602 ab
627 548 671 604 illo
686 550 793 606 recessi.

81 636 248 707 Ecquamtis
274 636 338 690 nihil
361 636 458 690 horum
483 637 609 691 conscius
628 653 699 704 sum,
714 654 774 708 quae
799 636 838 692 illi

47 727 180 781 malitiose
193 732 403 794 composuerunt
417 725 557 779 adversum
574 741 634 778 mc:
651 739 732 795 porro
748 737 839 782 tamon

48 815 177 884 judicium
193 813 324 884 patienter
338 813 495 884 [auspicetul
514 813 564 869 etsi
580 829 633 870 non
646 813 768 871 libenter.
779 815 840 870 Scio

37 905 118 960 enirn
134 919 176 958 me
191 902 321 957 meruisse
345 902 466 975 graviora
490 918 573 973 quam
596 903 693 972 patior,
718 910 840 973 tanquam

50 1007 144 1049 servus
158 992 227 1045 male
251 1007 366 1061 operans
385 1001 412 1046 et
435 992 533 1060 dignus
556 992 629 1047 omni
648 992 840 1066 indignatione.

51 1079 240 1134 Verumtamen
256 1079 349 1131 duram
373 1078 539 1151 provinciam
564 1086 656 1132 nactus
675 1092 735 1132 sum
762 1077 843 1130 homo

52 1168 155 1222 minimi
169 1183 275 1231 census,
287 1175 314 1221 et
328 1182 426 1222 census
435 1167 547 1221 minoris
560 1167 599 1220 illi
614 1166 736 1237 aggredi,
747 1173 843 1220 etcum

52 1257 104 1310 ilis
119 1255 222 1324 ingredi
239 1269 360 1323 causam,
372 1254 418 1324 qui
432 1254 571 1309 conlidunt
584 1255 611 1309 in
630 1255 727 1308 virtute
746 1267 795 1308 sua
819 1259 846 1305 et

54 1346 81 1398 iu
97 1343 264 1398 multitudiue
290 1341 441 1397 divitiarum
465 1357 577 1398 suarum
600 1342 757 1414 gloriantur.
780 1340 848 1395 Hinc

53 1444 104 1500 est,
118 1431 190 1503 quod
205 1431 274 1487 inter
290 1442 393 1487 vestros
417 1430 658 1485 Clarae-Vallenses
674 1429 776 1498 positus
795 1444 845 1481 ex-

54 1524 134 1592 pecto
152 1519 293 1574 consilium
312 1529 441 1583 vestrum,
458 1525 584 1588 tanquam
611 1518 754 1575 eonsilium
774 1517 844 1570 Dei:

55 1608 119 1681 quia
133 1622 212 1662 nemo
237 1606 333 1677 poterit
352 1605 456 1676 eripere
480 1623 624 1676 pauperem
645 1606 801 1676 episcopum
816 1603 850 1659 de

891 555 979 603 autem
1000 549 1106 618 penitus
1125 549 1252 616 abnegat.
1269 549 1360 620 Neque
1374 549 1446 605 enim
1460 550 1502 608 rel
1517 551 1627 618 Latiare,
1643 555 1687 610 rel

892 636 995 691 araca
1010 637 1066 692 vult
1086 652 1146 691 esse
1170 636 1318 693 conformis
1340 638 1481 704 Ecclesiae,
1497 639 1546 694 sed
1567 656 1688 697 seorsum

893 726 929 779 ub
946 733 1058 796 utraque
1073 724 1158 780 diuisa
1176 727 1264 780 neutri
1279 742 1347 797 gens
1371 727 1480 798 praelata
1505 738 1689 785 sacramento·

894 829 953 868 rum
968 812 1172 885 participatione
1184 815 1377 870 communicat.
1390 816 1446 872 lloc
1456 826 1556 881 autem,
1570 816 1687 888 domina,

896 906 982 955 lotum
997 900 1188 971 penetrabilior
1202 901 1275 956 omni
1290 901 1380 974 gladio
1400 903 1506 974 ancipiti
1522 914 1610 961 vestra
1624 921 1691 975 prae·

896 989 994 1044 dicatio
1010 997 1170 1061 amputaret,
1187 993 1218 1057 si,
1234 1001 1263 1046 ut
1278 1007 1337 1047 eam
1353 992 1509 1058 visitaretis,
1525 995 1604 1050 robis
1625 996 1690 1066 Spi-

897 1079 964 1133 ritus
976 1086 1085 1133 sauctus
1097 1079 1251 1145 inspiraret.
1269 1081 1325 1136 Nec
1339 1082 1419 1136 modo
1435 1083 1460 1136 iu
1474 1083 1616 1148 Ruthenia,
1631 1098 1692 1156 quae

899 1167 977 1237 quasi
988 1168 1102 1223 estalter
1117 1168 1203 1234 tobis,
1218 1169 1397 1225 verumetiam
1410 1169 1437 1224 in
1448 1171 1558 1226 Polonia
1572 1173 1694 1228 etBohe·

900 1255 963 1322 mia,
976 1256 1017 1311 vel
1035 1256 1173 1312 communi
1187 1257 1365 1327 appellatione
1385 1258 1539 1329 sclavonia,
1554 1273 1615 1331 quae
1633 1258 1695 1331 plu·

902 1359 944 1398 res
959 1344 1110 1413 provincias
1124 1344 1254 1411 continet,
1278 1345 1357 1400 talem
1383 1363 1415 1401 ac
1448 1353 1550 1400 tantum
1579 1345 1696 1402 tructam

902 1439 1009 1502 tamque
1026 1434 1081 1487 lteo
1101 1433 1292 1503 acceptabilem
1308 1432 1439 1498 laceretis,
1455 1442 1484 1489 ut
1502 1437 1535 1488 ab
1549 1434 1609 1506 ipro
1623 1440 1699 1507 post·

907 1521 1016 1575 modum
1038 1520 1186 1576 audiretis:
1218 1525 1291 1591 Eupo
1304 1538 1383 1579 serve
1397 1522 1464 1578 bone
1478 1525 1507 1578 et
1521 1523 1620 1594 fidelia.
1644 1524 1698 1577 Ant

906 1607 1056 1665 certissime
1070 1609 1147 1664 vobis
1161 1624 1267 1678 omnes,
1288 1616 1334 1663 aut
1357 1609 1411 1665 lere
1426 1625 1530 1675 omnes,
1551 1619 1581 1667 ut
1606 1624 1699 1681 spora-

57 1713 138 1752 manu
153 1695 293 1750 tortiorum
308 1695 379 1763 ejus,
389 1694 439 1747 nisi
454 1704 541 1749 restra
557 1710 650 1749 manus
666 1693 852 1749 totaobviave·
905 1713 975 1764 mus,
996 1697 1023 1750 in
1038 1698 1132 1752 auditu
1148 1697 1222 1751 auris
1233 1695 1387 1753 obedirent.

58 1787 92 1841 rit
108 1783 294 1839 infestantibus
309 1791 335 1835 et
350 1782 535 1853 diripientibus
550 1799 621 1837 eum.
637 1781 750 1838 Domine
765 1791 850 1850 pater,
864 1764 886 1840 Β
937 1784 1090 1857 Dignamini
1104 1784 1198 1856 igitur,
1219 1785 1263 1856 pie
1277 1786 1364 1853 Pater,
1381 1785 1543 1857 dignamini,
1558 1787 1603 1858 qui
1622 1793 1702 1841 caete-

60 1878 170 1944 paratus
193 1885 261 1936 sum,
287 1882 312 1922 et
337 1884 390 1923 iton
413 1885 474 1922 suro
494 1871 626 1934 turbatus,
650 1881 681 1925 ut
704 1866 851 1923 custodiam

59 1959 182 2014 mandata
198 1967 253 2022 tna,
268 1965 295 2010 et
314 1958 415 2010 utinam
430 1955 553 2013 voluntas
568 1966 612 2012 tua
626 1958 660 2028 lsi
680 1956 787 2014 Domini
802 1971 853 2011 vo·

58 2044 147 2098 luntas
162 2043 213 2114 est)
229 2059 290 2097 eum
305 2060 365 2099 mea
380 2046 516 2100 voluntate
531 2060 585 2100 non
608 2044 756 2110 discordet,
770 2044 854 2098 benc-

60 2130 184 2201 placilum
200 2137 294 2188 vestras
312 2130 485 2204 dignationis,
495 2132 518 2186 si
533 2133 644 2204 dignum
657 2131 794 2202 Judicatis,
809 2146 853 2185 re·

61 2218 182 2274 nuntiate
202 2235 285 2288 puero
303 2229 405 2289 vestro,
433 2220 494 2292 quia
519 2235 573 2274 non
600 2228 641 2275 est
664 2219 806 2275 consilium
830 2226 856 2272 et

61 2307 188 2362 auritium
205 2307 254 2361 nisi
270 2308 301 2360 ad
315 2323 364 2362 ros
377 2316 402 2363 el
417 2324 450 2362 ex
467 2309 555 2377 vobis,
572 2309 751 2365 amantissime
765 2307 854 2362 Pater.

294 2404 463 2460 EPlSTOLh
487 2406 642 2462 cntxxv.

116 2509 147 2552 Ι.
161 2507 367 2549 concertastis
382 2507 506 2549 errscorr
522 2510 559 2550 nn
574 2511 599 2550 s.
621 2507 802 2549 anaannnutt.

99 2584 185 2639 illum
202 2581 237 2637 od
257 2584 467 2639 concursionem
487 2584 682 2640 Rotlecnorum
705 2583 821 2638 invitat.

64 2671 106 2739 (S.
122 2669 274 2725 Bernardus
296 2673 360 2725 Per.
396 2673 548 2728 Tltesouros
570 2672 712 2738 Anecdot,
738 2676 805 2726 tom.
825 2667 857 2731 V,

133 2768 202 2830 part.
220 2760 240 2822 1,
256 2758 309 2815 col.
324 2759 387 2824 360,
403 2775 437 2814 ex
451 2761 543 2815 codice
558 2756 794 2831 Windbergensi.)

103 2845 187 2904 8⁷⁷
205 2847 259 2903 ³B.
277 2848 327 2902 Dei
346 2847 433 2917 gratia
447 2847 669 2904 Clarae-vallensi
688 2846 787 2913 abbati,
802 2844 861 2901 viro

67 2935 215 2993 venerabili
244 2943 271 2989 et
294 2937 450 3001 reverendo,
474 2936 547 2991 omni
574 2935 710 3007 praeconio
734 2932 817 3004 digno
836 2942 863 2988 et

906 1890 950 1930 ras
974 1873 1121 1944 illustratis,
1152 1884 1259 1929 nostras
1286 1873 1367 1929 ctiam
1401 1876 1527 1929 tenebras
1555 1873 1701 1930 illustrare.

907 1962 1062 2033 Dignamini
1089 1962 1200 2018 Sclatos
1219 1961 1415 2032 incompositus
1434 1962 1461 2016 in
1480 1962 1523 2019 ria
1544 1975 1653 2019 morum
1676 1970 1704 2017 ct

907 2051 968 2107 vitre
982 2049 1130 2104 rationibus
1146 2048 1301 2106 informare.
1316 2049 1470 2121 Dignamini
1484 2050 1604 2122 gelidum
1624 2065 1703 2105 arrern

908 2138 989 2195 vestri
1001 2137 1146 2208 praesentia
1164 2137 1284 2202 visitare,
1300 2148 1329 2193 ut
1348 2137 1376 2191 in
1390 2138 1507 2194 adventu
1521 2139 1604 2195 nostri
1625 2139 1705 2192 abba·

911 2228 945 2283 tis
960 2225 1046 2297 frigus
1061 2226 1201 2281 horridum
1216 2225 1370 2297 Aquilonis,
1384 2223 1477 2280 Austri
1491 2226 1578 2297 gratia
1592 2235 1620 2280 et
1634 2225 1704 2280 Mul-

910 2313 995 2370 ciberi
1015 2312 1124 2368 llamine
1146 2318 1309 2382 temperetur
1326 2330 1332 2365 :
1349 2320 1379 2367 ut
1393 2311 1494 2367 inculta
1509 2311 1646 2368 barbaries
1662 2327 1707 2368 re«

911 2401 974 2458 stris
989 2401 1185 2457 moralitatihus
1200 2399 1337 2455 excolatur
1354 2417 1361 2453 ε
1378 2405 1408 2453 ut
1428 2399 1552 2454 homines
1567 2398 1706 2454 inhumani

914 2498 1005 2545 vestra
1015 2488 1163 2544 eruditione
1179 2488 1328 2553 mitescant,
1341 2487 1468 2558 subjugo
1479 2486 1620 2543 Dominioo
1633 2502 1709 2542 mao-

912 2585 1046 2633 suescant.
1071 2577 1099 2632 si
1123 2576 1195 2631 enim
1229 2576 1314 2649 gloria
1336 2574 1511 2631 celeberrima
1538 2584 1566 2630 al
1588 2574 1709 2631 Treicius

913 2667 1038 2738 Orpheus
1059 2673 1086 2719 et
1108 2664 1254 2719 Thebanus
1270 2663 1407 2737 Amphion
1422 2664 1491 2720 coelo
1511 2664 1666 2720 inseruntur
1684 2671 1711 2719 et

914 2753 1004 2821 astris,
1022 2763 1169 2823 vatumque
1184 2752 1356 2807 celebrantur
1370 2752 1491 2825 ingenio,
1509 2760 1536 2808 et
1560 2759 1621 2825 post
1634 2767 1709 2808 mor·

915 2850 967 2898 tem
983 2841 1101 2898 carmine
1119 2842 1219 2907 vivunt,
1237 2841 1308 2911 quod
1328 2847 1441 2912 uterque
1461 2839 1541 2895 silvas
1554 2849 1582 2895 et
1596 2839 1709 2908 lapides,

917 2931 943 2986 id
960 2938 1010 2996 est,
1035 2930 1171 2988 silvestres
1185 2936 1213 2983 et
1229 2927 1350 2998 lapideos
1364 2927 1488 2985 homines
1503 2928 1568 2998 lyrae
1591 2928 1713 2983 cantibus

69 3023 165 3078 nicrito
181 3023 328 3078 sanctitatis
344 3023 453 3092 insigni,
469 3025 505 3077 lll.
525 3025 646 3093 ejusdem
661 3022 748 3094 gratia
762 3022 863 3077 Craco-
879 3038 901 3118 c
917 3018 1049 3083 delinivit,
1068 3017 1209 3091 legemque
1231 3016 1286 3086 pati
1311 3015 1410 3088 coegit,
1431 3022 1534 3087 quanto
1558 3017 1645 3088 magis
1664 3031 1714 3072 nos

66 3111 167 3168 aiensis
191 3112 342 3182 episcopus,
367 3122 394 3167 ct
417 3125 542 3171 comes...
559 3115 662 3177 Petrus,
686 3110 760 3185 quod
789 3108 862 3174 lacit,
917 3123 1056 3178 speramus
1071 3106 1142 3179 quod
1152 3115 1246 3178 gentes
1257 3103 1352 3160 elleras
1366 3110 1393 3160 et
1403 3104 1534 3159 immanes
1544 3119 1619 3160 sacer
1629 3104 1715 3159 abbas

67 3198 280 3257 iacereirnctus.

103 3289 199 3344 Grates
227 3290 282 3343 Deo
312 3298 405 3345 nostro
431 3289 585 3356 referimus,
616 3297 707 3361 grates
733 3287 864 3361 siquidem

68 3376 197 3447 infinitas,
214 3378 258 3449 qui
276 3379 430 3449 vestalem,
447 3394 463 3435 o
478 3378 602 3434 abbatum
617 3379 701 3435 decus
723 3387 751 3434 et
769 3376 865 3450 gloria,

68 3471 162 3520 nostro
176 3465 313 3520 suscitarit
337 3465 446 3532 saeculo,
471 3481 548 3536 quem
573 3465 725 3522 sollicitudo
747 3464 866 3521 omnium

69 3553 259 3619 Ecclesiarum,
271 3552 498 3623 quemadmodum
512 3570 558 3609 aas
572 3553 720 3623 electionis,
730 3568 867 3624 nunquam

69 3650 95 3695 et
111 3657 246 3709 nusquam
259 3649 410 3710 praetereat,
428 3657 508 3710 puem
523 3641 666 3696 infirmitas
684 3642 797 3696 aliorum
818 3653 867 3694 co·

69 3738 117 3804 gat
136 3726 236 3799 pariter
260 3727 405 3793 intirmari3
422 3729 500 3794 cujus
522 3728 625 3782 meritis
641 3729 713 3782 Deus
734 3727 793 3783 orbi
815 3717 867 3780 bo-

70 3831 134 3872 num
153 3829 233 3868 omne
250 3814 363 3887 largitur
378 3814 522 3879 immerito,
540 3815 618 3884 cujus
634 3829 711 3885 preco
734 3814 872 3869 districtus

71 3903 173 3959 arbiter
188 3901 328 3973 mitigatus
346 3902 506 3958 sententiam
527 3909 645 3968 revocat,
662 3919 704 3972 ac,
728 3917 762 3958 ne
781 3901 870 3957 statim

72 3991 150 4047 feriat
165 4000 330 4060 peccatores,
348 3990 415 4045 iram
430 3990 582 4061 suspendit,
597 3999 626 4045 ut
640 4000 740 4063 parcat.

110 4079 229 4134 llilcctus
243 4077 315 4133 filius
330 4085 420 4135 aester
436 4078 565 4150 magister
578 4081 612 4134 Α.
628 4093 677 4134 nos
691 4095 724 4132 ex
738 4085 812 4149 parte
826 4091 872 4133 ve·

75 4175 130 4222 stra
146 4166 297 4238 consuluit,
312 4167 409 4239 siquis
429 4176 520 4238 posset
536 4178 563 4223 et
576 4167 675 4236 impios
688 4166 872 4222 Rutltenorum

75 4256 144 4312 ritus
160 4265 240 4326 atque
254 4255 442 4311 observantias
466 4255 625 4327 exstirpare.
647 4257 740 4310 Posset
754 4254 873 4325 quidem,

76 4343 362 4412 domine,posset,sed
374 4345 448 4399 solus
462 4343 506 4398 ille
521 4339 601 4400 homo
616 4350 715 4415 posset,
723 4342 750 4396 in
765 4358 818 4413 quo
827 4355 875 4411 po·
890 4313 913 4390 Β

78 4442 138 4487 tens
150 4430 236 4501 gratia
249 4436 330 4485 esset.
348 4430 517 4487 Contidimus
530 4439 620 4487 autem
635 4430 663 4486 in
678 4430 793 4486 Domino
813 4429 877 4484 lesu

78 4520 188 4591 quodsi
204 4520 288 4575 abbas
304 4517 540 4576 Clara-vallensis
555 4521 599 4576 hic
614 4527 697 4589 esset,
713 4523 763 4576 hoc
776 4520 877 4575 bonum

79 4607 169 4663 lacere
184 4620 282 4678 posset.
299 4607 373 4662 Gens
385 4617 475 4663 autem
489 4608 534 4662 illa
547 4608 691 4666 Rutheuica
708 4607 877 4663 multitudiue

80 4696 270 4752 innumerabili
283 4711 333 4752 ceu
343 4695 478 4751 sideribus
490 4696 640 4767 adaequata,
652 4696 807 4752 ortlrodotae
817 4695 879 4752 lidei

80 4786 205 4855 regulam
222 4800 265 4854 ¹ac
291 4800 362 4841 rerae
392 4784 530 4856 religionis
554 4783 675 4839 instituta
698 4800 750 4839 non
779 4794 878 4854 serrat,

82 4888 137 4928 non
153 4875 293 4927 attendens
312 4873 439 4944 quoniam
454 4881 530 4927 extra
552 4872 715 4928 catholicam
738 4873 881 4929 Ecclesiam

84 4960 139 5018 veri
155 4959 277 5014 sacriticii
293 4960 368 5017 locus
385 4969 506 5016 nonest.
523 4961 580 5017 Nec
597 4959 684 5015 solum
702 4960 728 5013 in
751 4959 882 5017 sacrilirio

84 5047 218 5106 Dominici
238 5050 372 5119 corporis,
387 5050 436 5103 sed
460 5051 487 5104 in
513 5048 648 5121 conjugiis
672 5048 883 5118 repudiandrset

86 5135 276 5207 rebaptizantis
285 5145 365 5207 atque
376 5137 436 5191 aliis
449 5138 580 5193 Ecclesiae
588 5138 762 5193 sacramentis
771 5138 883 5208 turpiter

86 5227 237 5282 claudicare
252 5225 436 5298 cognoscitur.
452 5227 492 5281 lta
505 5226 644 5282 erroribus
654 5226 744 5298 variis,
756 5227 809 5281 imo
820 5243 884 5282 rero

89 5361 188 5430 (1131)
215 5358 264 5413 llic
285 5358 411 5428 Thomas,
442 5359 518 5431 prius
551 5358 632 5412 abbas
661 5358 885 5427 llauriniacensis,

90 5431 216 5488 abdicato
233 5436 331 5503 sponte
344 5429 489 5503 regimine,
507 5431 541 5486 ad
556 5431 684 5487 Sanctum
698 5431 839 5487 Martiuum
853 5432 887 5488 dc

92 5501 205 5574 Campis
224 5513 382 5559 secesserat.
406 5502 473 5558 Cum
492 5517 557 5557 vero
581 5500 734 5558 dlbcricus·
746 5502 888 5576 episeopus

81 5609 86 5617 '
184 5616 304 5672 Parnon.
320 5615 474 5672 ctxxxn.

918 3197 1024 3252 Christo
1042 3195 1178 3264 conciliet,
1194 3195 1238 3264 qui
1253 3201 1280 3248 et
1295 3208 1382 3263 praeco
1397 3203 1439 3250 est
1452 3192 1600 3265 Evangelii,
1620 3200 1649 3249 et
1670 3193 1714 3248 lu·

920 3302 1000 3342 ccrna
1019 3286 1045 3338 in
1060 3286 1140 3340 domo
1167 3283 1285 3348 Domini,
1300 3289 1327 3337 et
1344 3282 1442 3337 dirinae
1463 3280 1609 3338 voluntatis
1627 3280 1715 3336 inter-

920 3391 982 3446 pres
999 3384 1026 3430 et
1048 3373 1141 3428 melior
1161 3373 1278 3442 Orpheo,
1295 3379 1321 3426 ct
1343 3385 1460 3441 aupema
1481 3369 1570 3426 clarus
1593 3369 1714 3438 scientia,

921 3473 949 3519 et
962 3462 1065 3519 coelesti
1086 3460 1233 3533 praedictus
1255 3456 1442 3530 intelligentia,
1467 3465 1496 3513 et
1513 3457 1635 3514 omnium
1660 3457 1717 3515 lere

925 3551 1115 3606 charismatum
1131 3563 1243 3605 munere
1257 3546 1400 3618 insignitus
1413 3555 1438 3601 et
1453 3546 1548 3620 gratia.

958 3638 1066 3706 Quanto
1082 3645 1173 3693 autem
1193 3636 1275 3690 animi
1296 3649 1431 3706 quamque
1454 3635 1560 3690 ardenti
1583 3632 1719 3691 desiderio

923 3743 974 3798 ego
997 3736 1024 3782 et
1044 3740 1136 3781 comes
1149 3724 1254 3787 Petrus,
1270 3722 1311 3776 rir
1329 3721 1422 3792 ntique
1435 3721 1506 3777 circa
1516 3721 1566 3778 Dei
1585 3721 1721 3779 cultumet

925 3814 1076 3873 Ecclesiam
1093 3813 1304 3883 religionemque
1319 3809 1516 3877 devotissimus,
1531 3817 1660 3877 vestrum,
1676 3810 1721 3882 pie

931 3906 1018 3967 Pater,
1041 3901 1230 3972 praestolemur
1249 3898 1404 3962 adventum,
1420 3897 1494 3953 solus
1518 3897 1562 3954 ille
1584 3897 1662 3955 nobis
1680 3906 1722 3955 est

927 3991 1003 4048 testis
1017 3990 1063 4061 qui
1077 3988 1149 4044 videt
1165 3993 1272 4043 secreta
1289 3986 1388 4043 cordis.
1404 3987 1458 4041 Nec
1471 3998 1525 4041 nos
1538 3985 1589 4041 soli
1598 3993 1723 4055 optamus

928 4079 1056 4133 abbatem
1073 4075 1337 4146 Clarae-Vallensem.
1353 4070 1437 4128 Simul
1452 4071 1479 4126 in
1494 4086 1577 4128 unum
1599 4071 1676 4130 dives
1696 4079 1724 4129 et

932 4182 1044 4240 pauper,
1064 4165 1171 4221 nobiles
1201 4171 1227 4219 et
1247 4161 1388 4234 ignobiles,
1412 4163 1528 4231 juvenes
1551 4170 1577 4217 et
1604 4159 1724 4233 virgines

931 4270 1011 4309 senes
1037 4270 1097 4309 cum
1128 4251 1283 4322 iunioribus
1309 4265 1385 4321 aeque
1409 4249 1572 4307 desiderant.
1593 4249 1724 4305 Abbatam

932 4342 1020 4401 omnis
1043 4342 1110 4397 ordo
1133 4350 1159 4396 et
1184 4349 1257 4408 aetas,
1284 4338 1407 4395 abbatem
1431 4339 1518 4395 omnis
1545 4353 1626 4395 sexus
1646 4345 1725 4410 atque

932 4431 1021 4488 omnis
1037 4429 1165 4493 conditio,
1182 4430 1307 4484 abbatem
1322 4442 1415 4482 ornnes
1439 4427 1533 4484 Poloni
1551 4427 1727 4500 omniumque

935 4530 997 4575 iota
1011 4519 1153 4591 suspirant

1152 4648 1322 4706 aristote
1348 4646 1512 4705 cntxxvt.

936 4766 1146 4844 cacuminat)
1161 4778 1294 4828 ooonuntr
1309 4776 1423 4819 enarras
1436 4775 1673 4819 nauarnraesrrsrs
1691 4771 1728 4814 an

1223 4867 1248 4906 s.
1263 4865 1443 4906 nenaannmr.

937 4966 1053 5033 (Exstat
1063 4963 1094 5015 in
1111 4958 1234 5016 editione
1246 4959 1366 5028 Operum
1381 4958 1408 5013 S·
1426 4955 1562 5012 bernardi
1574 4971 1651 5014 anno
1662 4956 1731 5010 1719

954 5036 1032 5102 dote,
1051 5037 1116 5089 tom.
1134 5031 1155 5095 l,
1172 5029 1204 5083 in
1219 5028 1371 5100 appendice
1381 5027 1417 5083 ud
1431 5027 1573 5099 epistolar.
1587 5027 1639 5083 col.
1665 5027 1728 5082 elo.

983 5135 1067 5195 tm
1085 5139 1106 5191 ⁴.
1131 5134 1245 5190 Dornino
1260 5133 1435 5188 dilectissimo
1461 5142 1488 5188 et
1511 5131 1539 5186 in
1563 5131 1661 5188 Christi
1689 5131 1732 5188 vi-

940 5229 1066 5284 sceribus
1082 5224 1240 5281 honorando
1258 5225 1411 5279 Bsunanno
1424 5221 1475 5278 Dei
1494 5221 1583 5295 gratia
1597 5221 1734 5277 Clarorum

948 5359 1080 5418 Ostiensis
1094 5357 1120 5410 in
1136 5355 1285 5419 stateram,
1309 5364 1335 5409 et
1359 5354 1474 5413 Ymarus
1487 5351 1698 5409 Tusculanensis
1708 5351 1737 5408 in

950 5432 1075 5514 Angliam
1099 5445 1120 5513 a¹
1138 5426 1222 5511 Eucio
1236 5441 1306 5499 papa
1328 5426 1407 5509 legati
1425 5425 1577 5508 Floriqcum
1592 5424 1739 5518 venisseut,

952 5508 981 5561 et
991 5519 1022 5559 rra
1037 5516 1194 5575 pernicioso
1204 5501 1283 5555 aloto
1293 5497 1556 5570 postlcmabbatram
1566 5509 1744 5574 agnovissemt

1608 5609 1658 5658 *aa
