3728 5940
85 223 137 287 uti
821 197 1002 267 titutum.
1676 204 1731 268 ,57⁸

83 347 210 406 omnibus
237 339 317 399 uobis
339 333 372 393 ed
387 327 598 394 correctionem,
613 319 878 398 edoedificstiuucm,
895 340 919 423 Ι
935 326 998 385 rite
1012 328 1173 399 quaerentes.
1192 321 1248 378 Noe
1262 319 1313 383 boc
1331 320 1582 402 sustentaque
1599 329 1634 388 de
1652 348 1730 389 mun·

84 440 117 495 ed
146 429 416 493 consummationem,
441 416 651 493 incipientibus,
677 411 880 485 proficientibus
935 414 971 472 do
991 429 1044 473 nott
1059 427 1154 470 sumus
1178 428 1186 467 :
1207 425 1256 468 ttos
1278 418 1368 468 tutem
1390 415 1484 471 mundi
1505 427 1649 488 amatores,
1666 437 1730 480 cum

85 533 165 597 etque
178 519 326 595 perlectis3
342 528 430 585 usque
456 509 485 565 iu
503 507 585 562 finum
608 502 700 560 saeculi
722 502 881 574 profuturus
934 504 1036 561 mundo
1051 517 1144 574 pacem
1164 499 1276 568 habetis,
1291 501 1355 572 quie
1369 500 1403 556 ds
1427 505 1527 564 mundo
1544 507 1619 563 estis
1640 511 1727 568 Psou-

86 620 178 671 contra
194 621 314 681 teporem
329 620 362 660 uc
376 597 544 673 pravitatem,
561 607 622 666 quae
637 599 678 648 est
693 590 720 645 iu
735 590 810 647 falsis
826 591 882 648 ire·
935 591 1088 666 duspostoli
1098 589 1279 646 adulterantes
1292 591 1405 648 uerbum
1415 589 1524 660 Christi,
1541 611 1602 668 quor
1612 605 1733 656 enaiim

87 703 182 759 tribus.
196 701 253 756 tam
269 705 375 767 tempus
389 697 431 747 est
445 692 476 744 ut
490 685 524 742 de
548 681 642 756 quinte
663 678 786 747 hauries,
804 687 832 735 et
855 679 884 735 in
936 683 1129 756 quamverum,
1144 695 1194 737 vus
1207 687 1235 735 et
1255 686 1346 750 patras
1369 688 1475 738 vestros
1490 685 1642 742 exorbitare
1657 686 1732 744 tece-

85 789 206 846 medium
221 783 343 859 prolatas
357 789 450 836 contre
475 787 560 830 nutus
583 767 735 833 haereticos,
754 765 800 839 qui
825 765 882 822 cir-
936 779 1030 829 ruut:
1061 785 1112 826 nos
1138 776 1166 825 et
1188 775 1278 840 putres
1303 769 1387 824 nostri
1413 773 1535 842 generati
1551 774 1679 845 apostoli,
1705 776 1733 833 in

86 892 256 953 cumquaque
269 875 325 947 jam
338 871 395 926 iere
410 882 458 940 per
472 876 569 921 omnes
591 856 728 915 Ecclesiae
750 854 884 913 ebulliunt
937 859 1024 931 gratis
1037 858 1136 915 Christi
1151 856 1358 928 permansimus,
1374 866 1399 913 et
1419 861 1445 915 itt
1465 857 1547 917 finem
1560 861 1652 919 saeculi
1670 880 1734 936 per·

87 971 121 1026 de
136 976 217 1040 puteo
232 960 336 1036 abyssi,
346 956 423 1032 quasi
434 954 491 1026 iam
508 949 636 1024 princeps
650 946 759 1003 illorum
773 943 885 1019 incipiat
938 947 1119 1004 manebimus.
1134 946 1177 1002 tid
1190 945 1410 1020 distinguendum
1425 963 1474 1005 nos
1493 958 1520 1006 et
1538 966 1598 1020 tus,
1614 951 1735 1011 Christus

88 1056 210 1120 dissolri,
232 1063 259 1110 et
281 1052 365 1108 instet
382 1047 442 1103 dies
462 1039 578 1100 Domini.
605 1039 638 1094 tlt
661 1036 688 1091 io
712 1033 884 1108 epithalamio
938 1035 1023 1094 dixit:
1038 1034 1315 1108 siracusanum
1329 1039 1670 1110 coquuscetiseorfflatth.
1682 1057 1733 1112 rit,

89 1147 190 1204 amoris
213 1140 313 1199 Christi
335 1149 362 1194 et
384 1131 511 1192 Ecclesia
535 1129 621 1198 locus,
636 1124 685 1197 qui
705 1138 721 1178 a
746 1131 783 1191 tc,
798 1133 885 1195 peter,
941 1129 995 1200 top,
1019 1125 1134 1183 Fructus
1158 1125 1242 1181 περὶ
1266 1132 1328 1180 ,unq
1351 1124 1467 1198 vestig„
1490 1126 1601 1183 cmm,
1617 1128 1646 1183 ,n
1668 1129 1736 1186 cibi.

88 1241 158 1296 sicut
171 1243 198 1289 tu
214 1232 273 1303 ipse
288 1227 354 1286 mihi
368 1221 492 1287 retulisti,
504 1220 561 1290 iem
576 1225 617 1272 est
632 1215 799 1281 tractandus,
816 1212 887 1269 tide·
939 1216 996 1272 stris
1011 1223 1101 1270 vetent
1115 1229 1195 1273 omne
1210 1229 1296 1289 genus
1314 1214 1401 1279 lactis,
1426 1223 1453 1270 et
1476 1217 1550 1289 quoti
1567 1217 1629 1273 inde
1649 1217 1736 1274 corth-

87 1328 167 1384 licct:
181 1322 278 1394 Capite
288 1317 364 1375 uobis
379 1312 475 1386 uulpes
485 1307 634 1384 paruulus,
644 1320 709 1377 quae
723 1302 886 1361 demoliun-
939 1303 1020 1373 citur,
1036 1311 1064 1359 et
1082 1302 1213 1376 quidquid
1232 1319 1264 1359 ert
1279 1303 1352 1359 coitu
1371 1311 1539 1374 procreatur.
1555 1307 1612 1362 Hoc
1625 1306 1662 1362 (te
1675 1322 1739 1363 0012.

91 1420 140 1472 tur·
155 1406 381 1476 uiucuoidantic.
392 1417 426 1473 tt,
437 1401 490 1471 to),
502 1396 564 1454 huic
574 1392 704 1466 mysterio
713 1389 850 1465 congruit,
860 1398 888 1448 et
939 1392 1090 1451 versatione
1124 1407 1174 1449 sue
1207 1390 1286 1452 nubis
1316 1401 1466 1464 opponunt.
1500 1394 1531 1449 ln
1563 1396 1738 1452 sacramentis

92 1509 117 1557 tc
129 1516 161 1556 ac
170 1498 289 1569 quintam
305 1491 427 1566 hydriam
439 1484 573 1560 perduxit.
584 1483 721 1554 Rogamus
729 1478 823 1553 igitur,
834 1493 886 1549 pa·
940 1481 996 1538 suis
1019 1480 1079 1539 telo
1101 1495 1132 1536 so
1155 1487 1250 1554 tegunt
1265 1497 1274 1536 a
1290 1489 1380 1537 temen
1402 1481 1482 1537 uobis
1503 1490 1597 1554 aperte
1622 1482 1739 1540 contessi

91 1600 142 1655 ter,
158 1597 188 1644 ut
202 1599 297 1642 omnes
313 1588 402 1654 partes
415 1574 524 1633 haeresis
538 1572 656 1642 illumm,
671 1585 732 1643 quas
754 1568 789 1624 ed
812 1578 885 1625 tuum
940 1576 1014 1637 suut,
1031 1568 1104 1642 quod
1119 1567 1147 1625 in
1171 1583 1263 1624 mense
1283 1583 1332 1624 sue
1346 1568 1466 1642 quotidie
1481 1584 1544 1626 cum
1564 1573 1736 1641 manducent,

90 1677 212 1732 notitiam
235 1674 426 1743 peruenerunt,
450 1660 611 1734 distinguas,
627 1667 655 1714 et
677 1655 886 1727 contrapositis
940 1659 975 1715 ad
989 1657 1104 1715 turmam
1127 1655 1225 1714 Christi
1248 1664 1276 1712 ct
1297 1656 1493 1730 apostolurum,
1507 1659 1597 1717 cibum
1620 1676 1699 1717 quum
1712 1670 1740 1717 ,ι

91 1763 241 1823 rationibus
259 1769 285 1816 et
308 1752 515 1814 auctoritatibus
539 1758 638 1805 nostrae
663 1744 736 1815 fidei,
754 1743 815 1800 illas
843 1746 887 1801 de-
941 1754 1035 1820 potum
1056 1746 1085 1804 in
1108 1760 1207 1819 corpus
1221 1744 1319 1802 Christi
1334 1753 1360 1802 et
1375 1746 1533 1818 sanguinem
1548 1764 1596 1819 pes
1615 1747 1739 1806 pomini.

90 1863 188 1910 struas·
941 1849 1001 1891 cam
1023 1832 1172 1893 oraticnem
1194 1841 1363 1900 consecrant,
1381 1839 1409 1891 ut
1430 1833 1493 1890 indo
1516 1850 1546 1892 sc
1567 1836 1688 1893 membra
1708 1839 1738 1894 et

128 1947 153 1998 a.
172 1942 264 2012 Nuper
277 1935 349 2008 apud
363 1948 413 1990 nus
425 1932 506 2002 iuxta
520 1924 660 1984 Coloniam
676 1921 786 1995 quidem
802 1922 889 1979 haere·
942 1938 1041 1994 corpus
1059 1921 1159 1979 Christi
1177 1921 1306 1978 nutrient.
1322 1922 1377 1979 Nos
1399 1937 1464 1979 tteru
1487 1923 1580 1980 dicunt
1598 1924 1626 1981 iu
1648 1940 1739 1982 secm-

91 2033 137 2090 tici
152 2028 250 2087 demoti
268 2032 341 2092 suut,
358 2034 476 2096 quorum
490 2015 600 2090 quidam
622 2028 685 2070 cum
708 2009 890 2067 adstantium
944 2013 1040 2070 mentis
1053 2028 1109 2069 non
1127 2019 1219 2067 tenere
1232 2010 1381 2077 terimtam,
1397 1997 1602 2084 sod'quamdam
1617 2014 1741 2071 umbnm

91 2124 125 2179 ad
142 2118 289 2177 Ecclesiam
311 2113 458 2171 redierunt.
473 2108 536 2165 Duo
558 2122 592 2162 eu
606 2102 656 2170 eis,
669 2100 772 2158 soihcet
784 2098 834 2173 qui
848 2098 890 2155 di·
944 2111 971 2158 ct
984 2102 1122 2158 homiuum
1138 2099 1318 2159 traditionem.
1334 2100 1459 2159 Cantent
1475 2110 1539 2158 suut
1557 2102 1639 2159 etiem
1653 2104 1741 2160 mani·

93 2212 204 2268 sebatur
218 2205 363 2277 episcopua
377 2214 471 2257 corum
485 2211 546 2254 cam
559 2193 636 2251 socio
651 2205 718 2260 stro,
734 2189 814 2246 nouis
828 2203 890 2246 tes·
944 2188 1013 2247 leste
1027 2206 1056 2246 ss
1073 2197 1171 2262 praeter
1184 2204 1291 2261 aquam,
1307 2188 1334 2245 iu
1357 2188 1448 2264 ignem
1468 2197 1495 2247 et
1513 2190 1637 2262 spiritum
1651 2192 1741 2263 bapti.

93 2300 204 2356 titetuut
220 2295 249 2351 in
271 2296 406 2349 contentu
424 2286 583 2344 clericorum
612 2290 639 2337 et
658 2279 797 2345 laicorum,
820 2293 890 2350 prae·
943 2294 1013 2350 aare,
1029 2285 1055 2335 ct
1070 2278 1223 2350 baptizatos
1237 2294 1298 2335 esse
1319 2280 1506 2335 :adducentes
1529 2280 1595 2336 illud
1620 2281 1742 2338 testimo-

95 2395 172 2446 sente
187 2385 250 2456 ipso,
269 2380 379 2437 dominu
401 2373 606 2448 archiepiscopo
628 2368 810 2441 cummegnis
825 2367 890 2426 titis
944 2371 1019 2429 nium
1045 2371 1157 2427 loannis
1189 2370 1317 2442 ltaptistae
1344 2370 1503 2441 baptizantis
1531 2372 1559 2428 in
1592 2388 1681 2446 equa,
1714 2382 1742 2429 et

95 2475 241 2543 nobilibus,
256 2468 382 2526 baeresim
397 2480 475 2522 suam
490 2461 664 2519 defendentes
674 2457 890 2516 esterbistri·
944 2459 1057 2518 dicentis
1071 2460 1105 2517 de
1124 2459 1232 2516 Christo
1247 2477 1254 2516 :
1278 2459 1329 2516 lile
1352 2475 1397 2516 uos
1412 2458 1568 2532 baptizabit
1582 2463 1614 2517 ira
1629 2463 1740 2535 Spiritu

93 2567 129 2626 sti
142 2574 169 2622 et
180 2559 313 2636 Apostoli.
329 2557 394 2629 Sed,
402 2571 463 2613 cum
479 2552 612 2611 uidissent
628 2565 657 2605 se
667 2562 722 2604 uun
732 2561 812 2620 posse
822 2561 889 2619 pro·
944 2553 1042 2608 sancto
1057 2552 1085 2607 ct
1099 2550 1164 2620 ique
1175 2548 1285 2620 (daath.
1301 2563 1343 2618 nt,
1361 2549 1422 2618 ttt;
1437 2555 1465 2603 et
1477 2546 1504 2603 in
1520 2549 1572 2606 etio
1586 2549 1647 2608 locu
1664 2568 1671 2607 ε
1688 2553 1743 2623 Epo

94 2655 198 2719 cedere,
227 2650 359 2722 peticmnt
388 2656 416 2702 ut
444 2643 483 2700 eis
507 2647 670 2698 statueretur
693 2636 762 2704 dies,
783 2636 812 2691 iu
835 2651 890 2709 quo
944 2639 1056 2712 baptiso
1066 2639 1098 2693 in
1107 2653 1192 2710 aqua,
1201 2638 1296 2709 major
1308 2641 1408 2694 autem
1421 2643 1547 2695 uestrum
1556 2641 1648 2707 stetit,
1660 2656 1744 2713 quem

94 2742 260 2798 adducerent
274 2737 308 2793 de
324 2735 381 2792 suis
395 2733 468 2789 titos
481 2729 543 2786 fidei
557 2743 613 2784 sues
635 2726 757 2798 petitus;
775 2725 890 2796 promit·
946 2744 994 2786 vos
1007 2727 1122 2786 necitis
1136 2727 1229 2799 (tuan.
1242 2741 1261 2794 t,
1277 2727 1334 2800 26),
1346 2727 1424 2798 quati
1434 2726 1489 2784 2110
1499 2727 1633 2801 papum,
1644 2736 1744 2802 mu„

94 2838 232 2887 tentasse
254 2824 322 2885 telle
345 2821 472 2880 Ecclesiae
494 2816 604 2884 sociari,
618 2815 644 2873 si
666 2813 808 2888 magistros
826 2829 892 2871 euos
947 2834 1046 2893 aquam
1070 2832 1119 2874 tos
1140 2816 1332 2888 baptizaturus.
1359 2817 1394 2874 Et
1416 2817 1497 2874 talam
1520 2818 1682 2891 baptismum
1698 2835 1746 2892 per

96 2918 215 2976 viderent
228 2916 256 2970 in
279 2910 455 2983 responsiouo
475 2905 589 2964 deficere
605 2922 612 2962 :
628 2902 746 2975 alioquin
770 2917 800 2958 se
823 2901 925 2992 vellet
943 2907 1144 2981 impositionem
1172 2916 1301 2961 nundum
1336 2906 1438 2964 debere
1472 2905 1530 2964 fieri
1556 2909 1646 2964 musti
1681 2917 1746 2967 sunt

98 3006 187 3079 potius
210 3002 289 3074 mori,
311 3015 392 3074 quem
413 3000 447 3055 ab
471 2999 521 3054 bac
544 2992 679 3051 sententie
702 2991 817 3049 dulles-ti.
835 2990 895 3059 Quo
954 2998 1095 3054 osmndere
1110 2994 1263 3052 testimonio
1276 2994 1365 3062 Luam,
1381 2996 1429 3068 qui
1450 2996 1477 3051 iu
1497 2997 1609 3054 Actibus
1623 2998 1745 3069 aposto·

98 3096 199 3162 audito,
212 3111 273 3152 0⁰⁰¹
289 3090 468 3163 pertriduum
491 3095 582 3142 “⁸⁰⁰²
604 3080 746 3147 admoniti,
770 3090 799 3137 et
823 3081 894 3137 rosi·
950 3084 1038 3142 lorum
1053 3083 1211 3141 describens
1225 3083 1389 3154 baptismum
1402 3084 1486 3152 Pauli,
1501 3101 1583 3156 quem
1597 3087 1632 3142 ab
1643 3087 1747 3144 hnenis

99 3187 201 3258 piscare
216 3182 376 3248 uoluissent,
392 3177 461 3250 rapti
476 3183 541 3232 sunt
560 3188 576 3230 a
595 3172 703 3244 populis
727 3171 811 3227 nimio
835 3171 893 3230 uelo
948 3174 1068 3243 suscepit
1085 3175 1120 3228 ed
1144 3174 1309 3244 preceptum
1332 3171 1439 3240 Christi,
1465 3174 1564 3228 nuttam
1579 3175 1745 3234 mentionem

99 3274 237 3347 permotis,
251 3271 440 3343 nobistameu
463 3264 563 3333 inritis,
588 3272 616 3320 et
638 3263 666 3318 in
688 3262 779 3336 iguem
804 3262 895 3333 positi,
950 3263 1156 3335 tecitdeeqna,
1171 3263 1220 3318 sed
1243 3267 1345 3319 tantum
1359 3262 1393 3319 de
1423 3277 1519 3320 manue
1533 3262 1707 3334 impositione
1732 3283 1739 3324 :

100 3372 180 3437 atque
200 3360 325 3431 erematl3
349 3368 386 3427 et,
411 3356 484 3429 quud
505 3353 590 3428 usqu
615 3351 738 3408 mirabile
762 3357 820 3418 est,
844 3352 896 3424 ipsi
951 3360 978 3411 et
993 3351 1125 3425 quidquid
1138 3350 1273 3409 invenitur
1293 3359 1347 3408 tam
1365 3351 1392 3408 iu
1412 3350 1524 3407 Actibus
1543 3352 1745 3423 Apostolorum,

101 3460 266 3510 tormentum
289 3449 360 3521 iguis
382 3462 436 3503 nott
453 3444 543 3501 solum
564 3459 624 3499 curn
646 3440 781 3512 patientia,
798 3441 847 3496 sed
870 3451 897 3500 et
951 3458 1031 3515 quem
1051 3442 1080 3497 in
1101 3440 1228 3514 Epistulas
1242 3440 1328 3514 Pauli,
1350 3441 1385 3497 dc
1399 3456 1494 3497 manus
1515 3440 1697 3513 impositione,
1713 3445 1747 3500 ad

101 3559 162 3600 cum
177 3541 267 3597 taehtia
280 3537 442 3594 introierunt
461 3542 489 3591 ct
504 3532 704 3591 sustinuerunt.
730 3531 789 3595 llic,
805 3537 897 3588 sancte
951 3532 1023 3587 bunc
1037 3529 1200 3602 baptismum
1216 3530 1310 3588 volunt
1325 3530 1469 3602 ptortincro.
1494 3530 1526 3586 Et
1548 3531 1696 3603 quemlibet
1710 3535 1750 3590 sic

102 3630 299 3704 petermellem,
311 3626 334 3683 si
345 3638 572 3697 praesensessem,
583 3622 682 3677 habere
693 3619 898 3692 responsionem
952 3618 1022 3677 iuter
1041 3634 1091 3676 eus
1104 3620 1270 3692 baptizatum
1285 3619 1379 3676 dicunt
1393 3621 1520 3691 electum,
1535 3628 1560 3678 et
1583 3622 1684 3679 habere
1699 3637 1750 3695 po.

11 3705 19 3717 ⁵
104 3730 189 3786 tuem,
207 3718 278 3774 uude
294 3710 467 3769 istisdiebuli
490 3708 620 3766 membris
635 3715 707 3764 tauta
726 3707 855 3764 tortitudo
870 3707 898 3764 iu
954 3718 1078 3766 testatem
1101 3708 1170 3766 elius
1191 3708 1238 3780 qui
1261 3708 1336 3779 digni
1362 3709 1460 3765 ineunt
1485 3710 1644 3782 baptizandi,
1673 3718 1699 3768 ot
1720 3711 1749 3768 in

103 3824 151 3864 sua
165 3804 271 3871 haeresi,
286 3813 388 3876 quante
400 3799 446 3857 tir
459 3798 545 3856 etiam
558 3796 693 3854 invenitur
707 3797 735 3852 in
749 3795 828 3854 ratde
852 3811 898 3854 re-
953 3811 1049 3853 menss
1062 3813 1112 3853 etta
1125 3812 1226 3870 corpus
1239 3796 1337 3852 Christi
1350 3805 1377 3852 et
1391 3798 1550 3870 sanquinem
1564 3800 1750 3858 consecrandi,

104 3896 209 3973 litim
223 3895 250 3950 1⁰
266 3892 318 3948 fide
334 3889 444 3947 Chfssli·
954 3884 1034 3943 Prius
1061 3885 1135 3942 enim
1161 3902 1212 3958 per
1236 3900 1333 3941 menits
1355 3885 1557 3958 impositionem
1583 3889 1617 3943 ds
1641 3902 1762 3947 nuntero⁴

141 3991 167 4043 3.
183 3986 247 4042 llaec
260 3990 301 4039 est
316 3980 428 4039 haeresis
441 3977 560 4034 illorum.
575 3975 674 4033 Dicunt
696 3975 765 4047 apud
791 3991 821 4032 re
841 3981 899 4034 tan·
956 3989 1061 4043 eorum,
1078 3988 1147 4046 quos
1162 3974 1298 4030 auditores
1311 3982 1418 4044 vocant,
1443 3973 1578 4045 rccipiunt
1601 3992 1664 4033 curn
1684 3978 1753 4036 inter

105 4084 161 4134 tum
175 4071 323 4134 Ecclesiam
337 4086 409 4138 esse,
425 4083 457 4126 eu
474 4067 545 4141 quod
553 4065 607 4139 ipsi
621 4064 673 4122 suli
689 4064 900 4138 reshqiisChri-
956 4062 1097 4124 credentes
1111 4079 1119 4120 t
1134 4073 1162 4120 et
1185 4062 1224 4120 sic
1238 4061 1329 4120 licebit
1347 4078 1409 4119 eum
1429 4061 1560 4119 interesse
1584 4065 1754 4126 cretionibus

105 4167 141 4225 sti
158 4166 327 4233 inhereant,
355 4171 383 4218 ct
407 4158 562 4232 apostolice
584 4155 647 4214 vitae
674 4155 731 4213 reti
759 4163 906 4226 sectatore.
924 4168 1063 4266 usurum,
1077 4151 1228 4226 usquedum
1252 4151 1318 4209 satis
1337 4151 1478 4225 probatum
1499 4166 1561 4209 euru
1586 4151 1685 4210 facient
1698 4155 1755 4214 ole-

107 4261 292 4332 permaneant,
309 4266 411 4324 eaquae
427 4247 518 4306 muudi
532 4255 597 4305 suut
609 4260 664 4303 nun
673 4257 835 4320 quaerentes,
845 4269 901 4312 uon
956 4253 1041 4301 ctum.
1053 4243 1094 4300 lie
1107 4242 1240 4316 baptismo
1254 4247 1347 4299 nostro
1361 4255 1416 4298 non
1430 4249 1535 4299 curent.
1552 4241 1667 4316 Nuptias
1679 4244 1756 4303 dim.

106 4350 229 4412 flitmum.
243 4359 294 4401 nec
307 4357 399 4416 tarot,
416 4355 468 4399 noe
480 4336 581 4411 aliquid
597 4337 733 4410 peculium
753 4340 902 4412 possiden.
956 4332 1219 4403 contemsissem
1238 4331 1273 4389 eb
1296 4331 1336 4389 eis
1358 4330 1521 4406 intestatus
1537 4347 1592 4390 nun
1605 4333 1696 4409 potui3
1711 4334 1756 4394 vei

107 4446 168 4497 tes:
187 4437 257 4493 sicut
270 4436 394 4493 Christus
409 4450 463 4492 uon
479 4434 608 4506 possedit,
624 4447 674 4489 uec
689 4430 828 4504 discipulis
845 4433 903 4492 suis
957 4421 1020 4494 quia
1033 4435 1092 4478 cem
1115 4419 1191 4478 lateri
1212 4436 1267 4477 non
1291 4416 1438 4490 audebant,
1454 4418 1496 4479 vel
1510 4420 1678 4495 potiusquis
1696 4438 1755 4482 aaut

108 4526 273 4602 possidenda
287 4525 428 4583 concessit.
442 4524 499 4583 Vos
512 4533 612 4593 eutem,
631 4521 724 4579 dicunt
747 4523 835 4591 nobis,
852 4525 905 4583 do-
958 4509 1129 4584 ignorabunt.
1753 4538 1756 4545 .

109 4634 184 4675 tuum
197 4615 299 4684 domui,
312 4625 444 4689 eteqrum
461 4628 528 4688 aqru
542 4610 686 4686 copuletis,
698 4618 726 4667 et
738 4628 799 4684 quae
810 4613 906 4673 mundi
995 4600 1022 4657 l.
1038 4600 1108 4657 Sunt
1120 4599 1185 4656 item
1199 4597 1245 4656 elii
1258 4597 1374 4655 haeretici
1392 4597 1502 4672 quidam
1521 4599 1549 4654 in
1564 4607 1637 4656 terre
1651 4609 1753 4674 nours,

110 4719 172 4764 sunt
185 4706 266 4776 hujtts
281 4703 403 4778 quaeritis
418 4720 426 4759 r
441 4705 478 4760 its
491 4704 613 4776 etiamut
625 4701 709 4774 quiin
724 4702 801 4759 tobis
816 4706 906 4777 petia·
959 4689 1070 4748 omuino
1083 4688 1118 4745 ab
1140 4688 1200 4746 istis
1223 4688 1422 4758 discordantes,
1440 4703 1487 4760 per
1504 4703 1619 4762 quorum
1635 4697 1754 4751 mutuati.

110 4796 221 4853 ctissimi
236 4796 378 4861 habentur,
394 4793 463 4850 sicut
485 4789 609 4850 monachi
633 4791 677 4848 trel
698 4791 839 4863 regulares
862 4809 907 4851 cu.
960 4779 1122 4838 discordiam
1156 4785 1184 4836 et
1220 4779 1417 4837 contentionem
1448 4777 1554 4851 utrique
1586 4780 1665 4838 nobis
1693 4791 1756 4841 iuni

111 4884 211 4950 nonici,
226 4883 351 4956 quemvis
365 4884 423 4940 hacc
443 4896 498 4938 non
520 4887 550 4936 ttt
573 4877 691 4951 propria,
705 4879 755 4935 sed
769 4880 909 4952 possident
961 4869 1071 4928 detecti.
1096 4868 1141 4924 lsti
1165 4876 1266 4940 negant
1292 4868 1321 4923 iu
1343 4867 1423 4925 elteri
1444 4866 1501 4925 fieri
1524 4882 1622 4940 corpus
1644 4871 1755 4945 Christi,

112 4979 144 5028 ut
157 4972 321 5040 communia,
345 4971 486 5044 possident
504 4977 594 5025 muron
619 4970 676 5023 hec
699 4967 799 5025 omnia.
815 4970 855 5026 Do
877 4985 908 5027 sa
962 4972 996 5016 eo
1011 4957 1084 5030 quod
1099 4971 1195 5012 omues
1214 4957 1369 5014 sacerdotes
1391 4957 1518 5016 Ecclesia
1540 4974 1594 5018 110„
1615 4972 1678 5019 ,um
1691 4978 1759 5020 m.

114 5060 206 5118 dicum
219 5076 227 5116 z
242 5058 300 5116 Nus
315 5074 447 5133 pauperos
461 5056 571 5127 Christi,
587 5054 736 5120 instabiles,
753 5055 908 5117 decivitate
962 5046 1068 5105 sectmi
1084 5046 1241 5117 apostolica
1263 5046 1335 5102 cuim
1360 5047 1487 5120 dignitas,
1507 5049 1610 5121 dicunt,
1630 5063 1761 5128 corrupte

114 5152 143 5209 iu
163 5149 298 5207 civitatem
313 5147 459 5221 fugientes,
474 5147 543 5204 siout
556 5159 620 5204 ores
633 5143 662 5200 in
676 5143 767 5202 medio
781 5146 909 5217 luporum
962 5148 1013 5205 est,
1029 5136 1169 5208 implicans
1190 5152 1221 5194 se
1243 5136 1359 5210 negotiis
1373 5137 1558 5214 sembribus3
1573 5148 1600 5199 et
1623 5142 1651 5198 iu
1664 5145 1758 5204 catha·

114 5258 177 5302 cum
190 5237 319 5312 apostolis
331 5244 358 5295 et
371 5236 537 5309 martyribus
552 5232 766 5306 persecutionem
782 5234 909 5306 patimur:
964 5230 1015 5286 dra
1029 5226 1100 5290 Petri
1113 5242 1167 5282 non
1190 5226 1307 5283 militans
1325 5226 1393 5300 Deo,
1409 5227 1480 5286 uictu
1502 5229 1609 5302 l’ctrus,
1624 5241 1758 5307 pateam,

115 5349 176 5392 cum
191 5339 280 5386 huten
290 5334 409 5394 muctam
417 5336 443 5384 et
456 5323 634 5384 arcissimsm
647 5322 870 5387 ritemducamus
881 5324 911 5383 in
964 5323 1149 5391 conserendi,
1173 5340 1234 5399 qum
1256 5324 1318 5381 data
1342 5324 1393 5382 luit
1414 5325 1504 5395 l’etro,
1524 5344 1555 5386 so
1575 5330 1690 5402 privavit
1705 5349 1713 5390 τ
1731 5341 1762 5393 ot

114 5421 250 5499 ieifl⁰i⁰⁰²
259 5416 439 5489 a¹³⁸¹l¹1e¹¹lii⁸t
449 5415 477 5478 ist
487 5413 655 5479 Omlitttibttt
673 5421 704 5475 et
715 5412 853 5476 laboribus
866 5415 911 5475 die
966 5415 1040 5492 quud
1058 5413 1117 5488 ipse
1130 5427 1186 5472 uon
1199 5413 1288 5485 taba,
1304 5413 1512 5491 archiepiscopi,
1533 5417 1581 5498 qui
1595 5417 1624 5482 q,
1640 5421 1759 5486 qm,

118 5528 149 5576 tc
167 5520 244 5576 nuato
260 5509 444 5591 persistentes,
469 5515 494 5573 ot
515 5515 618 5571 antara
641 5504 793 5569 attenedo
814 5520 847 5572 tt
870 5503 911 5574 eis
965 5502 1129 5570 ascatades
1145 5502 1250 5577 titum,
1269 5503 1310 5567 ab
1325 5504 1580 5585 ueuoatcoipluttt
1601 5519 1630 5572 ut
1654 5511 1761 5604 atiquo·
