3728 5940
41 158 90 219 tut
788 153 964 217 tibtote.
1653 160 1705 221 102

37 280 142 337 niolam
154 277 301 335 asinariam
316 276 388 334 colle
409 277 470 350 eins
493 276 723 351 suspenderes,et
737 279 851 336 siceum
865 295 889 374 Α
903 280 990 339 virtus
1013 295 1073 353 qaae
1093 295 1204 353 semper
1226 278 1322 338 militat
1342 280 1456 349 imitati,
1480 282 1610 341 adversus
1631 287 1707 344 veri.

41 372 221 442 demergeres
242 367 270 423 in
294 367 462 438 pmfuudum
484 366 594 425 maris?
616 365 687 435 Quid
701 367 789 442 ergo?
810 371 852 425 Tu
906 378 986 426 tatem
1001 368 1158 442 aecingitur.
1175 367 1291 426 Felicem
1304 383 1357 443 ego
1369 368 1482 426 dixerim
1494 371 1584 429 fratris
1600 373 1708 430 ilenrici

44 458 91 514 ille
106 455 349 514 obedientissimus
364 455 521 527 discipulus,
536 456 612 511 illum
623 464 727 527 patrem
740 465 769 514 ct
783 474 852 531 praa·
905 458 1128 525 inobedienitam,
1150 458 1194 516 cui
1222 458 1276 515 cito
1292 458 1459 531 resipiscenti
1487 461 1521 515 ab
1549 477 1653 533 errore,
1682 470 1711 520 et

45 554 189 619 captarem
209 552 295 612 buum,
314 561 394 619 quem
412 560 448 600 ne
466 553 565 615 puncta
583 545 692 616 quidem
712 549 851 617 temporis,
906 549 1050 607 revertenti
1074 564 1106 604 ex
1133 549 1240 616 itinere,
1270 547 1349 604 talem
1375 549 1488 620 contigit
1514 566 1569 606 non
1590 553 1709 623 experiri

48 635 91 695 vel
107 642 276 698 masterso,
292 641 322 689 ut
335 632 444 704 dicitur,
459 633 546 704 pedis,
561 640 626 704 ste,
641 635 759 708 qnandiu
774 636 852 702 vixit,
907 639 1098 695 obedientiam.
1114 634 1202 705 Quam
1217 636 1354 708 potiorem
1369 648 1478 693 nuncet
1489 637 1637 696 dulciorem
1652 656 1710 696 suar

49 739 150 798 passus
174 739 206 779 es
227 721 361 796 elongari,
385 721 423 778 ita
442 723 517 779 utin
536 721 643 782 foveam
663 739 771 797 quoque
795 733 857 799 pust
908 728 1064 799 hujusmodi
1083 724 1275 782 inobedientiae
1293 726 1389 797 carpit,
1407 725 1571 799 jamjamque
1583 726 1711 800 degustat

48 829 125 883 eum,
140 828 197 870 non
215 811 325 885 quidem
346 810 437 882 caecis,
455 811 502 868 aed
522 813 624 884 apertis
644 827 719 871 more
736 813 855 886 Balaam
909 818 1038 884 feriatum,
1053 817 1154 872 bonam
1169 815 1275 871 babens
1295 813 1499 879 conscientiam,
1514 815 1587 885 qnod
1605 812 1726 875 cateris'

49 901 140 959 oculis
151 900 252 958 eadere
263 914 317 956 non
330 906 472 956 cuncbtus
484 900 524 956 sie
536 919 544 956 :
555 909 633 969 tune,
646 900 768 975 inquam,
780 902 856 959 illum
909 906 1030 980 collegis
1046 905 1105 962 suis
1126 904 1244 961 fraterna
1262 903 1347 959 corda
1366 901 1442 977 graui
1461 902 1589 959 scandalo
1607 919 1711 962 concu-

49 999 96 1048 ιιι
112 991 152 1046 its
165 988 300 1047 beandum
318 987 421 1060 putasti
437 987 578 1063 obsequio,
594 999 624 1047 nt
638 1001 724 1048 morte
744 990 784 1046 illi
798 1007 859 1066 gra·
911 996 1050 1061 tieutibus,
1072 995 1131 1067 ipse
1150 993 1220 1050 inter
1241 991 1340 1048 fratres
1358 991 1385 1049 in
1405 990 1544 1062 proposito
1560 1000 1587 1047 et
1610 991 1712 1050 Ordine

49 1080 159 1137 morem
172 1075 326 1135 exhibueris
343 1076 548 1134 obedientiam?
562 1079 666 1136 Revera
688 1095 760 1137 nnnc
774 1097 858 1153 expc-
910 1100 962 1142 sno
980 1083 1040 1140 sine
1057 1080 1166 1156 querela
1189 1080 1385 1138 conversaturi
1399 1078 1483 1152 Cujus
1499 1096 1561 1152 ego,
1584 1080 1608 1137 si
1626 1083 1712 1153 optio.

50 1170 118 1234 rior,
135 1183 218 1240 qm
231 1182 296 1223 vera
309 1164 345 1222 sit
359 1165 406 1222 illa
424 1167 558 1224 senmntia
573 1186 580 1224 ε
597 1169 710 1227 laimics'
724 1169 857 1236 bominis,
910 1175 1000 1238 detur,
1024 1173 1128 1245 pigram
1152 1171 1241 1243 potius
1263 1169 1393 1241 elegerim
1417 1169 1626 1227 inobedientiam
1651 1187 1713 1228 cnm
1794 1228 1800 1233 ,

50 1255 204 1316 &malici
217 1254 297 1313 illias
312 1253 446 1328 fflicboeoe
456 1269 508 1322 ιιι,
521 1256 560 1328 6).
570 1255 615 1313 Sic
625 1256 716 1330 itaque
729 1260 858 1328 sentiens,
913 1262 1001 1335 ipsius
1014 1259 1189 1326 conscientia,
1204 1273 1286 1332 qnam
1300 1257 1399 1314 borum
1417 1258 1567 1315 studiosam
1581 1258 1715 1315 obedian-

50 1346 93 1404 sic
112 1342 243 1403 conscius
265 1341 326 1416 ipse
348 1342 407 1413 tibi,
437 1358 538 1411 noane,
560 1345 584 1402 si
607 1346 691 1415 sapis,
711 1347 814 1420 gemis3
832 1354 861 1404 et
914 1351 978 1407 dam
996 1366 1059 1407 cnm
1077 1348 1213 1407 scandalo.
1232 1346 1345 1404 AEstimo
1366 1346 1448 1420 enirn,
1468 1345 1533 1421 quia
1550 1347 1717 1419 meliusngit

52 1434 148 1491 duan
162 1430 274 1506 desipis,
290 1430 405 1490 tremis?
423 1431 530 1505 Quippe
544 1434 624 1505 cujus
641 1434 794 1492 obedientie
806 1452 860 1494 nun
913 1441 965 1498 iste
984 1439 1025 1496 sic
1041 1438 1200 1495 inobediens
1224 1438 1323 1506 abbati,
1347 1437 1397 1492 sad
1420 1450 1474 1492 non
1497 1437 1629 1507 charitmi,
1653 1453 1715 1496 ser·

53 1519 115 1583 28
137 1537 213 1593 meu,
236 1521 286 1580 sed
307 1521 432 1580 Veritatis
451 1519 565 1595 judicia,
587 1525 665 1597 pejor
691 1526 801 1583 intenta
821 1532 862 1581 ast
916 1530 1006 1587 vando
1022 1528 1152 1585 unitatem
1172 1527 1199 1583 in
1216 1526 1327 1583 vinculo
1345 1526 1434 1598 pacis,
1454 1542 1534 1598 quiam
1553 1526 1593 1581 illi
1611 1526 1657 1599 qui
1680 1526 1718 1582 ita

53 1610 218 1670 homicidio·
877 1604 900 1683 Β
916 1619 1103 1688 obtemperant
1119 1615 1223 1673 homini
1237 1615 1294 1681 uni,
1310 1624 1341 1671 ut
1354 1630 1436 1670 nuum
1452 1614 1595 1686 preferant
1608 1614 1714 1672 unitati.

91 1705 139 1760 ¹3.
154 1700 185 1759 si
206 1700 264 1759 baec
277 1715 332 1759 nun
349 1701 470 1774 macras,
491 1702 627 1776 quomedo
645 1719 699 1762 nun
718 1704 862 1777 trepidast
916 1707 1043 1763 fidenter
1061 1712 1088 1762 et
1103 1706 1161 1761 brec
1173 1701 1337 1767 addiderim,
1356 1701 1484 1774 expedire
1503 1699 1589 1773 magis
1606 1701 1718 1759 cuilibet

54 1790 132 1865 qnod
149 1789 170 1846 si
187 1789 317 1861 trepidas,
336 1789 474 1862 quomodo
493 1806 547 1848 non
565 1794 710 1851 emendare
729 1793 862 1851 festinas?
917 1795 975 1852 sula
1001 1791 1083 1850 nnius
1109 1790 1230 1847 bominis
1261 1788 1407 1861 periclitari
1439 1788 1607 1856 obedientia,
1636 1805 1716 1859 quam

52 1878 185 1952 Alioquin
208 1881 314 1952 qualem
335 1879 399 1937 binc
422 1880 457 1936 ad
481 1879 550 1939 illud
576 1881 692 1942 tribunal
717 1882 863 1940 terrificum
917 1880 1029 1952 reliquis
1054 1878 1183 1937 omnibus
1210 1876 1319 1950 pietatis
1345 1876 1434 1946 bonis,
1457 1888 1484 1932 ct
1502 1876 1574 1934 votis
1599 1878 1718 1950 proprie

53 1966 252 2027 conscendam
267 1974 370 2039 portas,
380 1967 428 2026 nbi
438 1967 523 2040 iudex
538 1977 604 2027 teste
620 1985 673 2028 non
687 1969 802 2047 indiget,
817 1972 863 2029 ubi
917 1968 1107 2043 professionis.

54 2057 162 2116 veritas
178 2053 288 2114 discutit
305 2054 478 2125 intentiones,
497 2057 544 2116 nbi
563 2057 704 2132 inquisitio
724 2061 864 2134 culparum
954 2063 997 2116 ld.
1023 2058 1170 2131 Siquidem,
1194 2064 1225 2113 nt
1246 2062 1346 2112 cetera
1364 2062 1477 2121 meram,
1502 2054 1556 2111 duo
1580 2055 1718 2129 precipua

56 2145 190 2221 pertingit
202 2143 237 2201 ad
251 2144 342 2201 abdite
354 2146 454 2216 mrdis,
470 2145 517 2204 ubi
530 2147 646 2221 denique
664 2150 865 2208 secretissimus
917 2150 998 2208 nobis
1013 2148 1040 2205 in
1055 2145 1221 2204 monasterie
1240 2144 1462 2203 conversantibus
1479 2144 1648 2202 observanda
1662 2153 1719 2202 tra·

57 2222 187 2295 maenas
204 2233 336 2291 mentium
353 2234 462 2293 divinus
480 2235 527 2295 ille
541 2235 684 2312 investigat
702 2239 822 2307 intuitus,
838 2249 867 2298 et
917 2240 1037 2304 duntur,
1058 2235 1193 2308 subjectio
1217 2234 1320 2303 abbati,
1341 2240 1368 2289 et
1386 2233 1519 2289 stabilitas
1541 2233 1569 2290 in
1593 2235 1655 2292 locu
1670 2252 1678 2294 :
1694 2245 1721 2293 et

59 2324 94 2381 ad
107 2324 233 2382 snbitnrn
247 2322 324 2380 illum
337 2323 408 2381 Solia
418 2324 530 2395 institiae
549 2325 694 2400 fulgorem,
713 2329 865 2387 animarum
917 2329 956 2387 ita
979 2324 1160 2391 observanda,
1179 2323 1253 2396 quod
1274 2329 1399 2379 neutrum
1423 2321 1570 2394 praepediat
1592 2323 1718 2390 alterum,

58 2412 177 2489 expansi
194 2411 284 2480 ιίιιι,
300 2420 395 2470 cunam
408 2413 466 2471 sive
484 2414 565 2484 bona,
581 2414 638 2475 sive
652 2416 723 2474 mala
737 2428 867 2478 evomunt
917 2433 968 2474 nec
989 2416 1151 2472 alterutram
1169 2413 1222 2469 sibi
1240 2410 1428 2483 praeiudicarit.
1453 2412 1497 2477 Ut,
1523 2410 1599 2467 verbi
1622 2412 1718 2483 gratia,

59 2517 123 2578 quta
137 2500 286 2560 celabam?
300 2500 353 2572 Ibi,
368 2501 450 2558 frater
463 2504 560 2570 ddum,
572 2503 701 2562 facientes
712 2514 739 2562 et
750 2522 867 2566 consen-
919 2509 958 2564 sic
977 2515 1004 2562 te
1023 2504 1147 2560 stabilem
1169 2503 1198 2559 iu
1222 2502 1283 2559 loco
1307 2500 1444 2565 exhibeas,
1465 2509 1494 2555 ut
1512 2498 1601 2554 abbati
1624 2497 1721 2569 subjici

59 2590 164 2651 tientes
176 2589 237 2662 pari
252 2605 331 2662 patna
345 2591 499 2663 punientur.
514 2591 554 2647 lbl
565 2590 641 2650 fures
654 2602 680 2651 ct
693 2592 760 2651 socii
776 2595 865 2651 furum
920 2611 976 2652 non
999 2603 1177 2651 mutemuas:
1197 2591 1238 2649 sic
1266 2589 1377 2647 obedias
1403 2589 1541 2659 salijectus
1566 2586 1667 2655 abbati,
1691 2596 1722 2647 ιι

60 2678 183 2738 similem
198 2687 261 2735 sunt
273 2680 413 2750 excepturi
432 2679 603 2738 sententiam.
620 2681 661 2738 lbi
675 2699 722 2754 par
736 2683 868 2742 subibunt
919 2683 1096 2741 stabilitatem
1111 2695 1165 2737 non
1179 2680 1295 2736 amittas.
1315 2678 1409 2744 Porro,
1426 2678 1449 2732 si
1462 2676 1605 2733 detestaris
1617 2675 1646 2732 in
1659 2674 1721 2733 loco

58 2768 196 2840 indicium
209 2773 238 2824 et
250 2768 296 2841 qni
316 2768 427 2839 lactant,
442 2775 468 2827 at
483 2768 530 2842 qui
548 2771 680 2829 lacmntur
699 2782 866 2844 peccatores.
920 2773 1221 2845 licetperrevcrantem,
1238 2768 1284 2842 qui
1294 2767 1384 2824 abbati
1398 2766 1467 2822 forte
1482 2766 1562 2822 subdi
1575 2766 1723 2823 contemnit

61 2858 152 2933 Perge
174 2856 261 2934 igitur
279 2857 339 2928 jam
355 2857 454 2927 dicere,
473 2857 543 2928 Quid
562 2859 596 2915 ad
613 2861 681 2918 mei
696 2860 742 2918 illc
761 2862 868 2922 viderit.
921 2863 1043 2936 imperiis
1059 2877 1067 2932 ;
1095 2859 1200 2916 miraris
1226 2859 1249 2914 si
1277 2855 1501 2930 reprebendimus
1528 2854 1722 2921 obedientiam,

61 2946 159 3021 Tange
181 2943 282 3019 picem,
307 2955 336 3004 et
359 2945 403 3004 dic
414 2964 423 3003 t
434 2947 497 3005 Non
513 2963 573 3004 sum
592 2948 747 3023 inquinatus
766 2951 801 3007 ab
826 2968 867 3007 ea.
921 2969 982 3026 quae
996 2951 1074 3008 vobis
1087 2960 1208 3008 vestrum
1227 2946 1373 3004 deserendi
1386 2946 1475 3002 locuni
1490 2944 1531 3001 vel
1545 2959 1627 3002 cansa
1642 2944 1724 3000 exsti·

60 3032 213 3091 Abconde
225 3032 315 3106 iguem
328 3031 355 3090 in
370 3032 432 3092 sinn
444 3045 501 3106 tuo,
516 3042 544 3093 et
557 3042 584 3094 fc
594 3037 697 3107 jactate
712 3053 767 3095 non
781 3039 868 3096 aduri.
923 3045 965 3111 tit,
980 3041 1024 3099 vel
1037 3039 1144 3098 amasio
1159 3039 1174 3094 b
1186 3035 1336 3111 praesertim
1349 3049 1414 3089 cum
1422 3034 1451 3088 in
1462 3033 1629 3105 professione
1644 3049 1726 3106 regu·

62 3124 140 3181 Pone
154 3121 276 3196 deniqne
296 3123 447 3196 portionem
467 3135 616 3184 tuamcum
630 3125 770 3195 adulteris,
786 3129 870 3186 nibil·
922 3132 973 3188 lari
999 3130 1039 3187 sic
1066 3128 1239 3200 promittatur
1267 3122 1412 3191 stabilitas,
1440 3129 1471 3179 nt
1499 3119 1535 3179 de
1558 3121 1726 3191 subjectione

62 3228 118 3287 qne
132 3216 184 3271 ιιι
198 3209 330 3270 interesse
348 3220 453 3286 putato.
473 3213 537 3271 Nan
554 3213 593 3272 its
610 3214 693 3273 lsaias
708 3232 716 3274 :
732 3216 871 3291 redarguit
923 3220 1014 3279 abbati
1027 3217 1178 3275 exbibenda
1191 3214 1264 3272 nulla
1275 3211 1380 3286 penitus
1393 3211 1498 3268 mentio
1512 3209 1570 3267 fiat.

63 3301 141 3361 enim
154 3317 188 3359 se
202 3300 301 3375 ipsum,
317 3317 371 3361 non
384 3303 474 3360 salum
487 3302 550 3377 quia
564 3303 624 3377 ipsa
639 3304 806 3375 immundus,
822 3305 870 3364 sed
960 3314 1006 3370 to.
1025 3309 1079 3367 Sed
1103 3307 1202 3381 quaeris
1229 3305 1352 3370 forsitan,
1381 3303 1507 3377 inquiens
1535 3301 1619 3358 mibi:
1653 3302 1727 3374 Quid

63 3402 91 3452 et
104 3391 181 3468 quod
192 3391 284 3451 totius
297 3390 333 3449 ιὶῑ
343 3392 542 3451 immundorum
554 3410 561 3449 t
576 3395 658 3465 daia,
674 3395 809 3469 inquiens,
826 3399 872 3454 vir
924 3416 991 3474 ergo
1007 3397 1060 3462 94
1075 3409 1103 3455 ιι
1122 3399 1157 3454 de
1171 3395 1316 3454 stabilitate
1330 3403 1375 3452 tua
1395 3393 1472 3459 facis,
1486 3407 1567 3466 quam
1580 3393 1653 3465 apud
1667 3392 1728 3449 Cis·

64 3484 196 3558 pellicias
207 3481 287 3539 labiis
296 3483 502 3556 aestumatio
511 3483 872 3558 medmpopctiimmuedc
925 3489 1037 3549 tercium
1062 3486 1193 3559 firmasti3
1214 3494 1241 3542 et
1260 3498 1332 3541 nune
1354 3481 1418 3538 alibi
1437 3481 1565 3537 habitas?
1588 3480 1630 3537 dd
1653 3481 1727 3553 qnod

66 3569 870 3646 labisbabcalisecubabilo.Redargnitantemsedixerim,
925 3578 1077 3650 respondeo
1103 3592 1109 3631 :
1135 3577 1195 3648 Ego
1226 3573 1338 3644 quidem
1367 3571 1554 3628 cisterciensis
1582 3573 1728 3627 monachus

66 3676 123 3719 aon
148 3659 215 3735 quia
231 3675 294 3717 cum
314 3659 392 3716 malis
414 3660 560 3728 habitaret,
579 3663 628 3719 sed
646 3662 710 3736 quis
728 3664 799 3719 mala
817 3679 872 3721 non
925 3669 1025 3724 ibidem
1045 3664 1196 3737 professus,
1218 3662 1253 3718 ab
1274 3661 1372 3717 alibate
1392 3675 1453 3714 meu
1470 3659 1520 3716 ubi
1544 3674 1619 3716 nnnc
1637 3658 1729 3715 babitu

67 3747 254 3823 redarguerit.
273 3747 319 3806 Sic
335 3764 451 3823 namque
465 3748 522 3806 ait:
539 3749 585 3808 Vre
603 3749 675 3808 mibi
693 3753 762 3825 quia
777 3752 874 3810 tacui!
927 3756 1027 3813 ιιίιιιι
1044 3770 1115 3823 sum,
1132 3754 1181 3809 sed
1199 3751 1301 3807 misam
1317 3751 1344 3804 in
1360 3763 1437 3820 pace,
1458 3747 1557 3803 missus
1576 3748 1635 3804 rinc
1648 3762 1730 3804 scan-

67 3841 135 3913 (ba.
147 3853 190 3909 vt,
203 3838 244 3911 b.)
257 3835 372 3907 Quando
385 3852 450 3896 uero
464 3837 524 3912 ipse
538 3839 638 3897 malum
651 3839 740 3897 faeere
749 3841 875 3914 aequies-
926 3845 998 3907 dala,
1014 3842 1073 3899 sine
1086 3842 1231 3905 discordia,
1249 3839 1349 3894 missus
1364 3837 1443 3906 juxta
1462 3836 1687 3893 consuetudinem
1702 3844 1731 3893 at

67 3938 155 3999 emet,
174 3927 250 4002 quud
263 3942 294 3984 se
311 3925 341 3983 in
359 3925 420 3983 aliis
442 3942 496 3985 aun
523 3928 693 4002 redarguisse
712 3929 875 4002 redarguit?
927 3945 1098 3992 communem
1119 3927 1327 3986 institutionem.
1352 3923 1482 3993 Quandin
1500 3938 1567 3997 ergo
1586 3924 1615 3981 in
1634 3924 1730 3981 eadem

67 4016 144 4089 Quid
165 4013 240 4073 enim
262 4014 344 4072 ctiam
366 4013 476 4073 uaddt
498 4030 589 4073 nonne
611 4014 692 4073 alieni
712 4017 874 4093 contagione
928 4038 982 4096 qna
995 4020 1176 4083 missnssnm,
1189 4029 1255 4087 pace
1269 4022 1298 4069 et
1310 4010 1454 4068 concordia
1467 4025 1623 4084 persarem,
1638 4026 1731 4082 quau·

68 4105 178 4181 ιιωιιί
204 4120 235 4163 ιι
258 4112 380 4165 senserat
401 4103 537 4180 inquinari
559 4121 650 4182 posse,
674 4106 874 4174 condiceret,
927 4112 975 4169 diu
986 4110 1014 4166 in
1029 4107 1132 4166 unitata
1144 4115 1198 4173 sto,
1213 4099 1402 4162 communibus
1415 4099 1520 4171 privata
1532 4112 1587 4156 non
1603 4099 1731 4173 prefero,

70 4199 142 4262 casu
161 4192 324 4253 bominibus
345 4193 528 4268 armantibus
548 4195 743 4269 iniguitatem,
762 4201 791 4254 et
813 4212 872 4255 aaa
894 4200 1037 4306 ”quietus
1055 4205 1083 4255 ct
1102 4194 1227 4254 subditus
1247 4192 1275 4250 in
1295 4205 1351 4265 quc
1371 4189 1475 4263 positus
1492 4204 1554 4246 sum
1572 4205 1732 4264 permaneo,

66 4281 285 4347 communicabo
304 4297 371 4340 cam
387 4282 486 4341 clectis
503 4298 600 4343 coram
613 4281 627 4338 b
640 4283 730 4356 (Paul.
749 4300 814 4359 cxc,
833 4286 875 4362 i.)
933 4302 1030 4347 secura
1042 4285 1104 4343 dico
1118 4281 1292 4349 canscientia,
1303 4277 1508 4355 quodpromisi,
1518 4277 1631 4338 firmiter
1643 4287 1732 4340 tenea

68 4371 191 4448 amiqua
205 4378 232 4428 at
245 4370 419 4429 oratdicens:
435 4370 474 4431 ab
488 4373 688 4431 occultissimis
701 4374 811 4432 mcum
818 4391 879 4446 mc,
934 4377 1076 4447 Quomodo
1101 4375 1174 4431 enim
1195 4370 1350 4429 stabilitatis
1373 4368 1533 4440 praevaricor
1560 4377 1665 4437 votnm,
1688 4372 1735 4445 qui

68 4459 395 4533 &miserimiseris
402 4463 817 4537 pcrccscrucicalelxvur,
834 4468 882 4539 ld,
934 4463 1121 4524 unanimitatis
1137 4477 1192 4519 non
1210 4474 1308 4534 rumpe
1326 4456 1474 4523 vinculum,
1489 4455 1566 4530 pacis
1579 4456 1737 4515 firmamen-

70 4556 130 4630 tt).
146 4551 229 4611 Uada
241 4550 323 4609 etism
336 4551 481 4620 malcrum,
492 4565 608 4625 quorum
619 4551 706 4610 noluit
715 4554 882 4629 participare
936 4563 992 4612 tnm
1008 4569 1062 4611 non
1077 4551 1198 4609 deserui
1211 4547 1278 4608 Etsi
1291 4562 1391 4621 corpus
1402 4546 1555 4602 absentavit
1573 4544 1737 4614 obedientia,

71 4641 188 4712 mlum,
208 4637 314 4696 studuit
331 4638 469 4697 declinare
489 4639 666 4701 consortium.
689 4640 736 4703 dit
755 4642 880 4702 etenim:
935 4644 984 4702 sed
1006 4641 1130 4713 spiritum
1154 4654 1264 4712 semper
1286 4635 1385 4694 ibidem
1405 4641 1566 4706 praesentem
1581 4642 1738 4693 ιιιιιιοι·

74 4727 883 4804 taumiacuscmatmvcnimte,atmmieipacpercir
936 4749 999 4791 cors
1025 4729 1145 4798 devotio,
1174 4736 1202 4785 et
1229 4727 1257 4784 in
1285 4724 1360 4783 nulfo
1384 4722 1526 4780 dissimilis
1549 4721 1733 4782 conversatio.

75 4822 152 4880 libas
165 4817 369 4878 acaiatrcibo.
385 4817 455 4874 linic
468 4817 601 4875 versiculo
615 4817 733 4876 concinit
746 4826 774 4876 ct
788 4820 884 4876 subsc·
937 4825 997 4895 Qua
1018 4820 1063 4876 die
1083 4828 1174 4878 ιιιιιι
1197 4815 1284 4891 (quud
1311 4812 1420 4887 quidem
1443 4812 1516 4867 Deus
1536 4809 1651 4882 avertat)
1678 4811 1738 4868 aliis

73 4926 182 4986 qnenu
196 4907 288 4980 Odiui,
310 4907 410 4981 inquit,
430 4907 576 4967 ecclesiam
596 4909 834 4983 malignantium,
854 4913 886 4968 ct
939 4908 1067 4983 incipiam
1086 4908 1178 4966 virere
1201 4905 1318 4980 legibus,
1346 4901 1406 4958 atita
1430 4893 1550 4956 moribus
1572 4899 1736 4971 conversari·

74 5018 144 5061 cam
156 4998 257 5073 impiis
264 5013 323 5057 aaa
336 4997 430 5057 sedebo
444 4996 532 5070 (Paci.
548 5013 620 5072 xxv,
630 5001 656 5066 ι,
669 4999 707 5073 b).
718 4996 791 5057 dudi
805 4999 885 5056 deni·
939 4998 1053 5061 diversis
1083 4995 1214 5053 diservire
1244 4989 1434 5059 observantiis,
1464 4986 1620 5046 adinvenire
1651 5005 1736 5058 nura,

74 5106 129 5167 que
142 5099 170 5148 et
184 5086 322 5162 Sapientis
336 5086 479 5145 consilium
491 5107 497 5147 :
509 5088 566 5146 Fili
578 5090 631 5161 mi,
646 5089 692 5156 sit,
706 5091 731 5147 si
746 5093 774 5150 tc
798 5091 888 5149 lactc
941 5098 1081 5148 extraneas
1094 5098 1226 5156 usurpare
1238 5077 1448 5140 consuetudines
1460 5092 1466 5133 :
1479 5087 1663 5151 transgressor
1676 5095 1741 5153 pro·

75 5182 175 5244 veriet
187 5183 407 5254 praestaremus
416 5179 578 5255 acquiescas
587 5182 627 5236 eis
638 5179 733 5253 (Pron.
748 5195 770 5253 r,
785 5180 840 5254 ιι).
943 5177 1076 5240 fessionis.
1092 5174 1252 5249 promissam
1266 5167 1437 5229 stabilitatem
1448 5165 1507 5238 jam
1521 5182 1574 5225 non
1588 5184 1632 5225 me
1647 5178 1740 5228 tenere

112 5270 162 5330 tt.
185 5268 229 5329 'fu
253 5282 320 5341 ergo
340 5266 473 5327 adversus
494 5268 553 5326 bac
580 5275 661 5344 atque
684 5267 736 5327 alia
763 5269 793 5327 in
815 5271 889 5328 bunc
941 5266 1058 5328 confido.
1073 5265 1139 5324 llice
1147 5277 1214 5336 argu
1227 5255 1317 5323 abbati
1326 5271 1374 5332 per
1388 5256 1477 5315 omnis
1487 5256 1739 5330 obtenperandnm,

79 5360 194 5423 modam
214 5358 359 5419 ἱιιιιιιιι
373 5357 496 5421 raritatis
514 5358 681 5431 testimonia,
708 5359 809 5434 putasti
835 5360 890 5422 atii·
943 5358 993 5423 scd
1007 5355 1080 5419 salva
1094 5352 1271 5430 profuitne·
1286 5345 1741 5422 Vtrum-flbfflffflfflmdlm

79 5452 155 5529 piam
169 5448 374 5516 ausaiancnmt
386 5447 410 5515 0
424 5445 707 5530 edtcnpemcaimt
719 5447 890 5513 obedientie
945 5446 1077 5526 treguam
1097 5441 1180 5503 aaut
1205 5436 1352 5512 Benedicti,
1373 5435 1421 5502 nbi
1443 5434 1591 5517 promisisti
1609 5436 1739 5502 obedien·
