3728 5940
102 186 171 249 1089

372 314 486 373 CAPUT
511 313 575 369 ΧΠ.

89 407 181 462 Hostes
192 423 241 462 scu
247 408 411 474 (curiosis
421 406 512 476 ipsam
520 405 645 457 armatos
655 398 890 457 uirtuteanimict

122 498 267 550 constanti
283 497 313 550 in
330 498 417 551 beant
427 493 480 561 fide
492 491 571 557 unit,
585 490 691 561 sibique
709 488 853 546 conciliat.

122 584 166 637 ab.
191 585 268 639 duno
287 582 375 638 aetatis
407 596 465 636 sure
495 577 633 635 tricesimo
663 584 759 633 octavo
780 577 889 647 ¹lpaupcr

87 671 241 738 llatachias‚
268 674 346 744 pulso
375 670 547 735 incubatore,
577 666 691 722 intrarit
722 665 885 727 ardmacha,

85 759 206 829 pontifex
234 768 262 815 et
290 760 516 830 metropolitanas
541 757 623 810 totins
650 754 797 810 Hibernia.
814 752 887 824 Rege

85 863 152 903 vero
180 848 353 921 caterisque,
378 848 424 920 qui
452 844 660 901 introduxerant
682 859 754 914 eum,
772 842 806 897 ad
822 857 887 912 pro·

86 936 145 1005 pria
178 938 377 1005 remeantibus,
394 939 451 1007 ipse
482 940 605 990 remanet
632 932 658 987 in
688 947 771 986 manu
786 930 843 997 Dei,
860 937 887 983 ει

86 1034 226 1081 remanent
240 1026 278 1080 illi
295 1026 363 1081 ioris
379 1038 488 1098 pugnae,
507 1023 580 1077 intus
594 1022 716 1076 timores.
735 1021 804 1074 Nam
819 1032 885 1074 ecce

85 1113 195 1184 viperea
209 1115 330 1183 soboles,
346 1112 474 1169 frendens
497 1118 524 1166 et
538 1111 695 1167 vociferans
717 1125 747 1164 se
764 1109 885 1163 exhaere-

84 1202 153 1267 dari,
168 1210 226 1257 tota
248 1220 278 1259 se
293 1203 365 1257 intus
380 1210 406 1256 et
434 1200 501 1256 ioris
517 1200 630 1255 suscitat
645 1197 778 1253 adversus
794 1195 886 1251 Domi·

86 1305 158 1353 num,
175 1299 201 1345 ει
215 1293 348 1347 adversus
362 1290 500 1346 Christum
517 1291 587 1355 ejus.
599 1289 690 1342 'Porro
712 1286 832 1359 Nigellus
846 1285 886 1341 vi-

84 1380 151 1433 dens
166 1380 217 1434 sibi
233 1380 376 1436 imminere
390 1378 493 1452 lugam,
512 1377 569 1432 tulit
586 1375 880 1448 secuminsigniaquae

83 1468 146 1521 dam
161 1468 238 1523 Sedis
252 1469 332 1534 illius,
358 1475 458 1523 textum
474 1466 579 1522 scilicet
593 1464 817 1536 Evangeliorum,
839 1462 887 1535 qui

752 182 831 246 atra
850 184 877 242 S.
902 180 1089 242 natatilia.

948 309 1034 381 tingat
1049 307 1158 365 occidi?
1171 309 1231 364 Non
1246 326 1343 367 recuso
1359 315 1439 381 mori,
1457 324 1484 371 nt
1500 331 1550 371 ros
1573 317 1635 375 vitoe
1648 334 1682 377 ex
1696 335 1744 379 me

945 397 1057 453 teneatis
1071 399 1234 469 eucarpium.
1249 398 1365 470 Oportet
1384 402 1552 474 episcopum,
1569 413 1597 461 ut
1621 408 1659 464 ait
1677 408 1744 480 epi-

945 501 1091 557 scoporum
1101 486 1243 559 Princeps,
1259 504 1314 544 non
1329 488 1465 545 dominari
1480 491 1508 545 in
1522 492 1606 561 clero,
1619 499 1666 552 scd
1682 496 1746 553 ior-

943 588 1016 630 mam
1031 568 1089 630 fiiri
1104 576 1231 648 gregisll
1244 579 1320 632 Patr.
1337 594 1365 644 v,
1382 580 1421 650 3).
1448 580 1529 636 Haud
1554 581 1635 637 altam
1673 600 1748 642 sane

943 663 1070 729 formam,
1085 681 1166 737 quam
1182 665 1217 719 ab
1232 665 1278 720 illo
1293 667 1456 740 accepimus,
1472 669 1518 740 qni
1532 670 1682 727 humitiasti
1701 688 1749 729 se·

941 752 1096 823 metipsum,
1118 753 1205 808 lactus
1224 755 1355 811 obediens
1368 773 1455 829 usque
1472 758 1505 813 ad
1521 765 1648 815 mortem.
1672 759 1748 830 Quis

942 841 1006 894 milri
1035 843 1081 897 det
1100 844 1169 899 lianc
1191 844 1330 915 reliquere
1354 843 1417 900 liliis
1444 846 1581 917 signatam
1607 849 1747 921 sanguine

940 930 1024 984 meo?
1041 931 1224 1000 Experiemini
1236 942 1319 1000 certe,
1341 948 1377 988 an
1389 935 1523 990 sacerdos
1551 944 1643 992 vester
1659 938 1746 1010 digna

941 1018 1156 1076 satisaCbristo
1170 1020 1308 1089 didicerit,
1337 1033 1452 1079 mortem
1481 1040 1537 1080 non
1564 1025 1661 1083 timere
1688 1041 1743 1100 pro

939 1107 1056 1163 Christo.
1072 1129 1083 1159 s
1099 1108 1131 1162 Et
1159 1125 1288 1182 surgens,
1312 1112 1394 1181 eoepit
1422 1112 1462 1167 ire
1479 1113 1607 1170 dentibus
1634 1116 1742 1172 cunctis

938 1202 965 1250 et
986 1197 1213 1268 supplicantibus,
1233 1214 1267 1253 ne
1292 1207 1396 1254 tantum
1423 1210 1539 1274 cuperet
1565 1218 1616 1273 pro
1631 1203 1741 1260 Christo

939 1285 1018 1353 mori,
1036 1293 1065 1340 ιιι
1080 1292 1187 1342 tantam
1214 1286 1311 1343 Christi
1336 1304 1452 1362 gregem
1480 1289 1633 1348 desolatum
1660 1292 1742 1348 relin-

939 1382 1047 1444 queret.

978 1464 1024 1517 ιθ.
1040 1462 1140 1518 Verum
1155 1464 1198 1518 ille
1210 1471 1291 1520 totam
1306 1480 1382 1534 spem
1397 1480 1476 1520 suam
1502 1481 1606 1535 ponens
1637 1466 1665 1523 in
1683 1468 1741 1526 Do·

84 1552 133 1610 luit
160 1557 231 1612 beati
256 1556 374 1623 Patricii,
406 1555 591 1626 baculumque
620 1569 689 1608 auro
717 1560 829 1619 tectum,
860 1559 888 1607 et
942 1550 1024 1618 mino,
1041 1558 1097 1606 tota
1111 1552 1248 1608 alacritate
1265 1553 1389 1623 perrexit,
1406 1554 1493 1609 tribus
1517 1562 1624 1610 tantum
1654 1557 1742 1613 corni-

82 1645 201 1714 gemmis
216 1644 423 1714 pretiosissimis
443 1645 614 1707 adornatum,
644 1657 725 1713 quem
747 1641 886 1696 nominant
902 1615 925 1692 fl
939 1644 1011 1694 tatus
1021 1639 1170 1708 discipulis,
1181 1640 1285 1713 paratis
1304 1641 1373 1696 mori
1393 1657 1457 1698 cnm
1467 1657 1501 1697 eo
1516 1661 1523 1697 :
1539 1643 1625 1714 quint
1638 1645 1742 1703 calmto

83 1732 210 1788 baculum
223 1734 298 1802 lesu,
311 1731 426 1804 eoquod
435 1731 495 1802 ipse
507 1730 642 1785 Dominus
657 1730 697 1800 (ut
712 1730 764 1786 lert
778 1728 882 1799 opinio)

82 1837 143 1876 eum
171 1822 228 1876 suis
252 1821 376 1876 manibus
403 1819 529 1890 tenuerit,
545 1824 626 1889 atque
651 1816 817 1873 formareris.
848 1819 882 1875 Et

82 1909 140 1964 lraec
154 1923 267 1963 snmmae
281 1907 418 1981 dignitatis
440 1914 467 1963 ει
481 1906 666 1963 venerationis
685 1906 713 1960 in
727 1913 809 1979 gente
824 1907 881 1962 illa.

82 1997 183 2069 Nempe
210 1996 352 2053 notissima
366 2002 430 2051 sunt
458 1995 690 2068 celeberrimaque
718 1996 745 2050 in
761 1995 880 2068 populis,

80 2093 160 2156 atque
176 2087 203 2141 in
230 2100 264 2140 ea
312 2084 467 2142 reverentia
504 2084 577 2153 apud
606 2099 711 2154 omnes,
733 2084 821 2157 utqui
837 2083 882 2138 illa

82 2174 183 2229 babere
199 2173 275 2229 risus
287 2173 376 2241 luerit,
394 2173 484 2242 ipsum
499 2173 597 2227 babeat
618 2173 811 2244 episcocopnm
829 2189 879 2243 po·

82 2262 160 2332 pulus
176 2263 273 2317 stultus
301 2270 328 2317 et
356 2262 499 2333 insipiens.
525 2263 582 2318 lbat
613 2263 693 2317 homo
716 2277 879 2336 gyrovagus,

79 2351 188 2406 etalter
215 2359 324 2406 saunas
345 2351 479 2406 circuibat
508 2358 618 2416 terram,
650 2358 676 2406 et
705 2349 880 2422 perambula·

81 2439 125 2494 bat
138 2439 334 2512 eam‚insignia
348 2455 427 2494 sacra
449 2439 672 2506 circumferens3
697 2455 757 2511 quae
782 2438 882 2510 ubique

84 2537 233 2595 ostentans,
258 2529 360 2601 ubique
374 2544 468 2584 eorum
494 2528 581 2599 gratia
605 2530 801 2597 receptabatur,
818 2542 882 2581 con·

81 2618 179 2674 citians
203 2618 253 2673 sibi
282 2632 330 2688 per
347 2619 406 2672 haec
423 2616 528 2671 animos
558 2615 689 2688 omnium,
714 2624 771 2670 eta
799 2613 881 2671 ldala-

81 2708 152 2774 rbia,
168 2722 290 2778 quosque
305 2705 449 2776 potuisset,
471 2712 605 2760 avertens.
621 2704 684 2760 llaec
698 2704 752 2760 ille.

937 1726 1028 1784 limine
1038 1728 1138 1785 domus
1153 1738 1265 1800 repente
1278 1746 1307 1785 se
1336 1731 1427 1786 medio
1442 1730 1530 1786 intulit
1553 1743 1739 1804 armatorum,

937 1823 1013 1872 scuto
1032 1815 1096 1872 tidei
1111 1818 1169 1889 ipse
1179 1819 1319 1890 munitus;
1343 1821 1487 1876 concidere
1502 1819 1585 1877 iacies
1606 1822 1740 1892 omniurn,

936 1904 999 1975 quia
1015 1922 1100 1977 paror
1113 1907 1193 1962 irruit
1205 1924 1290 1977 super
1304 1924 1361 1976 eos,
1373 1908 1411 1963 ita
1421 1917 1451 1963 ut
1463 1908 1555 1965 dicere
1570 1918 1662 1981 posset
1675 1910 1742 1982 Epi-

935 2008 1034 2063 scopus
1050 1998 1126 2065 :Qui
1149 1999 1291 2054 tribulent
1309 2013 1353 2055 mc
1368 1998 1482 2054 inimici
1500 2015 1566 2064 mea,
1587 2000 1644 2072 ipsi
1656 2000 1742 2072 iufir-

935 2087 1007 2140 mati
1020 2088 1098 2154 sunt,
1108 2087 1308 2143 etceer'deruot
1324 2086 1410 2157 (Psoi.
1420 2102 1500 2159 xxvi,
1512 2086 1551 2159 ι).
1560 2088 1618 2145 lloc
1628 2089 1743 2146 verbum

936 2188 1031 2228 rerum
1043 2183 1094 2230 est.
1109 2173 1224 2230 Videres
1241 2175 1356 2231 bostiam
1373 2183 1498 2243 stantem,
1515 2177 1658 2232 carnifices
1668 2176 1743 2233 ferro

936 2262 1047 2318 armatis
1073 2262 1201 2318 manibus
1224 2264 1341 2334 undique
1364 2264 1568 2319 circumstantes
1598 2281 1606 2318 ε
1636 2272 1664 2321 ει
1695 2266 1743 2337 qui

936 2350 1099 2416 immolaret,
1113 2367 1166 2406 non
1181 2359 1249 2407 erat.
1261 2353 1371 2406 Putares
1390 2359 1499 2420 stupere
1510 2350 1630 2408 lacertos
1646 2353 1740 2425 (l98):

936 2439 974 2494 sic
1002 2453 1057 2493 non
1086 2439 1144 2504 luit,
1173 2439 1218 2511 qni
1251 2439 1406 2495 extenderet
1432 2455 1553 2496 manum.
1581 2440 1650 2495 Nam
1677 2440 1745 2498 etis

937 2542 1064 2599 qnoque,
1077 2527 1122 2599 qui
1136 2535 1218 2598 caput
1233 2527 1341 2582 malitiae
1356 2527 1507 2596 videbatur,
1524 2528 1645 2601 assurgit
1658 2529 1683 2585 ei
1696 2544 1744 2601 po

936 2615 991 2670 tius
1009 2632 1092 2688 quam
1108 2616 1234 2689 insurgit.
1258 2616 1320 2685 Ubi,
1347 2633 1449 2689 quaeso,
1466 2616 1583 2688 signum,
1616 2617 1741 2676 chomor

939 2703 1010 2776 quod
1025 2705 1143 2762 dederas
1157 2705 1185 2761 in
1199 2714 1313 2761 mortem
1328 2704 1467 2761 Pontificis
1480 2705 1495 2760 i
1509 2704 1566 2760 Hoc
1582 2705 1668 2780 magis
1690 2707 1743 2763 bo·

117 2799 163 2851 25.
179 2797 244 2851 Erat
258 2802 348 2849 autem
369 2793 494 2864 princeps
510 2793 620 2863 quidam
635 2794 669 2847 de
691 2793 889 2864 potentioribus
904 2790 925 2869 c
941 2793 1017 2848 noris
1031 2794 1148 2865 signum,
1169 2810 1249 2868 quam
1280 2795 1374 2850 mortis
1406 2783 1543 2849 indictuni
1571 2793 1684 2850 Delerre
1704 2803 1745 2849 est

82 2886 182 2957 iniquae
210 2883 362 2956 progeniei,
378 2896 459 2952 quem
475 2882 531 2936 ilex
560 2881 718 2953 priusquam
747 2882 880 2939 civitatem

937 2883 998 2948 boc,
1014 2899 1069 2938 non
1085 2891 1199 2939 mortem
1222 2883 1331 2940 inferre.
1360 2883 1413 2938 iles
1436 2882 1521 2939 mira!
1552 2897 1647 2953 paoem
1678 2882 1744 2938 olle

80 2972 169 3030 610
179 2972 373 3040 exiret,jurare
383 2977 511 3043 coegerat
521 2985 616 3039 pacem
627 2977 722 3025 tenere
735 2970 880 3040 Episcopo,
938 2977 1009 3038 runt,
1027 2971 1076 3043 qni
1090 2987 1182 3029 necem
1208 2980 1379 3044 paraverant.
1393 2973 1453 3027 Non
1481 2979 1523 3025 est
1541 2971 1615 3044 quod
1629 2970 1742 3041 abnuat,

82 3060 201 3133 acceptis
224 3060 313 3115 abeo
343 3059 456 3130 insuper
483 3058 623 3113 obsidibus
651 3059 754 3114 multis.
780 3060 806 3113 ls
822 3070 886 3130 post
937 3059 1034 3128 quiet
1058 3060 1121 3116 vitae
1149 3060 1270 3130 periculo
1286 3059 1430 3132 quaesierat
1451 3074 1522 3116 eam.
1551 3059 1644 3130 ltaque
1672 3058 1745 3117 lacta

83 3149 167 3222 Regis
182 3148 282 3204 exitum
307 3147 484 3202 nibilominus
499 3147 637 3202 civitatem
653 3148 803 3219 ingressus,
818 3163 884 3204 eon·
938 3154 980 3202 est
995 3163 1057 3218 pax,
1072 3158 1169 3204 ettam
1184 3147 1271 3216 firma,
1287 3154 1318 3205 nt
1331 3149 1367 3203 ab
1381 3146 1429 3203 illa
1443 3146 1487 3203 die
1514 3147 1618 3202 hostun
1648 3147 1743 3203 Sacer-

82 3237 172 3293 silrum
192 3236 286 3292 babuit
315 3253 376 3293 cum
397 3236 556 3309 propinquis
584 3245 611 3291 et
624 3236 728 3303 amicis,
746 3236 884 3308 quomodo

83 3335 206 3382 sanctum
220 3326 284 3381 dolo
300 3333 431 3395 tenerent,
443 3333 470 3380 ει
483 3324 648 3382 occiderent:
673 3325 805 3381 timebant
818 3342 884 3382 vero

84 3415 200 3487 plebem.
215 3416 248 3469 Et
262 3415 438 3483 conjurantes
452 3414 481 3469 in
499 3429 595 3470 necem
612 3414 761 3483 blalnclriae,
778 3416 880 3472 consti·

84 3510 161 3558 tuere
175 3503 265 3556 locum
278 3510 306 3558 et
332 3503 414 3567 diem,
430 3508 457 3557 et
472 3503 585 3558 traditor
613 3504 688 3559 dedit
702 3504 743 3558 eis
764 3504 883 3576 signum.

83 3590 146 3662 lpso
161 3589 204 3644 die
218 3603 279 3644 cum
306 3588 463 3660 vespertina
486 3590 544 3657 jam
560 3590 692 3644 solemnia
707 3589 734 3644 in
769 3591 885 3646 ecclesia

84 3679 233 3735 celebraret
250 3675 371 3733 Antiates
399 3692 463 3732 cum
478 3677 607 3733 aniverso
622 3678 698 3733 clero
721 3685 748 3734 et
762 3679 885 3733 multitu·

84 3766 147 3823 dine
175 3764 279 3837 populi,
295 3764 376 3820 mittit
398 3766 431 3820 ad
447 3764 537 3835 ipsum
552 3780 666 3836 nequam
694 3764 739 3821 ille
754 3765 781 3820 in
795 3767 886 3822 verbis

940 3237 991 3291 dos
1007 3253 1061 3292 non
1076 3238 1158 3293 modo
1173 3244 1299 3308 pacatum
1313 3235 1448 3302 habuerit,
1464 3235 1512 3291 sed
1528 3233 1678 3302 subditum,
1693 3237 1743 3292 sed

939 3323 1079 3381 derorum.
1096 3325 1157 3395 Quo
1179 3327 1282 3396 audito,
1307 3325 1401 3381 fidelos
1420 3324 1521 3396 quique
1553 3322 1642 3396 gavisi
1670 3331 1743 3392 sunt,

941 3413 1014 3484 quod
1030 3431 1084 3470 non
1100 3415 1182 3472 modo
1198 3416 1319 3471 salvatus
1334 3414 1369 3470 sit
1383 3412 1496 3485 sanguis
1510 3411 1636 3468 innoxius
1655 3411 1683 3468 in
1700 3411 1745 3469 die

940 3501 1002 3571 illa;
1019 3504 1067 3559 sed
1081 3512 1108 3559 et
1122 3504 1277 3560 nocentium
1291 3502 1439 3559 multorum
1453 3501 1561 3576 animae,
1605 3500 1745 3558 Malachiae

942 3590 1057 3655 meritis,
1074 3592 1209 3647 eraserint
1224 3592 1389 3646 adsalutem.
1404 3591 1437 3644 Et
1451 3589 1629 3661 apprehendit
1648 3605 1744 3647 omnes

944 3676 1160 3749 circumquaque
1175 3678 1265 3744 timor,
1282 3676 1421 3732 audientes
1441 3677 1579 3749 quomodo
1607 3676 1677 3732 daos
1691 3677 1745 3734 ini·

944 3763 1078 3822 micorum
1094 3765 1163 3835 ejus,
1180 3765 1227 3839 qui
1247 3765 1404 3822 riderentur
1417 3764 1566 3822 ferociores
1579 3772 1606 3821 et
1620 3762 1745 3823 loruores

84 3854 205 3927 paciticis
218 3854 246 3909 in
273 3853 348 3920 dolo,
366 3869 467 3927 rogans
496 3862 631 3927 quatenus
659 3854 739 3909 adse
758 3853 887 3927 dignetur
942 3851 970 3907 in
994 3854 1168 3927 generatione
1196 3870 1254 3920 sua,
1285 3853 1326 3910 sic
1354 3853 1443 3909 subita
1470 3853 1568 3910 virtute
1596 3854 1745 3927 prostravit

85 3944 261 4009 descendere,
292 3950 321 3996 ut
346 3942 426 4000 iaciat
452 3958 557 4013 pacem.
580 3942 818 4013 Respondentibus
842 3943 889 4015 qui
943 3942 1015 3997 Dens
1032 3957 1037 3996 :
1054 3943 1134 3999 istum
1148 3943 1253 4015 loquor,
1270 3942 1316 4014 qui
1331 3942 1358 3997 in
1372 3942 1499 3997 manibus
1513 3950 1565 4005 est.
1580 3948 1608 3998 et
1632 3958 1697 3999 enm
1709 3944 1743 4000 de

86 4033 258 4097 assistebant,
283 4031 375 4104 ipsum
391 4032 480 4103 potius
494 4032 529 4086 ad
543 4032 707 4103 Episcopum
727 4032 825 4089 debere
839 4049 887 4088 se·
905 4047 997 4151 nquo
1020 4032 1147 4105 superius
1172 4031 1237 4089 dini.
1253 4031 1375 4087 Alterum
1396 4030 1468 4086 enim
1497 4029 1653 4087 terribiliter
1675 4030 1746 4087 mul·

86 4123 158 4188 nire;
169 4121 314 4178 ecclesiam
325 4136 386 4177 esse
393 4121 631 4192 competentiorem
643 4121 733 4177 locum
747 4119 887 4177 firmandae
943 4126 1045 4176 ctaturn
1059 4121 1086 4176 in
1099 4137 1225 4193 corpore,
1242 4120 1359 4176 alterum
1373 4117 1589 4176 misericorditer
1611 4125 1745 4176 mutuam

86 4210 161 4282 pacis
179 4227 185 4265 :
202 4210 337 4282 siquidem
366 4208 567 4280 praesenserant
590 4210 692 4265 dolum.
717 4209 891 4283 subjungunt
945 4208 973 4263 in
988 4210 1081 4276 corde,
1097 4210 1259 4266 mirabiliter
1280 4209 1375 4265 ambos
1395 4207 1602 4282 comprehendit
1615 4206 1642 4265 in
1656 4208 1746 4268 consi·

87 4299 134 4371 qui
153 4298 228 4353 missi
257 4309 344 4363 erant,
362 4292 428 4354 ¹lroc
456 4307 543 4354 tutum
570 4313 624 4353 non
653 4314 715 4355 esse
750 4298 890 4370 principi:
944 4297 998 4368 liis,
1017 4299 1258 4372 qnaecogitabant.

86 4388 180 4442 timere
196 4402 258 4442 eum
278 4386 359 4459 capiti
375 4403 434 4455 suo,
454 4403 507 4442 nec
530 4403 560 4442 se
587 4389 703 4443 credere
717 4388 817 4459 turbis,
830 4404 890 4460 quae
980 4389 1024 4443 27.
1042 4388 1088 4444 llis
1103 4388 1140 4443 ita
1161 4387 1288 4459 peractis,
1305 4386 1388 4458 coepit
1411 4387 1469 4457 jam
1497 4387 1524 4442 in
1552 4386 1663 4444 civitate
1676 4382 1743 4458 Epi·

87 4492 118 4531 se
129 4475 251 4530 antelios
265 4475 325 4530 dies
341 4491 426 4531 causa
441 4476 572 4548 Episcopi
586 4476 784 4549 propemodum
803 4477 889 4532 inter·
944 4491 1043 4547 scopus
1058 4483 1115 4533 tota
1141 4476 1266 4534 libertate
1280 4477 1424 4548 disponere
1440 4485 1468 4531 et
1482 4476 1608 4532 ordinare
1621 4475 1656 4532 de
1684 4489 1746 4532 om·

87 4566 228 4620 emissent.
259 4563 495 4621 Contendentibus
522 4564 551 4620 in
587 4566 659 4621 hunc
686 4566 807 4633 modum,
837 4564 891 4620 illis
945 4565 1026 4620 nibus
1047 4566 1243 4638 pertinentibus
1257 4565 1292 4621 ad
1306 4563 1484 4620 ministerium
1516 4578 1607 4633 suurn,
1623 4578 1680 4621 non
1699 4565 1743 4619 ta·

88 4652 197 4724 quidem
212 4659 243 4708 at
257 4652 321 4719 iret,
346 4652 406 4708 istis
421 4669 487 4710 vero
516 4669 551 4710 ne
570 4654 634 4724 iret3
650 4654 802 4728 Episcopus
815 4655 891 4726 cupi·
945 4670 1008 4712 men
1024 4656 1082 4712 sine
1105 4655 1234 4712 continuo
1255 4652 1411 4710 discrimine
1438 4651 1501 4709 vitae
1528 4667 1594 4708 suae.
1610 4652 1681 4708 Nam
1693 4650 1746 4709 etsi

88 4743 139 4796 dus
154 4741 237 4810 pacis,
249 4749 276 4797 et
288 4741 385 4797 mortis
404 4759 459 4800 non
473 4743 605 4802 timidus:
626 4763 638 4794 ι
651 4743 746 4811 Sinite,
764 4763 777 4795 r
794 4743 890 4816 inquit,
944 4745 1002 4815 jam
1017 4761 1099 4801 nemo
1114 4744 1160 4816 qui
1188 4744 1278 4815 palam
1306 4749 1426 4807 noceret,
1442 4741 1476 4796 ab
1504 4739 1745 4796 insidiantibusta·

91 4827 228 4898 «iratres,
244 4830 322 4886 sinite
349 4848 392 4888 me
406 4832 506 4888 imitari
533 4832 689 4906 Magistrum
714 4848 814 4891 meum.
830 4832 893 4889 Sine
946 4850 1011 4890 men
1026 4850 1077 4891 nec
1091 4833 1169 4890 locus
1183 4831 1250 4888 satis
1263 4838 1337 4887 tutus
1350 4829 1483 4903 Episcopo
1511 4836 1579 4895 erat,
1608 4843 1658 4884 nec
1674 4838 1745 4885 tenr-

90 4931 174 4972 causa
189 4934 250 4973 sum
279 4920 455 4988 christianus,
490 4921 665 4977 siCbristurn
696 4937 750 4977 non
780 4936 891 4994 sequor.
948 4940 1001 4996 pus
1016 4923 1152 4978 feriatum.
1169 4922 1205 4976 Et
1218 4919 1337 4992 deputati
1365 4928 1427 4974 sunt
1453 4919 1478 4973 ei
1506 4917 1560 4974 viri
1585 4916 1683 4973 armati
1709 4914 1745 4974 ad

90 5005 169 5060 Forte
184 5006 264 5062 tlecto
283 5008 433 5065 humilitate
452 5017 611 5082 tyrannum3
641 5011 704 5065 etsi
719 5026 783 5078 non,
813 5011 893 5067 vinco
948 5011 1100 5068 custodiam
1114 5011 1158 5067 die
1179 5017 1206 5066 et
1220 5017 1324 5066 noete:
1351 5005 1433 5064 611
1463 5006 1510 5062 sed
1537 5006 1585 5062 ille
1611 5004 1745 5079 magisia

90 5101 181 5149 tamen
216 5095 351 5150 exbibens
378 5097 423 5154 ovi
438 5105 543 5169 pastor,
574 5099 705 5154 sacerdos
719 5099 798 5166 laico,
821 5098 894 5172 quod
949 5101 1065 5158 Domino
1079 5098 1242 5157 confidebat.
1257 5097 1318 5153 Fuit
1345 5111 1408 5153 vero
1422 5094 1575 5161 consilium,
1603 5093 1746 5166 prelatum

91 5181 156 5237 mibi
184 5181 229 5239 ille
254 5182 400 5241 debuerat.
417 5185 474 5241 Vos
503 5202 622 5260 quoque,
637 5186 716 5261 {qnod
729 5188 758 5244 in
781 5204 824 5244 me
843 5197 894 5258 est,
951 5189 1154 5247 schismaticum
1167 5187 1274 5261 insequi
1287 5203 1320 5244 eo
1334 5184 1407 5258 quod
1422 5183 1562 5240 seduceret
1587 5184 1687 5240 mulus
1712 5196 1745 5239 ex

91 5286 146 5326 non
162 5285 258 5341 parum
275 5271 380 5330 aedifico
405 5275 531 5347 exemplo
547 5275 603 5332 tali.
619 5276 690 5349 Quid
703 5275 808 5334 enimsi
823 5292 893 5335 con-
953 5277 1105 5353 insignibus
1119 5275 1302 5350 quaeferebaa
1317 5274 1433 5330 suadens
1446 5271 1573 5330 omnibns
1585 5271 1746 5346 episcopani

130 5411 208 5485 (198)
230 5414 340 5499 Similia
370 5418 495 5500 exempla
508 5418 594 5501 habes
620 5421 648 5476 in
665 5421 822 5490 Ambrosio,
848 5422 896 5480 ad·
953 5420 981 5475 in
995 5420 1085 5477 Leone
1105 5414 1487 5501 Magnuadrersusbttilam,
1503 5415 1530 5471 in
1542 5413 1745 5488 chrysostomo,

99 5500 209 5545 versus
221 5487 409 5557 Maximinum
429 5506 458 5547 rn
471 5490 582 5561 Basilio,
597 5492 731 5551 adversus
740 5492 894 5561 Valenwrm
955 5490 1088 5551 adversus
1106 5488 1234 5558 ernam,
1247 5495 1299 5547 0¹⁰·
