3728 5940
494 516 550 616 S.
584 518 945 623 anunm!
976 521 1276 623 Abisama

839 710 942 770 unua

313 869 379 946 DE
402 869 518 952 vlrl
547 872 612 951 ET
638 873 799 953 REBUS
825 872 998 956 GESTIS
1022 876 1066 955 S.
1094 873 1361 958 MALACHIAE
1389 878 1470 938 ¹⁹⁸

707 1071 878 1130 HIBERNIAE
903 1072 1070 1132 Erlscorl.

80 1437 167 1495 658
182 1437 365 1495 PRAEFATIO
387 1438 435 1494 Ab
449 1437 646 1497 GONGANUM
661 1441 833 1498 australi.
870 1442 1011 1533 Abantes,
1028 1444 1162 1515 inquiunt,
1179 1445 1222 1500 bia
1235 1445 1364 1499 contenti
1380 1443 1469 1500 simus
1494 1443 1590 1513 (llim.
1609 1458 1647 1511 vr,
1669 1444 1707 1514 8).

99 1527 249 1597 l.Sempcr
271 1528 381 1598 quidem
408 1544 499 1599 operae
522 1530 639 1600 pretium
658 1529 709 1586 fuit
735 1531 855 1587 illustres

61 1618 224 1672 Sanctorum
238 1615 391 1673 describere
417 1617 497 1688 vitas,
519 1625 549 1673 ut
562 1619 616 1674 sint
631 1618 659 1674 iu
675 1620 816 1690 speculum
828 1628 856 1677 et

59 1704 225 1775 exemplum,
244 1720 277 1760 ao
291 1705 429 1776 quoddam
456 1706 539 1761 veluti
566 1707 769 1763 condimentum
795 1709 856 1764 vitre

61 1793 202 1849 bominum
218 1801 424 1865 superterram.
436 1793 488 1849 Per
501 1795 635 1851 bocenim
651 1798 855 1866 quodammodo

61 1882 134 1952 apud
148 1898 199 1937 uos
209 1882 292 1936 ctiam
307 1889 369 1952 post
392 1891 509 1938 mortem
527 1884 629 1950 vivunt,
653 1884 807 1958 multosque
823 1903 855 1941 ex

61 1971 114 2036 bis,
132 1970 179 2042 qui
193 1970 314 2026 viventes
336 1971 524 2038 manuisum,
541 1973 575 2028 ad
598 1988 692 2029 veram
706 1984 856 2046 provocant

60 2067 87 2115 et
102 2067 232 2116 revocant
245 2058 337 2114 vitam.
359 2059 452 2116 Virum
474 2077 545 2118 nunc
567 2062 685 2119 maxime
699 2063 728 2119 id
743 2065 856 2137 requirit

61 2148 160 2204 raritas
175 2147 336 2220 sanctitatis,
357 2158 384 2204 et
398 2158 492 2205 nostra
509 2151 589 2221 plane
599 2160 665 2208 aetas
684 2152 762 2225 inops
776 2153 855 2210 viro-

61 2253 133 2292 rum.
149 2234 236 2305 Quam
251 2252 317 2293 sanc
333 2236 454 2310 inopiam
468 2225 551 2312 super
563 2257 614 2296 nos
628 2241 696 2298 adeo
710 2242 857 2298 invaluisse

61 2326 203 2393 sentimus,
216 2333 245 2381 ut
253 2326 320 2381 nulli
327 2326 362 2380 sit
370 2328 483 2383 dubium
491 2328 536 2385 illa
549 2330 682 2386 sententia
701 2347 752 2386 nos
762 2330 854 2391 feriri:

64 2417 191 2484 Quotam
205 2414 361 2473 abundabit
377 2419 522 2490 iniquitas,
549 2421 709 2491 resripescct
728 2421 855 2478 ebaritas

61 2504 219 2561 maltorum
229 2504 340 2574 (blattis.
357 2521 435 2574 xxxv,
450 2509 504 2575 ll).
517 2507 548 2561 Et
564 2514 593 2561 ut
606 2507 732 2578 suspicor
742 2516 856 2578 egeant

61 2600 171 2661 praesto,
187 2601 234 2648 aut
244 2609 331 2664 prope
344 2602 396 2664 cst,
407 2595 440 2650 de
456 2610 510 2666 quo
525 2596 729 2667 scriptumest:
747 2598 857 2653 Faciem

910 1530 963 1586 Ubi
977 1530 1066 1587 torma
1083 1532 1165 1590 bac?
1179 1531 1296 1587 inlibris
1309 1531 1447 1587 cernimus
1460 1547 1530 1599 eam,
1545 1533 1594 1589 sed
1608 1546 1664 1587 uon
1679 1531 1706 1587 iu

911 1615 987 1674 viris.
999 1617 1087 1673 Habes
1101 1634 1167 1674 vero
1182 1617 1216 1673 de
1223 1619 1307 1687 justo,
1323 1616 1387 1689 quia
1398 1617 1445 1675 teo
1455 1618 1506 1675 Dei
1514 1619 1575 1690 ejus
1584 1617 1616 1674 ia
1626 1618 1708 1679 corde

910 1707 999 1777 ipsios
1014 1706 1101 1777 (Psoi.
1113 1723 1203 1772 xxxvi,
1224 1709 1280 1776 ιι),
1298 1714 1324 1762 et
1338 1721 1393 1761 nou
1407 1705 1435 1761 in
1450 1707 1553 1763 codice.
1572 1707 1629 1764 Nec
1643 1723 1707 1780 per-

911 1793 1033 1851 fectionis
1055 1795 1080 1850 is
1101 1797 1214 1866 gradus.
1232 1795 1371 1851 Perfectus
1390 1809 1486 1850 carere
1507 1802 1533 1851 et
1547 1796 1708 1853 necessariis

911 1891 1023 1954 paratus
1038 1891 1088 1940 est.
1118 1886 1152 1938 Αι
1171 1883 1256 1955 gratis
1270 1884 1351 1939 istud.
1369 1883 1474 1940 Utinam
1489 1884 1638 1955 superfluis
1652 1900 1707 1956 po-

910 1981 990 2027 natur
1011 1970 1124 2028 modus!
1150 1972 1254 2027 utinam
1273 1986 1328 2027 uon
1343 1971 1486 2043 cupiamus
1500 1972 1527 2028 in
1547 1971 1705 2029 infinitum!

911 2061 965 2118 Sed
979 2061 1069 2133 quid?
1083 2064 1164 2118 Forte
1177 2062 1301 2134 reperias
1315 2062 1361 2133 qui
1376 2063 1428 2119 boc
1439 2063 1544 2136 possiti
1558 2063 1589 2118 ld
1598 2063 1707 2136 quidem

911 2149 1022 2206 difficile
1039 2165 1045 2205 :
1061 2150 1180 2207 sedvide
1194 2149 1260 2222 quid
1275 2152 1393 2224 egimus.
1409 2150 1604 2222 Quaerebamus
1618 2151 1709 2208 virum

910 2238 1053 2310 optimum,
1078 2239 1225 2295 multorum
1249 2240 1445 2297 liberatorem:
1472 2247 1500 2294 ct
1526 2254 1589 2294 occe
1604 2241 1708 2297 labora-

911 2344 971 2383 mus
995 2326 1023 2382 in
1047 2327 1219 2396 inveniendo,
1240 2329 1287 2399 qui
1316 2344 1346 2385 se
1368 2329 1458 2398 ipsum
1487 2327 1591 2384 salvum
1620 2327 1709 2387 iacere

911 2415 1004 2487 possit.
1025 2415 1150 2487 Optimus
1165 2415 1245 2471 bodie
1259 2424 1308 2483 est,
1323 2415 1370 2488 qui
1386 2423 1495 2471 nonest
1510 2414 1591 2472 nimis
1610 2418 1706 2475 malus.

946 2507 973 2558 2.
990 2505 1066 2561 Unde
1092 2503 1253 2583 quoniame
1275 2512 1348 2559 terra
1362 2503 1460 2560 deiecit
1474 2511 1593 2573 sanctus,
1611 2506 1708 2563 videor

911 2591 975 2647 mibi
991 2608 1043 2648 non
1053 2608 1223 2663 supervacue
1236 2608 1269 2649 er
1285 2593 1327 2649 bis
1345 2593 1392 2664 qui
1406 2592 1489 2663 empti
1499 2601 1562 2649 suut
1576 2593 1610 2650 de
1624 2602 1707 2663 terra,

61 2683 123 2753 ejus
136 2683 275 2754 precedet
290 2687 397 2754 apestos
407 2682 466 2753 (iob
476 2698 535 2754 aar,
552 2685 607 2753 lu),
624 2684 657 2738 Ni
673 2684 763 2754 fallor,
777 2685 854 2740 nuti·
910 2696 1040 2738 revocare
1062 2683 1095 2736 ad
1110 2681 1228 2737 modium
1256 2681 1413 2738 Malachiam
1432 2681 1600 2755 episcopum,
1616 2683 1708 2739 virum

61 2769 180 2825 cbristus
189 2778 231 2827 est
244 2771 393 2844 iste,qucm
408 2771 495 2827 lamas
510 2780 537 2826 et
551 2772 680 2828 sterilitas
694 2773 776 2828 totius
791 2774 856 2830 boni
872 2734 894 2813 Β
908 2785 971 2826 vere
985 2779 1151 2835 sanctum,ct
1167 2779 1324 2828 nostrorum
1341 2769 1448 2844 quidem
1463 2779 1628 2844 temporum,
1645 2773 1706 2828 siu-

61 2867 88 2913 et
103 2860 191 2929 praeit,
206 2866 233 2914 et
247 2861 400 2916 comitatur.
417 2861 478 2916 Sive
492 2861 575 2932 igitur
602 2862 697 2917 nuntia
712 2862 771 2931 jam
783 2879 855 2932 prae·
910 2859 1014 2931 gularis
1027 2859 1168 2933 sapientise
1178 2868 1205 2917 et
1218 2860 1335 2915 virtutis.
1352 2863 1404 2917 lste
1414 2870 1474 2917 erat
1484 2860 1596 2917 lucerua
1610 2861 1709 2919 ardeus

61 2947 155 3018 sentis,
176 2948 232 3005 sire
244 2950 412 3020 iamiamque
427 2949 545 3004 adfuturi
567 2950 732 3021 prenuntia,
749 2959 856 3023 egestas
910 2955 937 3003 et
958 2948 1051 3004 lucens
1066 2966 1072 3002 :
1089 2964 1141 3005 nec
1164 2949 1296 3005 exstincta
1311 2958 1352 3006 est
1379 2957 1478 3016 tamen,
1506 2951 1555 3005 sed
1571 2951 1708 3009 submota.

59 3037 89 3091 in
102 3035 218 3092 evidenti
236 3044 288 3092 est.
304 3038 394 3094 Taceo
409 3037 514 3108 vulgus,
535 3045 614 3094 taceo
629 3039 710 3094 vilem
738 3037 855 3094 tiliorum
909 3035 976 3104 Quis
990 3037 1054 3092 mibi
1069 3039 1132 3107 jure
1146 3045 1313 3104 succenseat,
1330 3037 1354 3091 si
1366 3040 1543 3095 readmovero
1557 3041 1640 3095 cami
1651 3041 1708 3098 lmo

58 3124 241 3193 bujussaeculi
255 3126 456 3181 multitudinem
474 3145 481 3179 z
498 3127 525 3181 in
540 3127 613 3198 ipsas
640 3128 771 3184 Ecclesia
804 3144 854 3184 co·
910 3141 976 3182 vero
993 3141 1048 3181 non
1059 3135 1100 3180 cst
1113 3126 1187 3197 quod
1202 3126 1266 3182 mibi
1276 3126 1376 3200 ingrati
1394 3142 1455 3183 esse
1477 3127 1532 3182 mei
1551 3126 1643 3184 saeeuli
1659 3128 1708 3186 bo-

57 3214 166 3269 lumuas
185 3215 248 3269 volo
262 3216 359 3272 oculos
372 3217 457 3275 leves.
474 3215 561 3286 Quem
576 3216 643 3271 mibi
667 3216 795 3273 ostendas
813 3218 853 3273 vel
908 3213 996 3271 mines
1014 3215 1170 3285 debeant,et
1185 3218 1273 3272 ornuls
1287 3216 1415 3287 deinceps
1425 3217 1567 3291 generatio
1577 3224 1707 3285 ventura,

56 3301 91 3358 de
103 3301 212 3359 illorum
225 3320 351 3375 numero,
367 3304 413 3377 qui
424 3305 551 3361 videntur
564 3305 621 3361 dati
635 3305 663 3360 iu
672 3306 763 3361 lucem
788 3321 854 3381 gen·
908 3304 930 3359 si
958 3320 1038 3376 quern
1061 3305 1179 3362 conditio
1203 3305 1273 3373 tulit,
1296 3320 1422 3362 revocem
1451 3305 1513 3362 stilo
1529 3321 1537 3372 ς
1556 3304 1579 3360 si
1602 3307 1706 3364 mundo

56 3391 133 3457 tium,
144 3407 199 3446 nou
213 3394 302 3464 magis
316 3396 351 3449 da
371 3394 481 3450 sublimi
497 3393 655 3467 fumantem,
672 3410 755 3466 quarn
770 3394 852 3451 dam·
907 3392 1125 3464 restituamque
1140 3393 1240 3467 diguus
1255 3408 1309 3449 uon
1325 3401 1384 3447 erat
1399 3393 1518 3448 mundus
1534 3410 1541 3458 ;
1559 3394 1582 3449 si
1596 3408 1706 3451 servem

55 3481 194 3534 mantem?
210 3481 543 3554 liteitumecqaodinte
557 3484 715 3554 estinquit,
732 3484 853 3542 tenebre
907 3481 1045 3537 memoriae
1073 3482 1212 3538 bominum
1240 3482 1387 3551 hominem,
1415 3483 1495 3553 cuijus
1518 3482 1651 3539 memoria
1680 3485 1707 3540 iu

54 3571 135 3632 sant,
151 3570 345 3639 quarttoesaat
359 3570 616 3633 werebroettllottb.
628 3586 668 3638 vr,
684 3574 744 3642 23.)
758 3572 815 3626 Nisi
823 3581 851 3626 tu
907 3567 1093 3625 benedictione
1108 3571 1142 3624 sit
1156 3570 1292 3637 omnibus,
1315 3571 1362 3640 qui
1393 3570 1485 3643 legero
1499 3571 1704 3643 dignabuntur3

55 3656 116 3711 illos
130 3654 200 3711 forte
214 3657 297 3727 (quod
311 3671 367 3711 non
381 3657 476 3724 credo)
490 3658 580 3713 lucere
593 3657 704 3727 dixeris,
720 3659 765 3728 qui
780 3675 853 3730 quae·
906 3655 929 3710 si
958 3670 1002 3710 me
1025 3656 1158 3711 excitante
1184 3657 1301 3712 amicum
1315 3656 1503 3721 dormientem,
1530 3674 1583 3712 vox
1595 3661 1708 3716 turturis

56 3752 128 3800 stum
138 3744 273 3800 estimant
287 3745 414 3815 pictatem
430 3763 437 3810 ;
453 3745 500 3817 qui
514 3747 540 3800 in
556 3746 713 3801 hereditate
729 3747 850 3816 Domini,
905 3741 998 3799 audita
1012 3743 1093 3799 fucrit
1108 3746 1135 3799 in
1149 3752 1222 3800 terra
1234 3753 1336 3809 nostra,
1348 3745 1440 3799 diceus
1452 3762 1458 3799 :
1471 3747 1540 3802 Ecce
1555 3761 1603 3818 epo
1617 3748 1707 3806 vobis·

54 3850 110 3890 non
123 3849 184 3906 quae
198 3834 317 3902 Domini,
330 3834 541 3908 sedmagisquae
555 3850 605 3890 sua
620 3842 682 3890 suut
693 3832 849 3908 quaeritant.
905 3845 970 3889 cum
986 3848 1049 3888 sum
1070 3832 1200 3889 omnibus
1218 3832 1313 3889 dicbus
1324 3849 1410 3906 usquc
1434 3832 1470 3887 ad
1489 3838 1709 3892 consommatio·

55 3922 125 3991 Quid
139 3923 211 3988 dicu,
226 3939 288 3994 quae
303 3939 353 3981 sua
371 3931 434 3979 suut
448 3924 463 3979 i
477 3924 617 3980 Perfectus
645 3924 679 3978 sit
697 3932 723 3980 ct
739 3932 850 3981 sauctus
904 3921 1076 3979 aemscecuii
1091 3922 1203 3991 (Mattio.
1217 3921 1372 3992 xxvrudd).
1383 3919 1489 3977 Deinde
1498 3923 1626 3993 sepultus
1635 3928 1706 3996 apud

55 4011 137 4068 etiarn
151 4027 201 4066 sua
215 4027 354 4082 querens,
367 4028 471 4085 suaque
494 4012 625 4081 retinens,
647 4013 669 4067 si
693 4015 727 4068 ab
751 4014 847 4070 alienis
862 4010 885 4089 ο
898 4025 949 4066 nos
960 4010 1101 4067 est:nobis
1111 4009 1264 4081 specialiter
1271 4010 1398 4082 hocopus
1405 4010 1620 4080 incumbitQuid
1629 4015 1703 4085 quod

54 4115 103 4156 cor
117 4116 268 4173 manusque
282 4101 429 4158 contineat.
450 4101 600 4158 ltlcmiuerit
614 4109 714 4168 tamen,
744 4102 790 4175 qui
805 4103 855 4157 sibi
909 4116 954 4155 me
984 4099 1055 4155 iuter
1069 4100 1203 4170 speciales
1218 4099 1319 4155 amicos
1344 4100 1460 4155 Sanctus
1474 4099 1520 4156 ille
1539 4101 1664 4169 babebat,
1681 4111 1708 4159 et

54 4205 141 4260 usquc
162 4191 215 4245 buc
234 4189 304 4245 sorte
324 4190 479 4261 pervenisse
497 4189 615 4257 videtur,
636 4190 760 4246 cumdem
786 4181 858 4264 exigi
911 4205 945 4244 eo
960 4188 1022 4253 loci,
1033 4196 1062 4243 ut
1072 4188 1137 4244 nulli
1153 4192 1180 4243 in
1195 4191 1245 4244 bac
1259 4195 1335 4258 parte
1350 4188 1444 4261 gloriae
1459 4189 1608 4246 secundum
1623 4189 1708 4249 luisse

53 4277 205 4333 sanctitatis
227 4279 344 4349 gradum
359 4287 385 4333 et
414 4278 448 4334 ab
462 4279 581 4335 ethnico.
605 4278 648 4334 An
676 4296 729 4335 non
759 4280 857 4336 milites
914 4291 956 4332 me
970 4278 1102 4333 credam?
1130 4277 1186 4333 Nec
1202 4276 1325 4334 mercede
1350 4284 1428 4333 rocas
1447 4276 1512 4332 milri
1536 4286 1617 4335 tantae
1632 4279 1707 4334 lami-

53 4367 110 4421 suis
123 4365 253 4434 jubentur
266 4367 463 4423 conteutiiorte
478 4367 629 4440 stipendiis,
648 4376 676 4423 ut
691 4368 759 4424 salvi
774 4368 858 4425 bauti

54 4452 132 4520 (bac.
157 4469 197 4520 ur,
216 4454 272 4526 lt.)
286 4456 414 4527 Magnum
430 4471 495 4512 vero
509 4457 640 4513 Ecclesiae
654 4457 771 4526 doctori,
786 4459 809 4514 si
824 4460 859 4514 sit

53 4543 123 4599 sicut
136 4559 206 4598 unus
220 4543 336 4598 militum
353 4562 360 4598 z
378 4552 425 4600 aut
439 4552 511 4602 certe
526 4545 611 4617 (quod
625 4547 659 4602 ad
674 4546 783 4602 illomm
804 4547 857 4601 im·

52 4633 211 4703 properium
227 4634 360 4705 propbeta
374 4633 501 4706 loquitur)
516 4638 592 4692 sicat
615 4636 745 4709 popalus,
761 4639 804 4692 ita
829 4641 857 4692 ct

54 4719 182 4779 sacerdos
196 4724 260 4792 (lsa.
282 4722 505 4794 xxiv,2)iuaritl
522 4724 755 4783 Odeiormitatcm
768 4724 773 4777 l
786 4725 859 4781 itone

53 4825 177 4866 summus
191 4811 289 4868 merito
304 4813 470 4883 reputandus
484 4813 544 4884 erit,
560 4813 637 4885 quia
669 4829 777 4869 summo
793 4829 858 4870 cor·

53 4914 133 4953 ruens
155 4901 252 4970 gradu,
269 4901 426 4957 haerebitvix
447 4901 552 4973 infimo,
577 4918 610 4959 ne
635 4903 735 4973 abysso
759 4903 854 4958 absor-

54 4988 266 5057 beaturiQuam
277 5005 356 5045 rarus
370 4998 461 5045 tamen
480 4991 530 5046 iste
544 4990 601 5060 ipsc
616 4991 642 5045 in
658 4991 757 5047 cloroi
771 4990 858 5059 Quom

54 5071 120 5131 item
134 5076 184 5132 das
204 5077 271 5133 mibi
284 5085 440 5134 contentum
456 5079 627 5144 necessariis,
643 5087 859 5151 contemptorem

55 5166 256 5237 superfluorum
271 5168 285 5223 l
299 5167 354 5224 ch
368 5176 408 5222 est
423 5175 516 5225 tamen
530 5168 640 5238 praelixa
664 5169 699 5224 ab
724 5168 860 5240 Apostolia

52 5254 246 5327 Apostolorum
263 5257 480 5313 successoribus:
502 5258 609 5315 Victum
623 5260 800 5317 etoestitam
813 5259 861 5315 lta-

912 4366 1015 4422 liaritas
1043 4365 1210 4420 sanctitatis:
1231 4365 1366 4439 primitias
1376 4367 1431 4436 jam
1456 4368 1558 4438 accepi.
1575 4369 1604 4423 ln
1619 4378 1709 4427 extre·

913 4453 965 4509 mis
991 4453 1097 4527 positus
1124 4463 1192 4521 crat,
1218 4457 1273 4511 imo
1296 4457 1323 4512 iu
1351 4454 1502 4527 principiis.
1518 4458 1593 4524 juxta
1617 4456 1707 4513 illud:

915 4546 985 4602 Cam
994 4550 1209 4602 cmcsutnmctus
1219 4547 1309 4617 fucrit
1318 4545 1480 4612 inmaturae
1494 4545 1597 4617 incipit
1611 4544 1708 4617 (dccii.

912 4649 988 4702 arur,
1005 4638 1044 4705 6).
1061 4635 1176 4690 decurri
1190 4650 1252 4706 ego,
1281 4641 1309 4688 ut
1321 4633 1473 4690 benedictio
1488 4633 1612 4688 morituri
1627 4650 1710 4706 super

913 4740 955 4779 me
981 4723 1095 4779 veniret.
1113 4730 1147 4778 nt
1161 4722 1205 4776 ille
1229 4738 1289 4778 cum
1315 4723 1373 4791 jum
1389 4723 1509 4777 membra
1523 4721 1576 4776 alia
1596 4737 1709 4779 movere

912 4827 965 4869 nou
982 4820 1087 4883 posset,
1104 4812 1182 4868 sortis
1196 4812 1230 4865 ed
1245 4809 1361 4864 dandam
1375 4811 1598 4879 benedictionem,
1615 4812 1709 4869 eleva·

913 4901 1055 4957 tissauctis
1078 4900 1201 4955 manibus
1229 4915 1312 4971 super
1334 4907 1414 4971 caput
1440 4917 1539 4968 mcum,
1570 4901 1709 4959 benedixit

912 4989 990 5056 milri,
1018 4997 1045 5045 et
1071 4988 1288 5046 benedictionem
1319 4989 1476 5045 haereditate
1510 4989 1660 5060 possideo:
1681 4998 1709 5046 et

913 5079 1049 5149 quomodo
1064 5093 1116 5150 ego
1140 5077 1215 5133 illurn
1230 5078 1312 5134 silere
1326 5079 1448 5150 quemn?
1471 5078 1612 5135 Postremo
1627 5088 1655 5136 tu
1680 5080 1708 5136 id

913 5168 988 5236 milri,
1005 5168 1075 5223 abba
1088 5169 1224 5241 congane,
1241 5168 1371 5242 injungis,
1387 5167 1552 5224 reverendus
1576 5168 1669 5234 irater,
1681 5178 1708 5225 et

912 5258 999 5316 dulcis
1013 5256 1115 5315 amicus
1129 5273 1215 5323 mous,
1232 5274 1263 5315 ac
1276 5264 1363 5314 tecum
1372 5258 1525 5330 paritorlut
1535 5273 1565 5314 ex
1575 5257 1706 5315 Hibernia

93 5428 170 5499 (193)
188 5428 216 5485 S.
233 5427 379 5485 ldalacbias
393 5429 461 5486 obiit
475 5442 546 5487 anuo
566 5426 816 5500 llit,Novembris
831 5428 876 5486 die
888 5428 1016 5486 secunda.
