3728 5940
162 170 215 231 ltt
647 162 675 219 S.
694 158 863 220 ssttutnnl
882 156 1017 218 tttttls
1032 154 1342 217 mltuvtttltdsls
1757 155 1818 218 1811

164 300 274 363 paratus
295 292 330 347 ad
345 289 471 362 praedam.
486 287 599 342 Parcius
624 290 666 341 est
682 285 802 356 recipere
819 284 899 340 etiam
914 284 960 339 St·
973 302 996 382 g
1014 284 1154 349 scendum,
1175 296 1257 352 quiam
1266 281 1330 336 mibi
1346 280 1442 337 fuerat.
1457 280 1587 349 Quereris
1602 282 1677 354 quod
1688 281 1740 340 tibi
1754 296 1813 340 non

165 396 302 448 racenum,
317 386 364 435 aut
384 377 539 449 quempiam
553 390 584 430 ex
598 373 709 444 ludaeis,
734 381 764 429 ut
788 373 839 429 isto
857 380 957 444 careat,
1011 372 1132 427 credidi:
1152 371 1230 441 quasi
1244 379 1272 427 tu
1286 371 1353 427 milri
1372 372 1435 426 inde
1450 370 1550 443 aliquid
1574 373 1681 430 locutus
1710 371 1813 436 fueris.

165 472 237 542 quod
255 466 394 528 solussibi
413 464 546 532 videatur,
570 462 617 534 qui
638 461 744 517 malitiae
768 470 795 517 et
822 461 957 516 calliditati
1010 462 1097 518 Esto:
1128 461 1229 517 credidi
1254 460 1378 531 querenti
1401 462 1434 517 de
1453 471 1488 516 te.
1514 460 1575 515 'fibi
1597 464 1735 532 quomodo
1766 472 1815 520 ant

163 563 224 630 ejus
239 557 363 613 resistere
378 563 404 610 et
418 553 501 620 norit,
516 559 544 606 et
558 552 653 623 possit.
668 550 733 605 lude
748 549 874 621 estquod
889 565 958 604 non·
1010 550 1120 605 credere
1141 550 1224 619 potui,
1241 560 1285 605 aut
1300 550 1454 617 decredere,
1469 549 1516 621 qui
1530 548 1740 607 dixerasnilrilf
1757 554 1814 610 Fac

162 647 242 703 nullis
256 643 413 699 clericorum
430 640 510 695 minis
528 648 556 695 et
575 638 721 695 manifestis
746 635 956 711 gravaminibus,

164 741 195 790 ut
212 732 289 789 nobis
316 730 368 802 ipsi
381 729 498 786 confessi
516 736 590 795 sunt,
605 727 742 784 silentium
764 727 903 798 imposuit,
925 743 959 781 ne

163 839 226 894 pars
245 822 356 877 aduersa
371 820 405 874 de
420 818 588 873 multitudine
606 816 748 889 glorietur.

198 913 225 967 l.
242 910 284 975 Et,
300 919 330 964 ut
343 907 463 963 breuiter
476 906 549 979 quod
564 906 650 960 sentio
664 905 823 976 exprimam,
844 907 867 959 si
885 903 959 972 judi·

162 1007 238 1055 catur
264 1012 353 1068 operae
378 995 492 1064 pretium
521 993 547 1048 in
564 994 609 1049 illo
624 993 780 1065 episcopatu
796 992 958 1048 monasteria

163 1086 318 1159 pauperari,
329 1083 457 1142 ecclesias
466 1081 629 1151 conculcari,
641 1081 860 1153 religioniilludi‚
873 1082 958 1151 ipsam

163 1174 348 1247 episcopalem
374 1172 476 1238 sedem,
505 1171 585 1241 cujus
599 1172 735 1239 praecipue
749 1169 919 1225 facultatibus
932 1177 959 1224 et

1011 639 1083 709 quod
1097 639 1204 694 locutus
1218 655 1256 694 es.
1277 639 1358 693 Solva
1374 637 1444 709 quod
1465 637 1546 694 debes
1560 655 1641 710 qnam
1665 649 1732 697 snte
1756 658 1814 714 po·

1012 727 1076 782 teris
1098 726 1147 799 [ol.
1172 727 1324 796 quamcito
1350 725 1472 800 poterisl,
1497 742 1532 782 ne
1553 727 1622 784 forte
1642 743 1697 785 non
1726 732 1814 788 modo

1013 816 1157 881 internos,
1174 817 1262 871 sedet
1280 816 1315 870 de
1338 817 1418 872 nobis
1442 816 1600 872 scandalum
1628 817 1742 874 oriatur.
1771 821 1816 876 De

1012 905 1091 960 nobis
1105 911 1194 959 autem
1214 905 1283 960 bena
1297 905 1379 971 senti,
1394 904 1462 961 bene
1485 908 1519 962 dc
1532 913 1559 961 te
1582 894 1774 976 sentientibus,
1786 917 1816 966 et

1013 1008 1067 1047 uon
1087 993 1294 1050 decredentibus
1318 993 1375 1059 tibi,
1400 993 1469 1049 sicut
1493 995 1647 1063 perturbate
1674 995 1812 1070 loqueris,

1013 1081 1138 1137 nesciens
1150 1082 1214 1153 quid
1230 1081 1358 1155 loquaris.
1373 1083 1434 1139 llos
1455 1090 1518 1138 sunt
1533 1082 1625 1153 rerba,
1646 1101 1739 1142 meum
1768 1088 1812 1142 lo·

1012 1180 1130 1242 quuntur
1143 1169 1276 1226 affectum.

163 1263 382 1336 possessionibus
396 1260 490 1325 inhiat,
507 1261 534 1314 in
551 1259 710 1316 servitutem
725 1259 827 1330 redigi;
845 1258 961 1328 lingnia-
1190 1294 1355 1351 EPISTOLA
1373 1294 1547 1351 CCLXXle
1566 1298 1652 1366 (758).

164 1351 254 1410 censis
268 1365 381 1424 regnare
403 1349 557 1404 nullalenus
570 1347 741 1418 permittatur
756 1348 838 1415 (tot),
856 1347 905 1401 Ubi
919 1354 960 1401 est
1013 1397 1050 1440 ΑΒ
1069 1399 1228 1441 mmmm!
1252 1400 1351 1439 REGE„
1380 1398 1551 1440 mmm
1579 1400 1723 1445 mom
1758 1403 1815 1445 m

163 1442 245 1498 etiarn
265 1456 338 1495 nnnc
351 1437 461 1503 spiritus
481 1437 533 1502 ille,
550 1453 628 1508 quem
657 1437 788 1491 habuistis
800 1437 827 1491 in
850 1436 959 1506 negotio
1190 1471 1347 1513 mcum
1367 1469 1630 1512 mmmmm„
1727 1429 1734 1455 ³

163 1527 347 1585 Ebtlracessssi?
360 1523 446 1582 ²23
458 1526 518 1581 N⁰¹¹
528 1525 624 1581 sentiet
632 1524 719 1589 1¹¹¹¹¹¹¹2
732 1524 778 1595 (11ιί
788 1524 876 1578 Simile
890 1539 961 1593 0l¹us
1015 1547 1152 1601 Hortatur
1166 1560 1267 1616 repent,
1284 1559 1319 1599 ne
1329 1544 1416 1600 electo
1426 1544 1661 1604 ttttttttodoreust
1683 1548 1815 1622 episcopo

164 1616 406 1675 tentaverithcce
420 1615 453 1682 is,
470 1615 538 1669 sicut
550 1613 708 1683 recepimus,
725 1616 752 1668 in
767 1613 861 1684 spiritu
889 1614 961 1668 illius
977 1621 999 1699 Β
1349 1614 1476 1670 obsistet.

162 1708 247 1775 venit,
263 1706 310 1776 qni
325 1705 425 1760 curiam
440 1704 583 1758 adversum
602 1717 652 1757 ros
663 1701 821 1769 concitat-iu
840 1704 861 1755 si
879 1702 961 1757 licue·
1051 1707 1077 1757 1.
1098 1702 1175 1760 Volui
1188 1718 1239 1776 ego
1255 1718 1371 1774 unqtram
1391 1704 1417 1757 iu
1437 1702 1527 1774 aliquo
1543 1703 1663 1759 imminui
1677 1705 1819 1763 horrorem-

164 1796 209 1862 rit,
225 1794 369 1849 moliturus
383 1792 511 1862 idipsum.
527 1792 567 1846 De
583 1791 692 1864 negotio
714 1790 817 1845 domiui
831 1791 962 1846 Lundeu-
1015 1791 1099 1863 regis,
1119 1790 1275 1860 dignitatem
1292 1791 1391 1864 regnif
1405 1791 1490 1846 ileum
1510 1791 1569 1856 soit,
1586 1808 1636 1849 nec
1658 1804 1758 1861 vestre,
1784 1802 1815 1852 ut

166 1883 203 1937 sis
235 1883 311 1951 (tot)
338 1880 495 1935 reducimus
522 1879 599 1935 vobis
623 1881 657 1932 ad
686 1876 852 1935 memoriam.
875 1879 964 1934 Causa
1016 1880 1133 1951 conlido,
1149 1879 1317 1936 conscientia
1336 1879 1363 1934 id
1386 1879 1465 1936 vobis
1481 1882 1635 1952 respondet.
1665 1882 1762 1940 Videte
1779 1901 1814 1942 ne

164 1970 301 2026 dilationis
316 1969 423 2040 sublata
438 1969 471 2022 de
486 1968 587 2032 medio,
603 1984 656 2024 non
671 1977 712 2022 est
726 1967 778 2021 nisi
792 1975 820 2021 ut
830 1966 875 2021 fuat
890 1968 962 2039 quod
1016 1969 1053 2023 illi
1072 1970 1160 2040 magis
1173 1980 1267 2025 contra
1281 1985 1330 2026 vos
1352 1967 1459 2036 faciant,
1475 1969 1521 2042 qui
1537 1972 1683 2029 electiones
1706 1974 1814 2031 distur-

166 2058 316 2116 faciendum
331 2065 397 2116 erat.
414 2059 447 2111 Et
462 2057 512 2113 hoc
526 2055 691 2112 addiderim:
723 2057 824 2112 habere
852 2059 961 2122 bonrum,
1016 2055 1090 2122 bant,
1117 2072 1152 2111 ne
1172 2056 1228 2111 sint
1250 2056 1279 2111 in
1297 2056 1423 2113 Ecclesiis
1452 2058 1496 2128 qui
1526 2058 1645 2117 serviant
1668 2061 1738 2134 regi,
1763 2062 1814 2119 sed

164 2147 276 2217 iustum,
292 2155 320 2203 et
330 2149 408 2202 bonae
420 2146 499 2201 famae
508 2144 697 2201 cancellarium
713 2144 965 2216 (iblitspostolicte
1018 2143 1086 2214 ipsis
1109 2144 1144 2198 dc
1163 2145 1342 2200 Ecclesiarum
1358 2144 1488 2200 reditibus
1507 2146 1650 2204 sentiatur.
1676 2149 1745 2221 Ego,
1760 2165 1814 2225 ego

164 2235 306 2310 dignitatis
334 2251 388 2290 non
405 2235 511 2291 modies
526 2251 587 2305 pnrs
610 2243 662 2300 est,
678 2234 832 2306 apostolicae
846 2235 964 2290 admini-
1017 2232 1146 2287 electioni
1160 2233 1388 2291 Autissiodorensi
1404 2233 1523 2290 interfui.
1540 2235 1659 2292 Consors
1672 2236 1732 2302 fuit,
1747 2240 1815 2310 quis

162 2324 306 2382 strationis
321 2339 376 2379 non
398 2339 509 2395 paruum
534 2321 725 2379 adminiculum
753 2326 796 2379 est
810 2324 965 2395 apostolieae
1019 2319 1109 2375 clerici
1129 2320 1175 2392 qui
1189 2321 1304 2377 antebac
1320 2320 1346 2375 in
1362 2330 1452 2394 partes
1471 2323 1642 2391 dissilierant,
1659 2325 1719 2381 siue
1747 2342 1814 2384 oon·

164 2413 338 2471 conscientie
353 2427 406 2468 non
425 2410 569 2467 mediocris
583 2410 705 2466 custodia
719 2419 769 2465 est.
779 2410 890 2480 Semper
905 2411 965 2482 qui·
1019 2409 1177 2465 trudictione
1199 2426 1271 2467 nune
1295 2411 1400 2465 tandem
1427 2411 1484 2466 Deo
1507 2411 1652 2469 miserante
1674 2428 1814 2473 convene·

164 2501 225 2557 dem
240 2499 368 2557 notabilis
382 2499 536 2556 constitutio
552 2498 721 2570 perniciosa:
738 2506 841 2569 etpost
855 2502 964 2571 longam
1020 2507 1091 2553 runt.
1108 2497 1227 2554 Electum
1244 2497 1313 2555 bene
1328 2499 1471 2557 nouimus:
1492 2500 1673 2558 testimonium
1693 2504 1719 2559 ei
1746 2522 1813 2578 per-

168 2590 399 2656 deliberatiouem,
415 2588 497 2645 etiem
506 2587 601 2660 turpis.

388 2693 560 2750 EPISTOLA
578 2692 749 2748 cclxxxi.

260 2799 361 2839 susara
378 2798 504 2838 nannum
517 2800 553 2837 nn
566 2797 764 2836 crunt-vtetur
780 2782 866 2851 (757).

204 2875 365 2930 brunonem
377 2872 539 2945 perturbet,
550 2876 578 2928 et
592 2870 786 2943 imprudenter
800 2870 967 2930 scribentem
983 2901 1004 2979 c

484 2943 569 3000 redar
587 2944 641 2998 uit.

202 3034 321 3090 Rectene
332 3032 457 3088 irasceris
470 3040 498 3088 tu
513 2962 612 3089 modyn?
631 3032 701 3098 Non,
718 3038 748 3087 ut
767 3033 873 3103 opinor.
889 3035 965 3089 Con-

1020 2586 1156 2653 bibemus
1178 2586 1306 2659 quoniam
1340 2589 1428 2643 bonus
1454 2599 1504 2645 est.
1528 2591 1672 2646 Neminem
1700 2608 1816 2663 prorsus

1019 2675 1135 2730 arbitror
1147 2676 1265 2732 adfuisse
1274 2676 1315 2732 illi
1323 2676 1480 2743 celebritati,
1492 2679 1583 2750 quide
1597 2695 1707 2738 assensu
1720 2694 1813 2739 restro

1021 2763 1164 2833 dubitaret,
1180 2780 1241 2820 cum
1255 2765 1311 2834 jam
1335 2766 1408 2820 idern
1440 2783 1568 2844 assensus
1595 2771 1689 2826 vestris
1716 2770 1814 2826 litteris

1023 2857 1168 2909 teneretur.
1183 2853 1250 2920 Quis
1264 2855 1336 2910 enim
1347 2857 1398 2911 hoc
1412 2856 1455 2913 vcl
1471 2857 1589 2929 cogitare
1617 2867 1709 2930 posset
1736 2874 1816 2930 tepe-

1021 2943 1130 2997 tendum
1143 2943 1255 3000 alterurn
1270 2960 1423 3018 assensum,
1435 2961 1486 3001 nec
1495 2945 1621 3001 sufficere
1637 2964 1730 3015 unum,
1747 2963 1817 3020 prte-

1021 3033 1112 3087 sertim
1128 3032 1175 3088 ubi
1190 3034 1264 3090 nulla
1279 3049 1311 3089 ex
1326 3043 1389 3089 tunc
1411 3034 1555 3090 intervenit
1582 3035 1668 3091 alters
1695 3037 1818 3094 electiof

166 3122 278 3179 vincunt
306 3131 333 3177 te
362 3134 503 3178 sermones
525 3122 573 3187 tui,
595 3135 649 3175 nou
664 3120 790 3194 dispositi
809 3121 963 3193 injudicio,
1020 3122 1147 3194 Nunquid
1167 3123 1273 3194 quoties
1287 3123 1465 3179 dissenserint
1480 3121 1579 3189 clerici,
1597 3126 1677 3181 toties
1690 3125 1741 3181 erit
1771 3141 1818 3183 re·

167 3213 215 3267 sed
227 3212 385 3283 precipitati
401 3211 427 3265 iu
443 3211 653 3282 perturbatione.
669 3212 737 3267 Nam
755 3210 888 3279 judicium
903 3211 965 3281 qui·
1023 3211 1203 3282 requirendus
1216 3211 1293 3266 fauor
1306 3213 1402 3282 regis?
1415 3213 1471 3267 Nec
1489 3213 1567 3279 ratio,
1584 3228 1633 3268 ncc
1647 3216 1819 3273 consuetudo

168 3301 229 3356 dem
244 3301 295 3356 tale
317 3307 377 3354 est:
408 3300 520 3355 bleliora
544 3311 607 3356 sunt
631 3299 742 3354 verbera
765 3299 853 3365 antici,
885 3316 966 3370 quarn
1019 3299 1071 3355 boc
1086 3301 1176 3355 babet.
1192 3299 1314 3370 Denique
1328 3299 1660 3368 unper,sireoordamiui,
1677 3301 1705 3355 in
1729 3304 1820 3361 Sues·

168 3390 264 3445 oscula
278 3387 379 3443 inimici
393 3387 485 3459 (Pron.
514 3403 603 3455 xxuu,
623 3388 663 3456 bl.
678 3389 712 3442 dt
735 3402 787 3459 ego
806 3386 864 3442 sine
884 3402 966 3443 causa
1020 3388 1138 3444 sionensi
1151 3387 1269 3443 Ecclesia
1286 3387 1392 3459 quoties
1408 3386 1443 3441 ad
1458 3386 1612 3458 eligendum
1627 3388 1717 3443 clerici
1742 3408 1818 3448 con·

170 3477 280 3547 vapulo,
304 3475 403 3546 inquis.
431 3475 513 3532 Esto:
544 3475 721 3530 nibilominus
743 3483 831 3530 tamen
855 3478 965 3532 uerbera
1019 3483 1161 3543 venerunt,
1180 3476 1287 3547 quoties
1309 3477 1503 3543 dissenserunt,
1527 3483 1555 3532 et
1577 3475 1672 3532 infecto
1702 3482 1820 3550 negotio

169 3564 316 3622 verborum
332 3577 482 3620 nostrorum
499 3564 668 3620 amicabilem
682 3579 773 3620 curam
789 3573 896 3622 sonant.
910 3564 965 3620 Pa·
1020 3563 1226 3620 discesserunt:
1249 3580 1300 3620 nec
1324 3573 1412 3620 tamen
1436 3564 1560 3620 existimo
1584 3565 1663 3620 toties
1680 3570 1816 3638 repetisse

170 3669 231 3709 rum
245 3653 320 3708 dixi:
337 3659 472 3724 paternam
490 3655 637 3726 loquuntur
665 3653 882 3710 sollicitudinem.
907 3655 963 3710 fta-
1019 3668 1156 3709 assensum
1172 3664 1301 3725 restrum,
1317 3669 1398 3727 quem
1414 3653 1497 3709 semel
1516 3664 1729 3724 promeruerant.

172 3757 226 3812 qne
235 3741 258 3796 si
272 3741 380 3814 culpam
394 3757 448 3798 non
462 3744 553 3812 babes,
570 3744 634 3797 nibil
651 3752 676 3798 te
699 3741 826 3813 laesimus,
856 3742 964 3815 propria
1056 3739 1139 3798 m
1155 3745 1181 3796 2.
1196 3742 1236 3796 ltn
1249 3750 1300 3808 est,
1319 3742 1429 3799 domine
1444 3742 1483 3797 mi
1510 3758 1557 3798 rex
1580 3760 1587 3798 ι
1604 3757 1657 3799 non
1676 3753 1717 3799 est
1741 3747 1815 3818 quod

172 3840 328 3888 excusatum
347 3831 526 3888 conscientia:
546 3832 569 3887 si
586 3833 677 3899 habes,
713 3832 761 3888 tibi
789 3832 881 3903 potius
906 3831 962 3887 ira-
1020 3831 1141 3887 debeatis
1178 3833 1324 3903 reprobare
1359 3832 1446 3888 factas
1480 3831 1636 3902 electiones,
1664 3832 1762 3904 quibus
1785 3842 1816 3891 ut

173 3946 370 4004 Pontinincensi
380 3946 519 4003 latifundia
532 3946 604 4001 dono
619 3946 701 4015 dedit,
720 3954 757 4012 el,
776 3947 868 4002 utalia
883 3946 964 4002 missa
1021 3947 1173 4020 pulcrorurn
1189 3948 1376 4007 Clare-vallis
1389 3948 1448 4004 foco
1462 3964 1543 4019 snpra
1566 3947 1645 4004 citato
1661 3948 1724 4005 ubi:
1741 3972 1753 4001 ι
1785 3948 1817 4009 fu

172 4019 313 4085 faciamus,
342 4019 421 4074 etiarn
459 4017 623 4092 gratificatus
657 4026 698 4074 est
724 4018 838 4074 abbatiae
873 4017 963 4073 Sancti
1025 4024 1140 4091 quadum
1175 4024 1290 4076 ecclesia
1323 4020 1415 4092 oppidi
1434 4019 1531 4074 famosi
1554 4018 1581 4073 in
1609 4018 1733 4075 Flandria
1755 4036 1818 4093 quoe

172 4090 302 4147 Germani
320 4093 393 4162 apud
417 4091 647 4154 Autissiodorum,
669 4089 714 4144 ubi
730 4091 861 4145 tumulum
889 4091 972 4145 babet
1025 4091 1113 4150 lnsuln
1127 4099 1328 4162 nuncupatura
1354 4106 1436 4163 puero
1460 4093 1588 4148 educatus
1614 4092 1710 4163 legitur
1727 4112 1740 4142 s
1760 4107 1816 4148 non

175 4164 203 4218 in
216 4178 249 4219 ca
270 4162 349 4230 itulo,
365 4164 472 4217 tametsi
490 4163 514 4216 iu
530 4161 688 4217 coemeterio
703 4163 867 4232 sepulturam
879 4162 973 4231 elegis·
990 4181 1012 4258 n
1030 4178 1118 4217 tintus.
1135 4163 1328 4235 llegniucensis
1342 4163 1415 4219 enim
1430 4161 1484 4217 dici
1511 4177 1565 4218 non
1594 4170 1681 4232 potest
1708 4178 1818 4219 monas·

173 4241 223 4290 set.
248 4177 323 4287 Pilius
342 4242 427 4303 pater,
451 4234 529 4303 cujus
552 4231 649 4287 dicitur
673 4232 729 4288 vias
753 4250 807 4288 non
825 4234 969 4301 ambulare,
1030 4233 1098 4289 terio
1122 4234 1310 4307 Reguiacensi,
1330 4235 1362 4291 de
1387 4250 1440 4306 quo
1466 4248 1536 4288 anno
1565 4235 1642 4305 litt,
1667 4233 1694 4288 in
1725 4243 1819 4290 nostra

174 4303 408 4360 cratGuillelmus
436 4303 539 4369 llf,rir
565 4303 661 4374 ntique
689 4306 750 4375 pius
778 4305 922 4359 admodum
945 4313 972 4358 et

1028 4305 1228 4379 chronologia:
1244 4322 1349 4363 cumex
1364 4304 1532 4361 Clara-Valle
1547 4302 1716 4375 inlliptttorii
1731 4306 1819 4361 abba·

176 4374 330 4446 religiosus.
355 4374 463 4446 dequo
490 4374 527 4428 ita
544 4374 621 4446 lingo
636 4375 787 4430 monachus
806 4374 973 4429 Autissiodo-

1029 4383 1093 4440 tem,
1118 4378 1213 4432 exinde
1238 4393 1300 4434 tero
1323 4377 1352 4431 in
1378 4377 1532 4447 episcopum
1556 4374 1820 4433 Autissiodorensem

119 4490 128 4503 .
175 4445 281 4502 nensis:
299 4448 400 4500 «drino
415 4447 496 4513 1117,
508 4446 668 4501 Guillelmus
683 4446 856 4501 Niuerneusis
868 4461 969 4511 corrues,

80 4557 82 4562 .
174 4516 269 4572 relicto
297 4518 388 4571 saeculi
407 4517 558 4588 principatu
586 4528 612 4573 et
644 4518 717 4571 omni
742 4518 969 4583 lionorecaleato,

173 4589 324 4644 Gartusiam
339 4588 414 4658 petit,
432 4589 521 4659 ibique
535 4587 592 4642 Deo
607 4590 635 4643 in
650 4587 800 4644 humillima
815 4591 972 4658 paupertate

173 4674 347 4727 conversans,
364 4660 434 4714 infra
448 4674 548 4714 atinum
577 4659 762 4715 ‹nuntersionis
782 4675 838 4714 suae
867 4659 970 4714 felicem

173 4732 299 4787 terminat
331 4731 556 4786 consumente.»
586 4732 706 4802 Epistola
733 4734 784 4784 280
813 4732 839 4783 in
868 4739 972 4785 vetusto

173 4803 269 4858 codicu
293 4802 446 4858 monasterii
473 4801 698 4857 Cantheronensis
721 4802 771 4856 luae
798 4800 972 4870 inscriptione

174 4873 330 4946 insignitur,
346 4877 389 4930 dn
404 4872 554 4930 demittunt
562 4890 669 4946 popam
679 4874 906 4944 superuenere
916 4873 972 4928 elc-

175 4948 268 5001 ctiotte
282 4946 458 5002 Nincrnentt'.
477 4950 496 4997 lt
511 4946 645 5001 contrario
660 4947 687 4998 in
702 4944 791 5010 editis,
804 4959 856 5015 pro
871 4946 970 4999 Antia-

175 5015 329 5074 st'odorenst'
342 5018 460 5089 negutio.
481 5017 632 5071 blannnun.

213 5088 290 5158 (754)
319 5087 375 5143 lloc
392 5087 493 5143 ironice
507 5087 619 5157 dictum,
634 5085 765 5158 siquidem
779 5086 814 5141 dc
833 5085 920 5140 Alnno
931 5086 972 5152 (ut

176 5157 296 5231 uidetur)
311 5157 503 5230 intelligamus,
519 5175 599 5228 quem
614 5162 666 5215 boc
681 5158 791 5213 nontine
808 5157 838 5214 S.
856 5154 969 5210 Bnruar·

175 5230 228 5284 dus
247 5230 348 5286 idcirco
375 5229 430 5284 iudi
450 5230 565 5296 itaverit,
595 5230 711 5286 fortasse
738 5228 810 5302 quod
840 5245 873 5285 ex
900 5241 971 5300 pago

175 5301 314 5376 Regniaeo
343 5301 415 5371 apud
463 5301 549 5426 elgae,
572 5316 628 5356 non
653 5303 736 5374 longe
759 5301 795 5356 sb
815 5300 877 5371 ipra
900 5306 972 5354 esset

176 5374 322 5431 oriundus.
345 5373 482 5454 Namque
527 5373 628 5443 passim
651 5373 747 5429 dicitur
761 5369 921 5439 insulensis,
935 5369 970 5426 de

178 5440 240 5499 loco
254 5441 422 5502 wambonis
440 5446 669 5515 teterpnetsndum
694 5443 814 5501 insinuet
836 5443 906 5500 liber
917 5441 970 5499 Ss-

1027 4446 1111 4502 fuerit
1123 4455 1288 4519 assumptus.
1302 4448 1360 4503 Nisi
1375 4447 1444 4503 forte
1459 4448 1520 4518 quis
1542 4446 1613 4501 dicat
1639 4447 1666 4500 in
1697 4448 1821 4505 secunda

1026 4516 1157 4573 electione
1171 4518 1403 4576 lintissiodorcnsi
1417 4519 1578 4572 monacnum
1603 4516 1819 4591 Regniacensern

1025 4588 1109 4644 fuisse
1123 4590 1251 4659 electum,
1263 4606 1377 4662 proquo
1392 4589 1435 4646 bic
1448 4589 1476 4645 S.
1493 4589 1648 4644 Bernardud
1660 4589 1819 4657 scripserit,

1026 4660 1072 4714 scd
1098 4660 1188 4714 multis
1211 4663 1430 4718 dissentientibus
1455 4661 1533 4716 tertia
1564 4661 1669 4715 tandem
1695 4662 1822 4717 electum

1026 4730 1110 4786 fuisse
1122 4732 1246 4787 Alauunt.

1062 4804 1135 4872 (755)
1151 4803 1243 4859 Eslrili.
1260 4803 1328 4860 vide
1343 4800 1484 4871 epistolam
1499 4804 1561 4857 39⁰.

1062 4875 1139 4946 (756)
1154 4874 1233 4931 Forte
1249 4884 1310 4945 pest
1322 4883 1438 4931 mortem
1451 4871 1584 4931 Gnidonis
1596 4871 1762 4945 cancellarii,
1783 4874 1822 4931 sti

1025 4947 1300 5016 quemepistoltdtif.
1804 4946 1808 4953 '

1061 5018 1261 5088 (teneriores
1279 5017 1342 5074 editi
1365 5016 1561 5082 Claro-Valle·
1575 5023 1602 5069 at
1628 5016 1823 5075 ctera-little

1026 5091 1171 5156 prelorum
1186 5089 1306 5144 melioris
1320 5094 1391 5144 notre
1414 5087 1532 5158 codices,
1547 5086 1643 5160 quibus
1671 5086 1826 5145 domestica

1030 5159 1226 5214 Cluarte-llallls
1244 5160 1421 5215 instrumenta
1439 5160 1632 5240 suffragantur.
1657 5156 1704 5214 Est
1727 5164 1826 5217 butem

1032 5228 1225 5289 Cluniae-Vallis
1238 5232 1353 5304 insignis
1371 5230 1480 5288 abbatia
1503 5229 1712 5285 cisterciensem
1737 5245 1828 5303 prope

1027 5302 1212 5427 gidiolanum
1239 5304 1273 5359 de
1297 5319 1350 5375 quc
1372 5304 1430 5359 fuse
1465 5302 1589 5373 superius
1618 5300 1652 5357 ad
1677 5298 1828 5370 epistolem

1064 5445 1141 5518 lass)
1159 5445 1266 5519 mutu
1278 5461 1350 5503 anno
1363 5445 1463 5504 cunt
1482 5446 1561 5505 itta.
