3728 5940
10 3516 18 3613 t

11 3672 16 3809 l

47 166 81 227 aa
796 163 973 228 cursrotra.
1664 183 1698 242 74

45 292 190 350 osicnhm.
207 289 263 346 Nec
277 288 377 362 refugit
389 287 493 346 oricula
507 290 611 361 lupum,
634 303 713 361 quem
737 298 765 346 et
791 290 849 362 ipsa
865 305 889 385 fl
905 299 963 348 stus
980 301 1105 350 mortuus
1118 306 1170 359 est,
1186 304 1213 352 et
1225 297 1286 362 hoc,
1302 298 1365 370 qnia
1379 288 1569 362 cluniacenses
1587 304 1694 365 solunt.

47 381 162 453 putabat
175 393 264 436 ovem.
280 376 351 446 Quid
368 378 464 448 plura?
495 377 614 448 attrahit,
629 377 722 449 allicit,
738 379 848 435 blandi·
904 381 947 437 Fit
962 382 1094 454 professio
1108 399 1192 456 super
1207 384 1413 456 professionem,
1430 401 1546 450 voretur
1559 398 1631 466 qnod
1647 412 1702 453 non

48 480 101 533 tur,
128 478 158 525 et
171 467 236 526 novi
248 460 379 539 evangelii
394 465 552 536 praedicator
563 467 735 522 commendat
746 483 850 540 crapu-
904 468 1023 525 solvetur
1038 485 1045 539 3
1067 472 1225 542 proponitur
1239 474 1311 544 quod
1327 490 1380 531 uon
1409 479 1544 536 tenebitur
1559 499 1567 552 ;
1594 493 1621 539 et
1638 500 1701 541 cum

48 560 113 630 hm,
140 558 338 631 parcimoniam
365 555 496 624 damnat,
521 556 703 612 voluntariam
732 572 849 629 pauper·
904 557 1020 629 primum
1040 568 1145 630 pactum
1159 559 1268 618 irritum
1291 560 1389 620 factum
1406 565 1451 636 sit,
1467 567 1495 623 in
1513 572 1630 630 secundo
1654 589 1704 647 ge·

49 658 144 715 tatem,
162 644 398 713 miseriamdieit;
420 643 535 716 jejunia,
560 645 680 718 uigilias,
705 645 849 717 silentium,
905 648 1024 703 minatur
1045 648 1239 722 praevaricatio,
1262 659 1287 708 et
1308 651 1338 708 fit
1364 670 1446 727 supra
1465 658 1574 714 moduni
1588 675 1704 732 peccans

49 750 237 807 manumque
260 735 390 803 laborem,
407 741 484 788 rorat
507 733 664 790 insaniam:
686 736 851 793 econtrario
905 741 1045 808 peccatum
1060 738 1150 806 (flam.
1165 753 1214 804 vir,
1233 740 1288 811 ts).

48 823 228 894 otiositatem,
239 821 495 892 contemplationem
505 822 850 894 muncupat3edacitatem,
941 827 972 882 l.
992 825 1099 897 Veniet,
1127 829 1219 885 veniet
1238 828 1286 901 qui
1300 828 1372 889 male
1391 832 1509 904 judicata
1533 837 1703 909 reiudicabit,

50 912 254 987 loquacitatem,
274 910 468 978 curiositatem,
483 924 607 967 cunctam
620 910 738 986 denique
754 912 851 968 intem-
907 911 999 969 illicite
1011 914 1101 985 jurata
1113 914 1280 986 confutabit;
1305 919 1353 992 qni
1376 921 1457 978 factet
1474 923 1606 993 judicium
1633 925 1706 996 inju-

51 1000 205 1075 perantianr
234 998 357 1055 nominat
385 998 586 1056 discretionem.
607 996 733 1070 Quando,
756 999 852 1071 inquit,
909 1001 974 1057 mam
990 1002 1152 1073 patientibus
1184 1007 1271 1076 (Paci.
1291 1023 1375 1077 cxcv,
1389 1012 1430 1080 7),
1460 1012 1507 1085 qni
1524 1013 1657 1083 judicabit
1677 1015 1704 1070 iu

50 1089 208 1147 delectatur
232 1090 306 1145 Deus
329 1087 490 1145 cruciatibus
521 1087 645 1144 nostris?
664 1088 709 1144 ubi
734 1088 856 1160 praecipit
908 1090 1011 1161 iustitia
1026 1107 1170 1164 pauperes,
1185 1103 1214 1150 et
1233 1104 1331 1170 arguet
1353 1096 1381 1153 in
1406 1098 1531 1172 equitate
1555 1117 1605 1172 pro
1631 1117 1707 1158 man·

50 1179 195 1251 Scriptura
214 1175 369 1251 qnempiam
400 1191 461 1232 sese
481 1173 657 1231 interficeret
680 1175 772 1245 Qualis
790 1192 856 1233 tero
910 1183 994 1237 suetis
1009 1191 1085 1238 terrae
1100 1184 1178 1251 (faoi.
1195 1200 1235 1254 xs,
1253 1187 1290 1249 tt.
1308 1186 1404 1244 feruet
1430 1204 1479 1260 pro
1493 1199 1577 1258 certo,
1599 1190 1645 1265 qui
1660 1208 1709 1264 per

52 1267 152 1340 religio
167 1276 209 1324 est
226 1266 319 1323 fodere
333 1272 441 1333 terram,
470 1263 566 1323 silvam
580 1263 713 1335 excidere,
739 1273 857 1323 stercora
913 1269 1071 1340 pmpbetam
1085 1271 1243 1329 minaturin
1262 1274 1370 1331 Psalmo
1392 1277 1508 1334 diceus:
1535 1281 1604 1338 Cum
1627 1298 1709 1340 occe-

54 1357 255 1428 comportare?
276 1354 407 1428 Nunquid
429 1368 484 1410 non
504 1355 636 1411 sententia
659 1354 786 1411 Veritatis
805 1364 856 1425 est,
911 1373 976 1431 pero
986 1362 1108 1431 ternpus,
1121 1377 1167 1430 eqo
1172 1362 1304 1434 jatatitios
1309 1364 1443 1436 judicabo
1456 1369 1543 1439 (Pscl.
1559 1383 1656 1439 txxtv,
1668 1372 1710 1441 ³).

56 1446 282 1503 Hissrs'cordiom
292 1443 857 1515 octomtmamartfietamatttatttn,
914 1446 986 1528 Quid
1007 1446 1131 1505 facietda
1157 1449 1267 1521 injustis
1290 1453 1408 1525 judiciis,
1432 1457 1478 1528 qui
1506 1457 1580 1529 ipsas
1602 1474 1711 1534 qnoque

56 1538 113 1603 ¹3.)
127 1542 168 1607 et,
180 1535 250 1593 Nolo
263 1536 386 1591 mortem
397 1533 566 1606 peccatoris,
580 1533 629 1588 sed
643 1534 732 1604 mcpis
747 1536 780 1589 ot
789 1547 858 1590 cors·
913 1535 1032 1592 iustitias
1060 1537 1219 1606 judicabit?
1243 1541 1348 1612 Veniet,
1378 1547 1498 1617 inquam,
1535 1547 1628 1604 veniet
1654 1548 1715 1605 dies

56 1621 563 1695 amtomretmotatumctmaxnr,
576 1624 633 1689 ll.)
644 1622 767 1691 et,Becti
776 1623 860 1680 misc·
876 1617 1006 1697 Biadicii
1023 1641 1029 1678 :
1051 1624 1096 1679 ubi
1112 1626 1173 1696 plus
1187 1628 1315 1685 valebunt
1327 1645 1395 1702 pura
1418 1633 1511 1701 corda,
1525 1650 1605 1706 qnam
1624 1644 1712 1693 astuta

55 1714 192 1778 ricordcs,
212 1713 347 1786 quoniam
369 1711 426 1785 ipsi
448 1710 673 1768 miscricordiam
689 1727 860 1784 carnequen-
914 1712 1016 1780 verba,·
1031 1721 1059 1768 ct
1072 1715 1240 1771 conscientia
1256 1716 1336 1787 bona,
1353 1735 1433 1789 quam
1456 1723 1593 1796 marsupia
1607 1725 1710 1795 plena:

56 1808 105 1860 far
115 1807 130 1861 f
142 1802 270 1874 (fictiia,
286 1816 315 1866 v,
329 1799 374 1872 t.)
385 1798 483 1871 thuid
497 1814 561 1855 vero
577 1801 647 1857 Deus
659 1800 735 1856 cibos
749 1799 859 1869 crearit,
915 1800 1132 1872 quandoquidem
1149 1802 1234 1860 ludex
1258 1803 1302 1861 ille
1329 1821 1380 1861 nec
1404 1805 1512 1864 falletur
1537 1810 1638 1878 serbis,
1663 1826 1715 1870 uec

55 1899 77 1950 st
91 1908 150 1949 uon
167 1892 251 1948 liceat
260 1888 445 1947 manducmcf
458 1887 553 1959 utquid
563 1887 644 1945 nobis
652 1903 765 1960 corpora
774 1888 860 1956 dedit,
914 1886 1040 1944 flectetur
1049 1888 1138 1944 donis.
1149 1890 1245 1960 Toum,
1256 1892 1371 1949 Domine
1380 1896 1454 1966 lesu,
1466 1896 1582 1953 tribunal
1590 1900 1711 1972 appello:

56 1983 78 2040 si
95 1982 243 2055 probibeat
256 1979 433 2036 sustentaret
456 1978 589 2049 Denique,
606 1977 652 2049 qui
668 1978 720 2034 sibi
735 1992 860 2050 nequam,
916 1985 964 2032 tuo
979 1992 1023 2032 me
1032 1977 1135 2047 judicio
1149 1994 1237 2045 serso,
1254 1981 1301 2037 tibi
1326 1984 1464 2041 committo
1491 2000 1599 2042 causam
1615 2003 1734 2063 meam,.

58 2071 100 2129 cri
115 2071 211 2127 bonus
221 2070 236 2123 ‘l
248 2067 347 2140 (fecti.
363 2081 424 2137 xts,
444 2068 488 2137 5.)
502 2065 571 2136 Quis
583 2081 699 2136 unquam
714 2081 809 2122 matum
823 2082 864 2123 sa·
916 2067 1029 2123 Domine
1047 2067 1120 2124 Deus
1133 2069 1258 2137 sabaoth,
1272 2070 1318 2143 qui
1330 2071 1437 2141 judicas
1453 2074 1537 2144 juste,
1565 2084 1591 2132 et
1616 2079 1716 2150 probas

60 2161 150 2235 piens,
165 2172 276 2214 carnem
290 2171 368 2214 auam
384 2154 449 2211 odio
463 2155 583 2211 babuit?
598 2155 710 2228 (pres.
726 2169 755 2224 v,
770 2155 829 2226 29.)
918 2169 998 2209 renes
1017 2161 1043 2210 et
1056 2155 1138 2211 eorda
1154 2155 1269 2227 (terem.
1285 2173 1326 2228 xt,
1342 2163 1404 2230 ²⁰l3
1420 2161 1576 2232 cojusoculi
1586 2163 1654 2223 sicut
1665 2167 1715 2224 fal·

94 2251 122 2305 d.
143 2245 259 2303 Talibus
272 2244 381 2302 andem
406 2243 613 2316 allegationibus
639 2245 709 2298 male
737 2244 865 2300 credulus

61 2353 128 2410 poer
147 2337 352 2393 mrcnmseutus
373 2333 521 2403 seducitur,
537 2333 709 2390 seductorem
732 2333 863 2406 sequitur,

62 2426 226 2484 cluniacum
239 2422 366 2492 ducitur,
381 2423 516 2493 tondetur,
527 2422 641 2491 raditur,
656 2423 775 2494 lavatur3
791 2422 866 2479 exni-

63 2526 104 2571 tur
123 2510 424 2583 macularensis,
453 2510 594 2579 sordidis3
623 2510 743 2567 induitur
764 2512 866 2583 pretio-

63 2606 109 2675 sis,
125 2602 209 2660 nesis
223 2616 255 2657 ac
265 2599 359 2657 nitidis
374 2615 381 2669 3
397 2608 425 2656 et
439 2599 477 2656 ita
491 2603 518 2655 iu
533 2608 695 2656 contentum
710 2600 867 2674 suscipitur.

917 2242 973 2298 lere
987 2245 1092 2310 uolunt,
1109 2245 1145 2300 ite
1164 2244 1221 2301 falli
1235 2262 1290 2303 uon
1306 2258 1421 2319 possunt
1437 2268 1444 2322 3
1461 2262 1488 2306 tu
1503 2252 1578 2310 rides
1591 2256 1637 2327 qui
1661 2268 1716 2328 tua,

919 2332 995 2388 rides
1008 2332 1055 2404 qui
1069 2345 1195 2406 quaerunt
1209 2346 1236 2392 et
1258 2353 1307 2393 sua
1333 2338 1360 2409 (f
1374 2340 1434 2396 Cor.
1448 2356 1510 2405 xsrr,
1526 2342 1565 2413 b).
1591 2343 1719 2402 funesti

919 2420 1016 2494 quibus
1034 2423 1059 2477 ei
1078 2423 1229 2479 visceribus
1257 2425 1283 2480 in
1313 2428 1417 2483 cunetis
1442 2428 1635 2487 tentationibus
1662 2432 1720 2491 suia

920 2525 1028 2582 semper
1046 2511 1188 2583 adfuerim,
1204 2514 1312 2584 quantis
1336 2530 1384 2586 pro
1408 2530 1442 2573 eo
1465 2517 1612 2587 gemitibus
1638 2535 1721 2580 sures

921 2608 974 2655 tuae
988 2599 1095 2670 pietatis
1122 2601 1297 2673 pulsaverim,
1320 2603 1432 2675 qualiter
1453 2606 1487 2660 ad
1514 2622 1629 2680 quaeque
1648 2609 1721 2668 illius

65 2693 117 2750 Sed
131 2707 198 2749 cunt
214 2688 289 2762 quali
298 2688 498 2760 putashouore,
510 2704 570 2746 cum
580 2704 634 2762 quo
646 2688 794 2762 triumpho,
805 2704 867 2746 curn
921 2690 1058 2756 smudala,
1071 2691 1296 2763 perturbationes,
1320 2693 1456 2751 molestias
1471 2710 1524 2766 ego
1538 2695 1644 2764 urebar,
1664 2704 1721 2757 tor·

65 2790 168 2855 quanta
180 2778 542 2837 reverentia‘llleferturei
560 2793 644 2851 super
658 2794 753 2835 omnes
767 2787 868 2836 coaeta-
922 2780 1032 2853 qnebar,
1061 2779 1209 2852 affligebar,
1224 2789 1251 2836 et
1264 2797 1337 2839 nunc
1350 2783 1432 2841 timeo
1454 2800 1489 2840 ne
1516 2783 1625 2845 frustra.
1652 2788 1722 2851 Puto

67 2884 222 2939 manos,
237 2866 752 2941 ettanuantsictorrediensapugna,
764 2868 869 2925 siclan·
924 2869 1007 2939 enim,
1024 2878 1155 2941 quantum
1173 2877 1301 2943 expertus
1316 2886 1387 2944 sum,
1416 2872 1594 2932 adolescentis
1617 2892 1665 2950 per
1692 2894 1722 2936 se

67 2961 145 3017 datur
160 2956 329 3032 percsmrtn
340 2956 486 3014 desideriis
500 2956 596 3015 animae
611 2973 668 3013 suae
681 2959 769 3029 (Psoi.
785 2973 814 3025 x,
830 2960 866 3028 3).
885 2926 907 3008 ὓ
924 2959 989 3015 satis
1004 2958 1135 3016 ferientis
1149 2966 1175 3015 et
1195 2959 1382 3017 insolescentis
1394 2976 1443 3018 nec
1465 2965 1573 3036 corpori
1588 2963 1651 3021 talia
1673 2982 1723 3024 ex·

67 3048 229 3107 Sustollitur
245 3048 274 3103 iu
297 3045 393 3119 altum,
408 3053 477 3102 statu
502 3060 557 3101 nou
572 3045 701 3103 mediocri
714 3046 869 3114 collocatur,
925 3047 1017 3118 pedire
1040 3045 1169 3112 fomenta,
1188 3062 1238 3104 nec
1255 3049 1339 3104 menti
1363 3047 1408 3105 illa
1433 3049 1526 3121 gloriae
1549 3059 1721 3112 tentamenta.

68 3140 102 3195 ita
110 3146 145 3199 nt
156 3135 253 3194 multis
261 3134 414 3193 senioribus
422 3134 551 3206 praelatus
561 3135 596 3190 sit
605 3133 868 3201 adolescena:favet,
924 3136 1026 3208 ltaque,
1048 3135 1149 3191 arbiter
1176 3150 1252 3191 meus
1279 3136 1394 3192 Domine
1418 3140 1491 3205 lesu,
1517 3140 1551 3195 de
1573 3142 1648 3200 vultu
1677 3156 1724 3203 tuo

68 3233 222 3303 btanditur,
237 3229 438 3305 congratuletur
452 3230 478 3287 ei
496 3231 623 3287 universa
637 3229 806 3300 fraternitam
821 3246 871 3286 es·
922 3224 1052 3297 judicium
1066 3239 1155 3279 meum
1170 3223 1290 3297 prodeat,
1319 3224 1389 3281 oculi
1409 3225 1449 3281 tui
1471 3226 1581 3284 videant
1607 3231 1722 3305 equita·

68 3329 170 3383 suunt
183 3336 289 3390 ornnes,
303 3331 428 3394 tauquam
437 3318 553 3378 victoms
563 3326 639 3390 capta
649 3319 751 3392 praeda,
763 3320 873 3394 quaudo
925 3328 979 3374 tem
989 3316 1076 3387 (Psoi.
1092 3328 1151 3380 xvt,
1163 3317 1203 3383 2).

69 3416 194 3472 diridnnt
218 3410 306 3484 spotia
328 3411 407 3484 (lsai.
424 3424 463 3479 tx,
488 3408 527 3481 3).
551 3408 575 3465 0
592 3408 656 3466 lesu
671 3410 761 3466 bonel
790 3425 871 3483 quam
961 3411 988 3462 8.
1004 3404 1118 3461 Videant
1132 3400 1296 3473 etjudioeut
1311 3402 1377 3475 qnid
1390 3404 1480 3477 potius
1497 3415 1569 3463 stare
1588 3407 1724 3480 debuerit,

70 3506 153 3563 multa
167 3503 319 3560 factasunt
333 3496 872 3572 prouoinsanimnlaeperditionelCujus
926 3505 1064 3554 anvotum
1079 3493 1162 3566 petris
1174 3492 1209 3547 de
1233 3490 1300 3560 filio,
1322 3507 1357 3548 an
1375 3490 1422 3549 filii
1441 3495 1476 3551 de
1500 3512 1531 3553 se
1558 3497 1630 3571 ipso,
1656 3512 1713 3570 prb

69 3596 98 3651 ad
112 3597 177 3651 baec
187 3590 388 3666 quantumlibet
397 3588 537 3647 robustum
551 3594 643 3659 pectus
652 3602 706 3643 uon
719 3588 873 3644 omollesee-
926 3583 1018 3640 sertim
1044 3599 1105 3639 cnm
1133 3582 1206 3639 filius
1232 3582 1332 3654 aliquid
1357 3582 1443 3655 majus
1457 3584 1605 3644 devoverit.
1632 3587 1717 3646 Vides

71 3687 130 3742 reti
151 3684 236 3753 cnjus
259 3679 381 3750 interior,
400 3677 573 3752 quantumvis
595 3677 752 3749 spiritualis,
778 3677 872 3734 oculus
926 3682 953 3730 et
967 3673 1084 3730 famulus
1107 3681 1169 3729 tuus
1189 3674 1328 3746 legislator
1351 3678 1445 3729 noster
1471 3673 1644 3743 Benedictus,
1657 3677 1722 3750 quid

70 3791 122 3833 uon
137 3769 321 3832 turbaretur?
338 3767 382 3825 cui
400 3767 471 3825 inter
485 3767 546 3823 talia
569 3766 602 3821 ad
624 3782 702 3823 snam
723 3766 805 3823 liceat
825 3782 872 3821 re·
926 3762 1078 3838 regularius
1104 3763 1194 3834 fuerit,
1211 3772 1302 3819 utrum
1316 3762 1387 3832 quod
1411 3762 1567 3820 factumest
1593 3766 1626 3822 de
1640 3765 1728 3824 infan-

10 3862 13 3869 '
71 3877 179 3920 ermae
191 3857 408 3917 conscientiam?
427 3856 489 3928 quis
505 3855 619 3928 denique
633 3855 659 3911 in
684 3862 755 3911 tanta
776 3869 873 3926 pompa
926 3854 993 3924 tulo,
1008 3852 1143 3909 nesciente
1156 3853 1231 3924 ipso;
1255 3867 1289 3906 an
1305 3850 1377 3921 quod
1405 3849 1464 3921 ipse
1488 3867 1537 3922 per
1550 3869 1580 3910 se
1603 3863 1726 3926 postmo-

9 4004 12 4017 ,
71 3953 109 4010 ret
128 3950 276 4012 renuam
298 3947 387 4008 saleru
405 3959 564 4021 agnoscere,
578 3944 620 4001 vel
635 3943 759 4000 obtinere
781 3943 872 4000 bumi-
925 3940 1123 4014 dumprudena
1139 3938 1503 4007 etsciensfeoit,cum1'am
1518 3948 1624 3996 etatem
1640 3942 1723 4000 lrabe-

64 4040 202 4103 litsternt
928 4038 969 4086 ret
983 4036 1012 4084 ut
1025 4028 1059 4084 de
1072 4043 1101 4086 se
1116 4027 1280 4101 loqueretur.
1306 4025 1467 4097 Quanquam
1488 4024 1600 4083 dubium
1616 4043 1671 4085 non
1686 4030 1721 4088 sit

104 4135 133 4188 d.
166 4126 282 4187 littitar
308 4126 409 4184 interea
436 4138 487 4198 pro
526 4140 559 4183 eo
581 4126 705 4183 ftomam.
720 4120 876 4198 apostatica
928 4116 1091 4191 promissum
1119 4118 1195 4173 illum
1221 4115 1314 4186 fuisse,
1343 4114 1548 4172 condonatum
1573 4118 1642 4191 (bb).
1668 4120 1726 4179 Nec

70 4217 409 4293 compellaturauctoritas
424 4235 432 4291 3
448 4209 517 4273 stt'rt
542 4218 613 4288 Papa
639 4231 694 4272 non
725 4224 807 4288 uenat
832 4230 875 4271 as·
892 4205 1004 4317 neuim
1019 4205 1113 4278 Ρθῑῑῑῑθ
1132 4220 1212 4279 ‘1⁰⁸³'
1239 4203 1343 4278 R⁸8⁰¹³
1371 4203 1500 4276 Psaeflllib
1533 4221 1582 4280 pto
1603 4223 1636 4265 0⁰
1658 4207 1727 4268 facta

71 4324 200 4379 sensnm,
213 4307 370 4384 suggeritur
392 4306 419 4364 ei
440 4305 570 4363 infantem
592 4306 658 4364 otim
680 4321 697 4361 a
719 4305 876 4379 meantibus
930 4295 1007 4352 faita
1022 4295 1192 4367 peronibus,
1213 4309 1264 4350 nec
1289 4307 1385 4349 manas
1398 4291 1472 4350 illius
1490 4311 1553 4353 cnm
1582 4295 1641 4370 ipaa
1661 4301 1728 4370 peti·

66 4400 200 4458 ,oblatum
212 4395 296 4454 fatue
306 4395 483 4454 monasterio.
506 4395 568 4454 Non
590 4393 641 4452 fuit
661 4393 710 4468 qui
740 4394 877 4451 refelleret
929 4386 1002 4441 tione
1023 4385 1141 4442 involuta
1163 4385 1233 4456 palla
1249 4381 1352 4451 attaris,
1374 4388 1404 4438 ut
1422 4382 1618 4442 sicoll'erretur
1637 4401 1728 4447 coram

71 4497 140 4571 (nec
160 4488 237 4547 enim
258 4486 438 4546 contradictor
456 4494 498 4545 est
521 4483 878 4559 exspectatus),1udteatam
930 4473 1056 4530 testibus.
1071 4471 1232 4529 Ostenditur
1245 4470 1343 4527 deinde
1355 4477 1438 4543 terra,
1462 4486 1523 4544 quae
1537 4488 1599 4531 cum
1624 4473 1681 4543 illo,
1702 4484 1733 4535 ot

72 4592 117 4638 „a
134 4580 174 4638 ὼ
187 4584 275 4652 pam,
287 4576 471 4650 abjudicatum
483 4573 650 4633 muribus,
664 4571 806 4632 iustificari
816 4578 880 4629 sunt
933 4576 982 4634 pro
996 4561 1044 4618 illo
1056 4560 1155 4617 dicitur
1168 4560 1232 4616 dats
1246 4558 1342 4616 fuisse.
1365 4558 1420 4616 Sed
1442 4560 1466 4616 si
1492 4577 1554 4618 cunt
1572 4570 1644 4622 terra
1666 4579 1729 4622 eunt

75 4671 123 4742 qui
135 4667 271 4741 injuriam
289 4665 423 4738 facerunt,
437 4664 718 4723 excideruntaeausa
735 4663 783 4737 qui
808 4660 880 4735 passi
934 4660 1107 4722 receperunt,
1122 4666 1170 4709 cut·
1184 4665 1238 4707 tlon
1252 4657 1279 4706 dl
1292 4664 1355 4707 ttttm
1368 4658 1439 4707 lem
1456 4666 1518 4708 etim
1537 4652 1730 4711 retinuerunt?

78 4768 154 4828 snut,
168 4757 275 4831 absque
288 4754 471 4814 satisfactione
490 4753 641 4813 absolvitur
652 4769 727 4812 reus.
745 4753 885 4811 firmatur
934 4744 977 4799 An
992 4741 1060 4797 f⁰rte
1074 4740 1250 4813 requirebant
1262 4739 1350 4813 magis
1377 4740 1471 4795 datum
1492 4755 1573 4813 quam
1602 4739 1729 4802 fructum.

78 4846 226 4925 pfiqih‘io
239 4845 342 4905 andeli
357 4844 472 4903 nimium
489 4844 608 4903 demens
622 4842 755 4900 sententia
772 4841 881 4898 bbwlu·
937 4828 1057 4904 etplttris
1071 4830 1201 4886 aebllmatfl
1215 4836 1258 4885 ebt
1281 4836 1355 4885 lef'f'd
1371 4842 1453 4901 quam
1468 4826 1578 4884 animai
1600 4828 1731 4905 Alioquin

79 4939 183 5004 tionis3
197 4951 252 5009 quo
266 4932 444 5009 reparatos
462 4932 667 4992 confirmaretur
680 4931 819 4989 fluctuanti
829 4946 887 4988 ma·
936 4922 1042 4977 oblatus
1055 4917 1229 4986 wasleio.
1246 4918 1312 4993 quid
1334 4916 1471 4991 querebat
1488 4915 1516 4971 in
1539 4919 1664 4978 seculol
1679 4938 1732 4980 nu·

78 5029 206 5086 nauus
218 5025 362 5093 stabilitas,
375 5025 507 5084 κωπίω
528 5022 673 5082 dubitanti.
689 5022 722 5078 Et
748 5021 793 5077 bio
807 5031 885 5078 tenor
937 5011 1057 5068 lfiendut
1079 5010 1146 5079 Det),
1175 5025 1224 5066 tur
1246 5007 1384 5082 expostam
1421 5014 1479 5062 erat
1501 5005 1637 5066 diabolo?
1669 5010 1735 5070 Oris

79 5118 243 5187 timeum,
259 5115 318 5173 tm
339 5113 434 5187 jaculati
458 5129 574 5187 summa,
603 5115 660 5171 hoea
688 5110 770 5169 torius
796 5126 885 5169 caum
938 5100 1038 5161 christi
1053 5117 1101 5158 cur
1118 5100 1227 5159 iuventa
1253 5107 1296 5156 est
1324 5106 1416 5171 patere
1440 5095 1575 5154 morsibus
1596 5097 1735 5173 lupifna

80 5204 218 5274 definitio,
234 5212 264 5263 ut
279 5214 387 5263 teneant
399 5202 446 5279 qui
460 5203 590 5278 tulerunt,
606 5200 701 5260 sileant
727 5198 773 5273 qui
787 5197 886 5257 amise-
938 5194 1037 5252 saeculo
1053 5193 1164 5267 quippe,
1179 5207 1236 5248 non
1250 5192 1284 5246 de
1307 5183 1444 5256 Cluniac‘o,
1466 5198 1493 5246 te
1512 5198 1591 5265 teste,
1607 5193 1735 5262 flobertc,

83 5294 251 5367 ruossjutsr
264 5294 324 5355 bec
335 5302 427 5353 sutem
438 5300 531 5368 porcat
551 5290 640 5350 anima
659 5308 709 5366 pro
728 5305 781 5366 qua
805 5288 886 5347 Chri·
940 5284 1037 5347 rcuisti
1051 5281 1224 5341 cistercium.
1243 5277 1381 5350 Quaesisti,
1408 5280 1509 5353 petisti,
1525 5282 1639 5357 pulsasti
1653 5298 1661 5352 3
1689 5283 1737 5343 sed

116 5402 179 5482 (bb)
195 5400 345 5460 emissio
362 5406 455 5460 sotum
470 5404 748 5474 pareutumspeetat3
766 5395 887 5469 donatio,
941 5393 1096 5471 precipitur
1110 5406 1126 5448 a
1139 5394 1232 5447 sance
1247 5386 1392 5447 Benedicta
1413 5387 1440 5447 in
1456 5388 1566 5464 llepulte
1588 5390 1676 5466 capita
1693 5392 1728 5452 tt

84 5475 165 5552 pueri
179 5473 344 5534 oblationem
358 5488 408 5546 per
434 5472 545 5531 eosdem
564 5469 671 5546 factam,
696 5472 776 5551 cnjus
804 5469 890 5529 forma
944 5483 1005 5547 qnae
1025 5463 1124 5530 oblatio
1140 5474 1238 5541 pueros
1253 5458 1317 5523 olim
1330 5460 1440 5536 ligabat.

198 5575 324 5639 Parnon.
344 5571 498 5637 clxxttt.
1355 5584 1361 5588 ·
1624 5563 1653 5627 'l
