3728 5940
59 178 110 236 ill
807 170 960 233 GHARTAE.
1263 231 1269 242 ,
1648 194 1701 256 m

58 303 187 376 babebat,
207 309 306 378 rogatu
331 307 426 360 nosue
450 299 542 359 eidam
565 296 687 359 ostenta
712 297 892 395 conamina
905 296 977 356 iacta
992 294 1064 356 baie
1080 313 1221 373 ιιιιιιιι
1251 303 1387 369 excedent
1404 317 1615 386 prenominatus
1627 336 1701 378 sain.

55 393 131 451 idem
143 393 186 453 sio
197 395 283 452 sensu
291 393 385 452 Simon
397 391 545 467 episcopus
558 389 750 449 Toruaceusis.
904 403 974 447 mus.
996 388 1064 445 litia
1084 405 1140 447 nou
1163 396 1322 454 extendetur
1344 400 1372 455 in
1391 399 1477 459 latum
1498 405 1567 463 ultra
1586 411 1689 482 quadra

418 549 425 558 ,
434 481 470 543 ιι,
906 477 982 553 qiuta
995 479 1112 551 perticas
1131 485 1303 552 arpennales.
1316 485 1347 543 Si
1362 499 1449 547 tutan
1463 494 1588 553 mmdesn
1609 499 1700 557 baiam

58 588 112 629 rao
126 587 296 631 noromensi
309 590 346 631 nr
357 586 535 631 sunam-mat
549 582 736 628 sontersnua
745 568 852 642 (list).
906 569 1211 644 onndqaritanquando,
1229 590 1277 633 asu
1290 585 1433 654 vetustata,
1454 599 1502 641 seu
1515 584 1605 658 ulique
1618 603 1701 647 ιω.

57 671 667 745 qoecespwmpofflqumqwmmpmq
676 667 854 741 mmm?
907 658 992 728 aione,
1008 659 1074 714 adid
1089 660 1220 721 devenire
1232 672 1260 720 ul
1277 681 1331 724 non
1341 669 1423 739 sit3si
1438 687 1499 728 eum
1506 673 1588 732 ιιιιιι
1601 676 1702 737 ibidem

178 746 299 814 abbates,
316 745 349 800 de
362 744 480 802 ecclesio
500 742 739 801 datdonis-dorus
907 763 1035 821 reparare
1047 748 1191 817 volueriut,
1213 752 1320 826 licebit3
1339 761 1450 830 quodsi
1466 761 1612 832 noluerim,
1633 775 1704 826 terre

94 852 154 922 qu
174 851 340 908 suessanus
352 849 537 907 ctare-vallis
558 857 670 906 aocstus
693 846 785 914 abbas,
809 844 853 899 cui
908 851 1060 903 retundens,
1076 838 1133 896 tite
1153 841 1283 914 collusit,
1299 845 1357 902 sive
1373 848 1483 917 inculta,
1498 853 1533 907 ud
1552 854 1704 916 dominium

57 939 185 996 domiuus
198 955 269 1012 papa
281 939 377 1012 (libi)
394 953 505 996 oausam
519 937 697 995 Lurotiensis
707 944 735 990 et
748 931 853 989 Sancti·
908 926 1032 998 episcopi
1050 930 1319 989 recemundum
1339 935 1390 991 alis
1402 938 1535 1007 lorilaota,
1551 958 1612 1015 quae
1627 953 1704 1002 satra

56 1028 126 1098 Apri
135 1029 261 1084 abbatum
286 1028 423 1086 comunisit
443 1027 621 1083 decidendam
648 1025 745 1096 (libb)
765 1022 855 1078 eidam
908 1015 996 1072 baism
1008 1015 1143 1073 lieutsiue
1158 1030 1233 1089 parte
1246 1023 1363 1092 comitis,
1378 1028 1498 1101 episcopi
1510 1040 1583 1088 snnt.

57 1133 150 1172 causae
176 1134 228 1187 pec
253 1117 425 1174 concordiam
449 1118 500 1172 boc
523 1118 607 1171 modo
630 1115 712 1170 linem
726 1109 853 1182 imposui.
945 1107 972 1159 i.
987 1104 1126 1163 Stalutum
1141 1116 1185 1163 est
1197 1109 1232 1164 de
1244 1112 1360 1182 clericis,
1375 1123 1406 1172 at
1418 1121 1529 1176 omnim
1541 1135 1559 1175 a
1572 1128 1705 1192 potestate

59 1206 194 1262 Slututum
207 1213 291 1263 estut
307 1205 389 1262 illide
403 1203 599 1275 &nelo-Apro
614 1202 769 1259 universam
780 1197 856 1256 deci·
908 1193 1017 1250 comitis
1031 1191 1110 1250 liberi
1132 1203 1161 1253 et
1181 1191 1315 1256 immunaa
1336 1202 1476 1263 existant:
1493 1208 1531 1264 ita
1551 1209 1624 1280 quod
1652 1224 1704 1268 nec

58 1312 130 1351 mem
145 1294 276 1351 Gildonis
284 1293 515 1365 Curtia-babeanlq
532 1293 619 1365 ipsam
634 1305 702 1348 vero
715 1288 856 1347 ιιιιιιιιιι
909 1283 1009 1356 aliquid
1021 1282 1092 1353 juris
1105 1284 1146 1343 ael
1161 1286 1354 1347 dominationis
1368 1291 1396 1347 in
1409 1308 1459 1351 eos
1473 1310 1508 1352 ea
1525 1295 1615 1370 aliqua
1629 1311 1704 1355 occa·

59 1393 87 1442 at
100 1383 207 1454 omnia,
223 1390 319 1455 proeter
332 1381 505 1448 decimas‚ad
520 1396 579 1436 eam
594 1378 755 1452 pertinentia
770 1378 857 1435 Luxo-
910 1374 990 1431 moue
1005 1386 1100 1428 comes
1117 1375 1266 1450 cremabit,
1283 1392 1336 1435 nec
1353 1383 1438 1438 nebus
1456 1398 1561 1450 aarum
1585 1384 1703 1443 ubicun-

58 1474 170 1531 sisnsea
191 1472 357 1544 possideant,
373 1468 576 1527 remittentsssi
591 1467 659 1541 quid
671 1467 742 1538 juris
754 1466 856 1524 babue-
910 1475 964 1534 que
976 1460 1041 1529 aiut,
1065 1476 1175 1518 manum
1187 1463 1373 1536 aliquomodo
1385 1470 1492 1527 mittere
1509 1471 1575 1545 sibi,
1588 1472 1631 1531 cal
1650 1474 1704 1531 ali·

61 1569 125 1620 runt
148 1560 178 1617 in
199 1560 315 1617 ecclesia
335 1559 547 1625 colono-vlle,
567 1572 648 1629 quam
662 1556 792 1613 arebam
818 1554 856 1612 illi
907 1549 954 1605 ont
971 1548 1156 1607 mmutmmm
1175 1567 1287 1610 suumn
1305 1554 1406 1615 umbo.
1426 1555 1505 1626 Quos
1525 1560 1549 1616 ai
1564 1559 1597 1621 in.
1612 1573 1705 1634 spana

60 1652 95 1708 de
125 1651 328 1722 Sancto-Apro.
357 1649 459 1706 Omnes
483 1656 574 1703 autam
592 1634 723 1702 annuales
747 1659 857 1714 ιιιιιιι,
872 1627 897 1707 Β
912 1639 1045 1696 latrocinii
1063 1639 1186 1700 iorilscto
1198 1643 1314 1703 clericus
1327 1645 1615 1723 iustitdapaobensus,
1635 1654 1705 1712 abs·

61 1754 132 1812 quos
146 1738 261 1796 ecclesis
274 1736 516 1794 Gnidum-Curtia
540 1736 621 1792 debet
648 1744 701 1790 tam
728 1735 857 1807 episcope
910 1744 963 1802 que
980 1730 1054 1785 omni
1074 1731 1206 1789 clericalis
1230 1734 1335 1792 ordinis
1353 1737 1453 1808 injuria
1473 1756 1523 1797 sou
1545 1740 1706 1816 indignitate

61 1844 144 1903 quam
167 1827 297 1885 ministris
327 1830 396 1899 ejus,
423 1825 463 1882 illi
476 1825 511 1882 de
534 1827 720 1894 Sancto-Apro
742 1823 858 1896 singulis
911 1817 1048 1890 episcopo,
1064 1819 1106 1874 vel
1122 1820 1184 1890 ejus
1202 1821 1337 1880 ministris
1356 1825 1505 1884 reddeltm
1523 1829 1706 1904 sodomama,

62 1919 141 1975 annis
158 1918 310 1990 exinteqro
333 1917 493 1989 persolvant.
508 1915 566 1972 Hoc
592 1919 682 1969 autem
699 1910 800 1970 lactum
817 1921 860 1970 est
912 1907 1046 1979 siquidem
1068 1916 1162 1965 contra
1185 1911 1304 1983 ipsimi
1323 1913 1478 1974 cumitensi
1494 1918 1559 1989 ejus
1577 1918 1709 1980 ministris

63 2008 176 2069 condio
190 2005 382 2066 venerabilium
395 2003 539 2062 Godairidi
551 2003 734 2075 lingonensis
744 2009 772 2059 et
789 2001 857 2059 llat-
910 2003 959 2051 aut
976 1995 1132 2054 homiuibus
1147 2000 1378 2075 aspounlabttnr3
1394 2004 1539 2079 episcopus
1554 2007 1605 2077 eis,
1619 2024 1708 2083 quaa-

64 2097 137 2156 tonis
155 2096 299 2154 Treoausia
324 2095 528 2168 episcoporum,
542 2103 570 2150 et
585 2091 701 2150 eborum
715 2091 859 2167 religioso-
914 2095 971 2141 tum
991 2085 1037 2156 ius
1057 2094 1085 2142 at
1108 2087 1177 2146 ratio
1209 2089 1360 2158 dietatem,
1384 2094 1419 2150 da
1437 2095 1534 2154 eodem
1560 2097 1640 2157 meiat
1663 2102 1710 2158 si·

65 2202 125 2244 rum
147 2187 281 2252 vivorum,
295 2185 344 2257 qui
356 2186 391 2241 sd
404 2185 457 2243 boc
469 2183 560 2256 ipsum
572 2182 651 2241 acciti
663 2187 726 2239 adul
739 2195 756 2237 a
769 2181 859 2249 uobis.
915 2175 959 2231 lis.

66 2291 182 2350 quorum
199 2275 310 2333 nomina
323 2280 387 2330 sunt
397 2273 456 2332 baee
476 2270 659 2330 :Guillslmus
671 2269 756 2331 abbas
768 2269 861 2328 Sancti
950 2273 977 2328 3.
992 2272 1141 2329 Telonnum
1165 2274 1282 2334 civitatis
1304 2286 1331 2336 et
1344 2279 1538 2340 suburbiorum
1551 2284 1621 2358 elus,
1646 2287 1712 2361 quia

65 2363 176 2424 ilartiui
212 2363 367 2433 Treceusis,
393 2361 544 2419 balduinus
569 2362 654 2419 abbas
680 2359 861 2428 doemonis,
913 2361 1086 2434 episcopoet
1100 2362 1192 2420 comiti
1207 2379 1350 2425 commune
1364 2383 1425 2427 esse
1439 2378 1555 2441 constet,
1570 2374 1594 2430 si
1602 2376 1713 2450 aliquod

66 2456 222 2528 stephanus
235 2454 318 2511 abbss
341 2451 434 2510 Trium
456 2451 595 2522 Fortium,
610 2450 758 2508 balduimus
779 2450 864 2509 abbas
916 2451 1067 2510 laritaotunn
1085 2453 1150 2511 inda
1164 2455 1340 2513 eonrmissum
1354 2458 1447 2528 luerit,
1467 2463 1614 2536 episeopus
1635 2468 1713 2541 oapi-

65 2544 174 2615 muts,
188 2544 280 2601 Guido
293 2543 377 2600 abbas
391 2541 552 2600 caari-Loci
563 2539 668 2613 (stud).
916 2541 972 2598 tale
989 2555 1069 2596 suum
1078 2557 1129 2614 per
1146 2557 1176 2598 sa
1189 2545 1313 2617 recipiet,
1328 2562 1390 2604 oum
1406 2564 1437 2605 eu
1451 2549 1512 2625 lege
1530 2568 1584 2626 qua
1597 2553 1714 2630 quiaque

439 2631 488 2687 ιιι.
917 2629 1008 2689 sivit:
1024 2639 1052 2688 et
1068 2644 1161 2688 comas
1181 2648 1232 2705 pro
1255 2634 1381 2696 ioriiacto
1399 2639 1537 2714 sexaginta
1554 2644 1668 2704 solidos.
1687 2646 1707 2702 S

67 2732 740 2787 cosrosrmortmtrnrsauusonmurrauocmt
752 2733 866 2778 snum·
919 2719 1084 2778 telonearius
1112 2722 1228 2793 comitis,
1255 2739 1306 2782 seu
1331 2725 1428 2802 aliquis
1452 2731 1591 2804 clientum,
1613 2734 1718 2808 primus

122 2831 237 2872 nsusuu
250 2825 376 2871 comtes
387 2822 667 2869 mmmououussts
680 2807 784 2880 (stat).
919 2810 1021 2883 caperit
1034 2826 1109 2882 aum,
1132 2812 1180 2886 qui
1199 2815 1313 2886 ospitale
1327 2816 1447 2891 episcopi
1465 2821 1587 2891 abstulit,
1605 2824 1719 2898 caplmla

106 2904 217 2966 40⁰¹
235 2905 295 2966 ι.ιι
309 2900 420 2960 nomina
436 2909 538 2958 sancta
550 2906 577 2956 et
589 2899 737 2958 indiaidum
749 2898 864 2957 Trinila·
919 2915 999 2958 auum
1017 2918 1079 2960 cunt
1101 2918 1134 2959 aa
1153 2903 1213 2977 laqe
1235 2904 1365 2980 episcopo
1381 2907 1499 2966 reddere
1511 2909 1592 2969 iaciat
1617 2929 1625 2969 s
1647 2923 1675 2973 at
1695 2914 1720 2975 ai

69 2999 104 3056 tis
116 3012 170 3070 eqo
182 2997 353 3052 Βιιιιιιιιι
361 2988 670 3048 clere-latinnocstus
683 2989 777 3046 abbas.
920 3005 969 3066 per
983 2991 1044 3062 ejus
1057 2991 1188 3048 incuriam
1201 3008 1264 3049 cum
1277 2994 1373 3052 eodem
1393 2996 1499 3069 espilsli
1516 3002 1640 3071 anuuit,
1661 3003 1721 3078 ipsa

108 3087 236 3160 Cognita,
252 3100 313 3157 quas
322 3082 543 3154 interiluqonem
555 3080 713 3151 episcopum
725 3077 866 3135 Autissio-
920 3095 969 3154 pro
982 3079 1029 3136 illo
1048 3081 1177 3154 episcopo
1191 3083 1225 3138 de
1239 3082 1346 3155 capitali
1361 3085 1463 3157 allego
1478 3088 1666 3160 respondabit.

70 3179 215 3235 doreuaem
230 3185 257 3231 at
266 3173 432 3231 willelmum
446 3171 573 3227 comitam
583 3168 869 3227 Nivemensememar·
957 3171 982 3230 l.
994 3168 1148 3227 &manus
1160 3170 1294 3244 episcopi,
1307 3181 1334 3227 et
1348 3179 1481 3246 quotquot
1495 3184 1575 3233 erunt
1588 3178 1622 3235 ds
1643 3178 1724 3238 iami-

71 3277 144 3326 serat
170 3263 305 3322 discordis
320 3276 369 3333 pro
389 3259 550 3333 quibusdam
567 3257 696 3332 querelis,
721 3258 870 3331 quainter
914 3260 956 3316 ιιι
970 3261 1038 3330 ejus,
1053 3274 1191 3333 nunquam
1208 3260 1489 3336 justitiabuntseper
1501 3264 1639 3324 comitem.
1660 3269 1725 3329 Om'·

70 3375 119 3416 eoa
133 3358 296 3430 agebantur,
310 3351 524 3411 dndssiodorum
536 3348 713 3422 ueni‚.atpari
726 3348 869 3406 amborum
919 3351 966 3406 nia
986 3348 1109 3407 ioniacts
1132 3348 1324 3421 claustrorum,
1349 3349 1476 3412 videlicet
1497 3356 1609 3414 claustri
1630 3357 1722 3418 sanati

72 3455 251 3508 eonsensum
277 3443 417 3503 volumus
445 3439 681 3513 querclssillaaad
695 3440 869 3498 concordiam
921 3439 1060 3514 Stephani,
1074 3449 1102 3496 et
1123 3439 1233 3497 claustri
1247 3439 1352 3498 Sancte
1365 3440 1467 3513 litaniae,
1492 3453 1519 3502 at
1539 3444 1635 3504 clautri
1655 3447 1725 3507 Sau-

72 3538 193 3595 rsdactas
215 3532 266 3591 ieci
290 3529 427 3590 terminari
448 3531 503 3587 boc
528 3529 621 3587 modo.
650 3527 681 3584 lu
704 3527 799 3595 bosco.
823 3527 870 3600 qui
921 3527 1094 3598 atiliusebiiq
1110 3536 1137 3585 et
1154 3527 1245 3586 Sancti
1265 3529 1348 3597 Petri,
1366 3537 1395 3588 at
1416 3532 1509 3591 Sancti
1532 3534 1725 3609 Ammoniaci

72 3629 173 3686 dicitur
187 3623 300 3682 brueria
316 3624 366 3690 (las
381 3619 507 3689 braine)
524 3617 662 3689 Episcopi,
674 3616 774 3674 iaciant
792 3631 868 3673 com·
922 3633 954 3675 ea
968 3632 1029 3690 quas
1042 3618 1166 3674 claustris
1176 3618 1359 3685 conducatur,
1376 3622 1448 3692 iuris
1462 3623 1627 3697 episcopalis
1650 3634 1726 3697 sunt,

74 3716 194 3773 maniter
207 3711 356 3781 episcopus
371 3717 399 3764 at
412 3722 505 3764 comes
524 3705 622 3772 ιιιιιιι,
633 3704 785 3776 iudamque
798 3720 870 3760 oom-
924 3722 974 3764 nec
996 3707 1112 3780 aliquam
1134 3707 1162 3761 in
1181 3708 1221 3764 eis
1239 3723 1367 3766 exercere
1385 3713 1584 3782 potoritcomaa
1605 3722 1729 3789 potesta-

74 3804 194 3863 muuiter
225 3798 377 3856 ouswdient
395 3796 451 3853 :ite
478 3795 554 3866 quod
575 3795 676 3866 sinquli
689 3793 811 3865 singulos
824 3794 870 3849 mi
922 3805 987 3867 tarn,
1005 3810 1055 3851 nec
1068 3811 1118 3867 pro
1131 3794 1223 3869 aliquo
1236 3796 1360 3854 forifacto
1368 3800 1519 3868 cujuslibet·
1535 3794 1654 3862 hominis
1671 3821 1728 3880 ras,

73 3894 177 3953 nistros
201 3890 263 3960 aius
290 3885 423 3944 custodite
441 3884 622 3957 deputabunt,
640 3889 669 3938 et
695 3890 809 3954 umrqua
835 3883 870 3939 ab
920 3899 985 3958 qnae
995 3884 1025 3939 in
1033 3882 1159 3940 claustris
1172 3895 1245 3955 sunt,
1263 3885 1290 3941 in
1305 3891 1538 3951 suam-transierat
1552 3902 1730 3975 poteststem,

75 3982 210 4047 ambobus
220 3976 379 4036 fidelitatem
393 3972 527 4046 excipiam
543 3973 647 4046 erilqua
660 3971 688 4028 iu
703 3981 871 4029 sacramanto
923 3976 953 4032 Si
970 3971 1067 4046 aliquis
1087 3972 1173 4031 lucus
1187 3974 1372 4049 deprenensus
1392 3975 1475 4036 inerit
1495 3980 1524 4036 ιι
1542 3982 1669 4042 claustris
1700 3984 1730 4045 ιι

76 4090 181 4139 eorum,
195 4068 272 4143 quod
286 4065 374 4123 nullus
386 4064 469 4123 huno
491 4061 550 4121 aive
570 4061 669 4119 animal
693 4060 723 4117 ιι
739 4059 800 4117 unia
822 4075 871 4133 per
921 4063 1077 4134 latrocinio,
1091 4077 1153 4121 cum
1168 4079 1222 4122 uua
1240 4079 1402 4138 quecunque
1422 4075 1498 4128 vasta
1517 4084 1566 4127 sua
1580 4087 1631 4145 pro
1647 4074 1731 4145 lusti·

76 4162 250 4227 mundonem
276 4154 408 4228 capiatur.
437 4150 571 4210 Funiiacla
603 4151 672 4208 baim
693 4152 873 4208 communitor
925 4152 1100 4213 tisiacienda
1115 4153 1208 4212 comiti
1228 4154 1368 4213 reddetur.
1395 4155 1477 4216 Extra
1502 4157 1618 4218 claustra
1636 4170 1729 4223 autem

76 4251 277 4330 percipientur:
300 4259 362 4319 quae
382 4245 464 4302 eliam
488 4240 610 4303 loriiaata
638 4240 690 4298 bac
702 4238 808 4299 mliouc
820 4238 871 4296 da·
879 4266 912 4355 n
926 4244 1081 4320 quicunqne
1098 4241 1160 4300 laici
1182 4243 1301 4301 latrones
1318 4245 1482 4319 deprehensi
1499 4247 1647 4311 tundata
1676 4250 1733 4332 ipsq

75 4345 263 4405 terminantur.
279 4337 390 4406 Porcus,
413 4331 594 4400 almisonas,
614 4344 676 4386 cum
697 4328 895 4395 lascivientes:
927 4346 955 4396 et
971 4350 1016 4393 res
1027 4348 1122 4391 eorum
1135 4332 1241 4391 comitis
1257 4342 1331 4403 sunt,
1351 4336 1536 4410 exeeptisillis
1548 4340 1641 4413 rebus,
1665 4359 1728 4419 que

78 4433 186 4507 tugiunt
206 4438 306 4495 murus,
328 4425 352 4480 si
366 4426 440 4481 inea
467 4421 642 4493 deprehensas
671 4418 782 4488 fuerint,
805 4420 874 4479 uibil
927 4427 955 4482 in
972 4423 1095 4482 claustris
1112 4423 1260 4480 nominatis
1282 4423 1461 4496 continentur,
1480 4443 1542 4503 quas
1559 4445 1676 4506 properes
1692 4436 1728 4494 sd

78 4521 275 4583 emendabunt.
309 4515 404 4583 Boves,
424 4527 514 4570 saoce
540 4508 614 4582 equi,
635 4508 715 4576 asini,
739 4524 828 4581 caprae
847 4517 875 4568 ot
927 4515 1084 4589 episcopum
1099 4512 1244 4585 pertinent.

78 4613 176 4673 similia
195 4605 329 4677 animulis,
343 4604 366 4659 si
390 4602 449 4659 siue
469 4599 622 4659 custodain
645 4615 676 4656 eu
689 4601 799 4658 inventa
813 4600 874 4659 iue-
963 4608 990 4665 ιι.
1012 4603 1052 4659 De
1078 4603 1158 4659 terris
1175 4601 1347 4660 censualibus
1378 4602 1551 4664 manilastnm
1573 4612 1625 4680 eal,
1654 4611 1728 4684 quod

79 4708 142 4772 rint,
159 4717 208 4776 pro
226 4694 342 4771 siugulis
366 4690 468 4766 singuli
493 4689 599 4749 denarii
625 4689 824 4762 persolventur.
846 4694 875 4751 Si
928 4709 1066 4769 nunquam
1079 4692 1142 4751 lieet
1164 4691 1256 4751 comiti
1279 4693 1321 4752 nel
1340 4693 1442 4752 bomini
1464 4710 1514 4753 suu
1528 4711 1586 4766 aas,
1605 4713 1667 4774 quas
1693 4702 1728 4760 da

54 4797 55 4800 ’
78 4804 171 4856 custos
188 4788 314 4856 adiuerit,
335 4792 390 4842 tras
401 4781 508 4841 solidos
525 4797 575 4855 pro
589 4796 620 4838 se
633 4781 797 4841 emendabit.
823 4785 876 4842 Pro
929 4784 1013 4843 tundo
1030 4789 1094 4839 sunl
1103 4779 1235 4855 episcopi,
1254 4781 1405 4854 acquirere,
1422 4783 1474 4841 nisi
1494 4802 1541 4856 per
1555 4786 1725 4861 episcopum,

80 4883 231 4960 pecudibus
245 4878 312 4936 nibil
327 4875 460 4948 exigetur.
484 4872 514 4930 Si
539 4875 620 4930 bomo
636 4872 711 4946 liqna
728 4874 877 4932 sardensis
929 4892 980 4933 nec
993 4875 1074 4931 etism
1088 4873 1206 4944 aliquam
1220 4871 1363 4932 decimam.
1384 4874 1504 4932 bannum
1520 4877 1728 4936 coniusobssr·
1775 4937 1783 4944 ,

54 4959 62 4963 ”
81 4990 113 5034 ea
135 4972 258 5028 inventus
281 4968 373 5037 luerit,
397 4964 552 5040 quindecim
581 4961 676 5021 solidis
700 4964 875 5038 emendabit;
930 4961 1354 5033 sabuntlribusdiabusomuss,
1372 4963 1538 5033 tarnatensi,
1559 4968 1724 5039 quamlaici,

81 5060 236 5125 incendium
260 5056 360 5115 iaciens
383 5055 531 5129 sexaginta.
546 5053 641 5127 ltaque
663 5052 793 5126 predicta
808 5053 877 5114 iori-
930 5054 977 5132 qni
991 5052 1019 5109 iu
1037 5051 1161 5109 claustris
1174 5058 1311 5110 morantur
1327 5069 1334 5110 s
1351 5052 1450 5127 quibua
1462 5058 1613 5129 transactis,
1631 5058 1726 5132 libers,

81 5208 211 5341 stilltilisgl
223 5204 263 5262 Ex
276 5203 396 5262 authent.
408 5201 587 5277 Sanctibpri.
601 5200 708 5277 Scripta
716 5200 880 5262 suuocbri-
916 5195 1264 5331 odgilfftffltrnelgituhm
1281 5212 1431 5272 appensum
1449 5207 1507 5258 erat
1529 5200 1661 5280 sigillum,
1679 5204 1729 5266 aed

128 5354 208 5429 ιιὸι)
223 5350 557 5412 ScilicetlnnooentiusIL
783 5374 786 5378 ’
820 5337 823 5341 ’
918 5390 920 5395 ,
970 5342 1165 5426 (statilipist.
1180 5343 1234 5426 ιιι
1256 5343 1321 5427 edit.
1343 5347 1422 5428 luto,
1443 5347 1495 5407 lit
1508 5348 1574 5407 edit.
1588 5351 1730 5424 ιἰιῌιι

70 5462 73 5467 -
132 5431 210 5503 libb)
224 5423 344 5484 Luxovio
356 5433 419 5484 tuuc
428 5424 569 5500 praeiuisse
586 5421 692 5485 uidelur
716 5423 880 5487 locaremus:
935 5417 965 5482 ιι
978 5415 1285 5480 noviomacensem
1302 5432 1375 5483 curta
1388 5417 1494 5481 litumo
1507 5421 1632 5487 teatrum.
1647 5424 1730 5487 Eun.

82 5503 249 5565 monastario
263 5511 355 5561 sutem
370 5496 651 5571 mansuescens,
669 5510 704 5559 ιι
717 5495 885 5559 nunaunt
918 5518 920 5523 ·
