3728 5940
154 208 224 272 lits
627 208 655 270 S.
675 207 841 271 ninnium
857 208 996 271 matois
1012 201 1325 268 mianluiisstlffls
1732 204 1808 264 1120

153 335 378 409 floeeincipuvb
388 336 452 390 istis
467 334 559 391 verbis
574 355 583 390 :
600 352 613 387 r
630 335 763 401 dantum,
773 350 858 406 quem
870 333 1063 390 Cisterciensis
1080 328 1193 388 Ordinis
1206 329 1332 386 ecclesia
1346 333 1464 383 cantare
1475 333 1692 408 consueverunt.
1713 348 1725 381 r
1744 335 1806 388 etc.

157 409 305 467 Tractalus
318 408 416 463 autem
429 405 538 462 abistis
557 424 567 459 .·
586 406 795 461 «Proemonilvs
815 408 910 460 aulem
921 420 979 461 esse
992 404 1131 472 volumus,
1150 422 1161 450 r
1177 403 1231 456 etc.
1246 399 1334 456 Guido
1346 399 1513 454 itari-Loci
1526 414 1558 452 in
1567 397 1677 456 diacesi
1698 401 1805 458 Veson-

154 479 278 537 tioneusi
291 476 384 541 abbas,
399 477 424 530 is
438 479 491 546 est,
502 492 534 533 m
544 478 625 548 cujus
641 475 941 549 pratiamllernardus
951 475 1065 545 scripsit
1078 471 1225 546 epistolam
1234 470 1416 528 centesimam
1425 469 1805 542 nonapesimamseplimum

153 552 183 606 cl
196 551 267 606 duas
280 549 437 621 sequentes.
448 546 487 602 Ne
496 547 571 603 bunc
584 562 641 605 esse
654 547 892 603 islius'lructatus
904 549 1049 603 auctorem
1062 545 1177 601 omnino
1190 557 1355 614 persuasum
1370 541 1496 623 babeam,
1510 543 1602 596 movet
1616 541 1689 668 §uod
1700 550 1805 625 auctor

153 619 204 677 sub
220 620 332 688 lirum«
349 633 410 674 com
430 617 595 674 rovincicles
613 618 912 691 »appellatecclesias
929 619 1100 680 tremensem,
1112 616 1318 678 belvacensem
1333 612 1560 677 Ambianensem
1575 615 1602 666 et
1637 629 1805 671 uessrcnen-

151 706 221 748 sem.
235 635 836 761 DeindepuodpmemoransAntipbimarium
852 689 1059 751 Suessicnense‚
1071 685 1198 750 subdit«
1223 684 1368 765 ucd'puasi
1377 683 1413 764 ad
1422 681 1643 755 januambabes.
1662 703 1675 734 v
1694 688 1738 741 Ea
1748 705 1804 759 quo

151 760 338 819 verisimilius
351 759 472 823 videtur,
483 761 709 817 auclorembunc
717 762 808 830 fuisse
822 760 995 816 monaulum
1003 762 1055 813 cut
1064 756 1191 812 abbatem
1238 772 1286 826 npr
1298 757 1397 813 Pontes
1413 754 1489 809 baud
1500 755 1579 824 loupe
1589 752 1623 808 ab
1633 755 1703 811 urbe
1715 757 1803 815 Sues·

153 832 270 888 monna.
284 831 390 887 Forsan
404 831 428 885 is
444 830 509 886 libri
518 836 619 886 auctor
647 832 721 886 uerit
734 847 801 888 cum
812 831 934 887 Guidone
947 828 1111 887 cbariLoci
1124 827 1221 884 abbate
1236 843 1245 892 ;
1263 842 1330 880 nom
1344 825 1511 896 pluresbuic
1526 840 1541 880 o
1560 827 1603 880 eri
1611 825 1803 885 subsidiarios

151 901 281 959 adhibuit
289 901 459 957 Bernartius.
470 901 513 956 An
529 901 616 958 Gerar
635 918 670 958 us
679 901 762 958 abbas
776 902 988 974 bonai-Pontis,
1001 900 1137 982 laudatus
1151 900 1182 954 in
1203 897 1271 979 libro
1286 898 1403 968 septimo
1417 896 1449 952 de
1466 897 1525 953 lita
1539 842 1689 965 gumarii,
1705 901 1803 972 cupite

153 973 312 1029 undecima.
329 973 371 1028 An
385 975 461 1043 sorte
474 972 549 1028 alius
566 972 652 1029 Guidc
673 977 737 1029 tum
751 973 832 1028 abbas
841 977 905 1028 erat
920 972 1176 1042 chari-lociprope
1188 969 1403 1026 Silvanectum?

188 1048 215 1099 2.
232 1043 371 1100 Didilunt
384 1042 530 1107 nonnulli,
544 1060 616 1099 num
633 1059 731 1101 revera
745 1048 887 1101 tractatus
898 1046 953 1099 iste
967 1044 1024 1098 scri
1045 1045 1092 1098 tus
1107 1043 1146 1097 sit
1159 1039 1428 1105 viventebernardo,
1438 1043 1590 1120 propterea
1597 1040 1669 1111 quod
1683 1056 1722 1096 eu
1735 1047 1802 1126 qui-

152 1114 269 1172 busdam
301 1115 383 1171 rimis
397 1115 523 1186 epistole
537 1117 566 1170 et
582 1117 724 1172 tractatus
746 1115 833 1173 verbis
847 1115 1001 1184 callipitur,
1016 1059 1065 1169 ἕω
1077 1116 1140 1186 post
1154 1111 1272 1168 exordia
1288 1111 1478 1191 cislerciensis
1491 1109 1602 1167 Ordcrm
1618 1110 1677 1167 bac
1688 1118 1801 1185 scripta

152 1186 251 1257 fuisse.
289 1200 369 1242 erum
383 1182 521 1256 ejusmodi
536 1188 677 1242 tractatus
691 1201 782 1259 nuper
790 1190 952 1259 compactus
960 1184 1124 1240 servabatur
1136 1183 1168 1239 in
1182 1181 1340 1253 exemplari
1354 1180 1518 1246 bibliorum,
1534 1181 1606 1253 quod
1613 1199 1663 1254 per
1679 1184 1802 1256 Stepha-

152 1273 223 1312 num
239 1257 367 1313 cistercii
382 1255 506 1312 abbatem
521 1259 640 1312 tertium
655 1257 834 1313 emendatum
847 1261 899 1320 est.
915 1255 951 1312 ud
963 1257 1045 1338 cujus
1059 1269 1191 1312 normam
1201 1253 1298 1309 omnia
1316 1251 1441 1335 ejusdem
1462 1251 1575 1333 Ordinis
1589 1253 1680 1334 Siblia
1694 1257 1801 1328 corripi

151 1330 421 1455 induli:
431 1325 1549 1472 liliiillibitilloitillllllllltdtlllillltlllll?
1559 1323 1800 1455 ..θίΐέῒῖθὲἑὲέέ

169 1469 236 1534 luri,
251 1467 444 1539 sedposleaab
458 1481 489 1522 eo
498 1470 637 1536 avulsum,
652 1474 684 1525 ul
697 1439 744 1542 e'po
754 1471 813 1539 ipse
826 1437 963 1526 en’indicc
976 1471 1187 1536 contentorum,
1199 1469 1227 1523 el
1241 1482 1277 1522 ecc
1288 1481 1376 1522 vacuo
1385 1467 1476 1536 spatio
1487 1464 1665 1536 deprehendi.
1676 1469 1712 1523 Et
1721 1475 1800 1527 cerie

150 1485 563 1668 insanamve
579 1538 692 1667 uin
706 1539 1135 1667 ‘susurremus
1149 1536 1478 1664 ‘salutandi
1488 1536 1751 1666 vernulo
1765 1543 1800 1611 t

152 1686 223 1738 tunc
238 1680 396 1738 rumdam
409 1698 419 1735 :
431 1626 529 1753 '1³de
538 1627 873 1807 tregrurr'mismtzmgreo'blibus
886 1625 1168 1761 iffecgrlipendvmes52
1174 1681 1248 1735 Etin
1259 1625 1796 1761 libroinstitutorumpdrsterciensiu’m:

151 1768 214 1825 auce
227 1768 304 1808 anno
320 1752 389 1806 1134
402 1767 420 1805 c
434 1752 575 1808 Ruinardo
588 1752 718 1809 cistercii
732 1770 749 1808 a
767 1752 827 1810 bule
840 1753 961 1811 collecta
974 1752 1140 1820 creduntur,
1157 1754 1234 1806 inter
1249 1763 1293 1805 eos
1308 1749 1401 1816 libros,
1417 1764 1464 1821 qui
1474 1750 1593 1805 novellis
1607 1756 1794 1809 monasteriis

151 1823 870 1952 lilitilli‘blllltltbilltlllill
878 1819 1797 1962 llllwilliill‘bllttsillililli‘tilii

152 1980 202 2035 per
211 1964 288 2020 edita
299 1963 333 2018 ub
347 1963 459 2020 erudito
470 1935 584 2021 baluzio
598 1967 631 2020 in
646 1969 720 2022 tomo
734 1964 836 2039 ¹quarto
851 1912 1103 2028 Miscellanegrum,
1116 1965 1164 2020 ubi
1179 1963 1237 2020 buc
1260 1964 1340 2018 verba
1352 1934 1485 2042 lepic’nlur
1498 1963 1529 2017 in
1543 1962 1609 2019 libri
1622 1910 1739 2022 seqvunar'·
1754 1983 1797 2021 ca-

149 2035 212 2106 pite
226 2033 453 2090 decimotertio:
471 2054 482 2083 ι
501 2035 553 2090 Sed
562 2037 718 2103 sciendum,
735 2037 805 2108 quod
826 2036 900 2102 libri,
918 2037 1015 2109 quibus
1029 2037 1120 2107 prima
1143 2035 1336 2090 cistercienses
1351 2033 1382 2088 in
1410 2033 1514 2089 divinis
1538 2035 1639 2103 officiis
1654 2037 1702 2092 usi
1711 2041 1794 2105 sunl,

151 2103 231 2160 valde
245 2106 373 2176 corrupti
387 2120 420 2159 ac
436 2105 529 2160 vitiosi
541 2105 672 2175 fuerunt,
689 2111 811 2179 eiusque
824 2108 860 2163 ad
877 2113 1002 2180 tempora
1016 2105 1258 2162 sancliBernardi
1271 2106 1311 2159 sic
1324 2108 1557 2175 permanserunt.
1573 2106 1645 2163 Tunc
1661 2107 1739 2162 enim
1754 2108 1799 2162 ab·

152 2175 253 2231 bulum
267 2176 412 2233 communi
425 2176 543 2241 decreto,
559 2176 593 2230 ab
607 2177 701 2233 eodem
714 2183 813 2234 sancto
828 2179 925 2233 abbate
939 2180 1055 2250 ejusque
1069 2176 1231 2233 cantoribus
1247 2180 1316 2230 sunt
1330 2176 1448 2232 correcti
1462 2178 1490 2230 et
1504 2176 1658 2243 emendati,
1670 2182 1699 2233 el
1720 2181 1799 2234 sicut

152 2247 232 2305 modo
247 2246 386 2303 habentur
399 2245 536 2319 dispositi.
552 2267 563 2296 ι
581 2247 658 2304 Nibil
679 2249 853 2305 luculentius
867 2250 917 2307 boc
927 2250 1088 2305 testimonia
1102 2247 1207 2317 afferri
1215 2249 1318 2318 polest.

187 2319 215 2372 3.
230 2317 263 2372 ln
279 2317 318 2373 Su
336 2316 478 2387 plemenlc
492 2319 623 2385 Patrem,
639 2317 710 2390 cuod
722 2321 753 2374 li.
766 2321 797 2374 P.
813 2319 930 2376 lacobus
945 2317 1338 2391 iivrnmepusdupvstiniunus
1353 2332 1428 2372 anno
1444 2318 1514 2371 libi
1529 2317 1647 2374 Parisiis
1656 2320 1798 2389 vulpavil,

154 2386 246 2445 libello
260 2386 294 2444 de
313 2334 431 2444 Ratione
444 2387 583 2444 cantandi
593 2389 832 2460 Antipbonarium
847 2390 1031 2462 subjuncitur
1047 2392 1189 2446 tractatus
1203 2387 1237 2443 de
1254 2391 1370 2443 Ratione
1384 2387 1525 2444 cantandi
1538 2388 1658 2444 Gradale
1669 2408 1678 2443 :
1691 2391 1725 2444 de
1741 2408 1799 2462 qua

152 2474 217 2514 cum
231 2460 316 2515 nullu
330 2459 545 2528 parmensium
560 2460 697 2517 bernardi
707 2462 834 2533 epistola,
845 2462 893 2517 sed
908 2465 1022 2518 tantvm
1031 2460 1065 2515 de
1077 2459 1294 2531 Antiphonem,
1310 2457 1496 2514 undernardc
1504 2460 1595 2529 ejusve
1604 2459 1652 2513 bac
1665 2461 1698 2513 in
1713 2477 1801 2532 opere

151 2530 234 2587 sociis
249 2529 337 2585 tribui
347 2529 453 2592 debeat,
468 2531 568 2587 merito
584 2530 714 2587 dubitare
725 2532 789 2589 licet
799 2551 808 2597 ‚·
819 2533 912 2591 mulla
921 2533 1012 2603 mapis
1026 2530 1059 2586 de
1082 2532 1192 2587 coeteris
1210 2531 1285 2601 apud
1300 2531 1714 2602 Hammepum,qucellerr1ardi
1735 2548 1800 2587 esse

152 2615 208 2656 non
223 2603 370 2673 putamus.
381 2600 431 2655 liic
441 2600 616 2671 subjicienda
624 2607 666 2658 est
674 2600 829 2659 admonitio
838 2604 963 2677 piissimi
979 2602 1121 2675 quondam
1135 2602 1191 2659 viri
1203 2602 1321 2657 loannis
1338 2604 1424 2664 Bona,
1435 2600 1468 2656 de
1483 2600 1530 2656 buc
1553 2603 1685 2672 opusculo
1694 2601 1732 2654 ad
1749 2619 1800 2657 me

153 2672 332 2734 transmissa,
348 2687 410 2744 qum
423 2674 463 2728 sic
478 2671 559 2726 babet
578 2676 610 2726 ut
626 2673 764 2746 sequitur.

153 2811 163 2867 l
187 2738 276 2867 ξω
292 2764 311 2866 «l
324 2744 352 2867 [Ξ.
364 2742 484 2798 loannes
499 2742 585 2806 Bous,
597 2745 819 2815 cmprcputivnis
835 2746 996 2815 reformata
1012 2744 1040 2801 S.
1056 2743 1203 2808 bernardi,
1215 2741 1322 2798 ordinis
1334 2743 1537 2807 cislerciensis,
1552 2739 1633 2798 abbas
1647 2745 1802 2810 pecoralis,

164 2828 195 2870 ec
210 2829 254 2868 cre
268 2829 300 2868 su
313 2828 332 2867 u
346 2827 400 2869 em.

192 2882 253 2938 «ln
272 2882 374 2939 celebri
392 2885 564 2940 manasterio
579 2885 679 2941 Sancti
693 2885 849 2942 salvatoris
868 2886 901 2943 de
920 2889 1015 2941 monte
1031 2887 1142 2942 Amiatv
1160 2885 1272 2940 Ordinis
1284 2883 1477 2942 Cisterciensis
1493 2884 1526 2939 in
1539 2883 1651 2939 diaecesi
1665 2883 1799 2946 Senensi.

152 2958 248 3011 cmlvi
259 2954 383 3035 ejusdem
405 2952 515 3011 Ordinis
533 2959 613 3011 uetus
623 2955 871 3027 antiphonarium,
887 2954 962 3029 quod
974 2973 1097 3013 secume
1109 2957 1240 3013 cistercio
1253 2954 1386 3012 monacbi
1399 2956 1573 3020 detonuerit,
1589 2971 1655 3010 cum
1668 2955 1799 3027 primum

154 3025 348 3081 cisterciensis
362 3027 534 3096 deformatio
549 3027 580 3081 in
594 3027 669 3082 illud
687 3027 846 3083 cenobium
859 3028 1026 3085 introducta
1039 3028 1098 3097 suit
1115 3044 1132 3081 a
1159 3027 1312 3084 Venerabili
1323 3028 1461 3099 Rapncrro
1475 3025 1574 3083 abbate
1585 3040 1661 3080 anno
1683 3027 1799 3082 Domini

153 3097 233 3151 12³1.
248 3097 319 3151 liuic
336 3096 542 3167 Antipbcnariv
555 3098 693 3167 praefixus
707 3102 749 3154 est
764 3097 809 3154 bic
829 3102 980 3163 tractatus,
996 3099 1028 3152 D.
1045 3098 1186 3154 bernardo
1212 3098 1440 3155 Clara-Vallensi
1454 3098 1548 3154 abbati
1572 3098 1726 3167 ascriptus.
1744 3098 1796 3153 Nec

151 3166 249 3224 dubito
258 3168 325 3238 quin
335 3168 393 3224 alia
403 3168 463 3238 ejus
476 3168 686 3240 exemplariain
700 3169 766 3225 aliis
776 3169 893 3227 abbatiis
907 3170 1018 3225 Ordinis
1029 3164 1220 3240 rdperiantur.
1239 3170 1356 3225 Carolus
1371 3169 1405 3223 de
1421 3168 1496 3226 Viscb
1505 3170 1537 3222 in
1552 3167 1725 3224 Bibliotheca
1738 3169 1798 3224 Cis-

153 3239 286 3295 lcrciensi
299 3240 387 3294 unius
400 3239 533 3294 meminit
546 3239 589 3294 bis
604 3239 693 3295 verbis
712 3258 721 3294 :
737 3263 750 3290 ι
765 3240 800 3295 In
815 3241 989 3297 monasterio
1003 3241 1142 3296 laudensi
1154 3241 1186 3295 in
1201 3240 1352 3295 Flanderia
1366 3244 1498 3295 servatur
1509 3239 1635 3309 ejusdem
1653 3257 1663 3287 r
1686 3239 1715 3294 S.
1734 3241 1798 3295 iler-

152 3309 237 3363 nurdi
254 3330 265 3357 ι
283 3309 408 3379 Epistola
422 3309 456 3365 de
470 3312 581 3366 ratione
596 3328 608 3362 s
627 3310 734 3366 (lautus
745 3311 871 3368 nondum
882 3312 1059 3382 edita‚cujus
1073 3312 1189 3367 initium
1205 3315 1248 3368 est
1264 3327 1271 3362 ε
1287 3310 1447 3380 Bernardus
1461 3309 1579 3366 bumilis
1589 3309 1672 3365 abbas
1686 3310 1795 3365 Clara·

157 3378 267 3434 Vallis.»
283 3380 449 3435 Passerinus
457 3379 672 3450 inpliibliotbeca
680 3381 869 3445 selecta,librc
883 3383 990 3439 decimo
1000 3382 1210 3455 quinlvmapite
1222 3384 1301 3438 sento
1310 3384 1421 3438 tuteris
1434 3381 1622 3453 scriptoribus
1638 3381 1687 3452 qui
1695 3379 1728 3433 de
1740 3379 1799 3434 blu-

151 3449 410 3576 sicbalgcripserulnt
420 3450 454 3575 ἅδε
470 3450 647 3506 Bernurdum
668 3457 865 3508 connumerat.
878 3453 1002 3523 Anpelus
1017 3453 1233 3523 Picipilvnensis
1248 3451 1379 3536 Minorila
1394 3451 1481 3535 edidit
1502 3452 1623 3507 Venetiis
1637 3467 1715 3508 anno
1730 3452 1800 3505 1557

90 3632 97 3652 .
151 3534 427 3673 malain
441 3522 1801 3675 „erluinitricenniaiivsnvmnnivsisinninm

152 3661 309 3718 molliorem
322 3677 420 3718 sonam
435 3661 640 3744 fiemecpedrl:
656 3666 684 3719 Β.
702 3664 786 3721 molle
802 3685 814 3716 α
832 3665 998 3738 quandoque
1025 3670 1155 3736 ponitur,
1178 3668 1283 3735 furtim
1298 3669 1442 3729 tamenne
1456 3669 1560 3720 cantus
1574 3663 1802 3720 similitudinem

151 3732 274 3790 ulterius
289 3733 350 3789 toni
364 3749 505 3790 assumere
518 3734 658 3790 vedeatur.
676 3755 688 3785 r
705 3735 801 3804 Capite
814 3737 886 3793 item
918 3737 1113 3810 uudrapesimo
1123 3741 1214 3799 sento,
1230 3736 1263 3792 de
1279 3738 1480 3792 terminatione
1491 3739 1625 3791 tonorum
1639 3753 1648 3788 :
1663 3736 1802 3790 Doctissi·

150 3818 215 3884 mus
222 3806 282 3859 lam
293 3803 325 3858 in
334 3803 536 3885 divinis,quam
546 3805 578 3860 in
593 3805 726 3862 numanis
735 3809 863 3866 scientiis
870 3754 1063 3864 Sssernardus
1075 3807 1125 3861 bas
1142 3808 1253 3861 litteras
1262 3807 1392 3863 describit
1405 3809 1494 3863 insua
1500 3805 1567 3862 bene
1570 3805 1734 3878 ponderata
1745 3806 1805 3861 blu-

150 3873 509 4002 {subdititii
522 3875 679 4004 llllllt
688 3878 1041 4006 iisli‘lllltlll
1050 3878 1269 4006 titilllls
1280 3876 1805 4004 ’dtllllltitlllldllil

151 4018 316 4073 nonminus
332 4033 514 4088 veruqucm
532 4018 629 4075 doctru
646 4021 673 4076 S.
691 4019 852 4076 bernardus
867 4023 899 4075 in
913 3991 981 4078 bene
993 3993 1168 4079 considerato
1183 4021 1296 4092 prclvpc
1313 4035 1372 4075 suoe
1407 3990 1502 4082 usicoe’,
1513 3964 1661 4091 assignans
1678 4023 1737 4076 tres
1752 4036 1804 4092 pc·

152 4088 294 4144 tissimum
313 4088 437 4143 rationes
454 4088 604 4145 :videlicet
617 4091 747 4163 psalterii
761 4092 976 4160 auctoritatem,
996 4092 1144 4161 dlpnilatis
1159 4092 1363 4162 aequalitatem.
1380 4094 1409 4146 et
1420 4089 1543 4148 notandi
1556 4091 1775 4146 necessitatem.
1792 4110 1805 4139 ι

154 4156 220 4228 ove
232 4159 329 4215 crnniu
342 4174 407 4213 cum
420 4160 710 4230 prucisebabeantur
724 4163 755 4216 in
770 4162 819 4217 bac
836 4167 976 4227 tractatu,
993 4163 1059 4218 binc
1077 4164 1147 4216 salis
1167 4162 1311 4217 evidenter
1326 4161 1489 4229 deducitur,
1505 4163 1566 4232 ejvs
1581 4164 1732 4216 auctorem
1744 4175 1807 4218 esse

151 4229 400 4286 numerianum
414 4229 499 4285 stilus
509 4235 685 4303 rumpatur,
694 4238 835 4305 quantum
844 4235 954 4305 proprii
968 4234 1081 4289 llusicae
1092 4234 1209 4289 termini
1214 4234 1381 4305 patiuntur.
1399 4233 1463 4287 Voce
1473 4231 1591 4287 barbara
1601 4231 1732 4288 liuneria
1747 4233 1808 4288 siue

152 4298 297 4365 Haueries,
313 4316 376 4374 quie
390 4301 435 4356 bic
449 4315 521 4374 supe
534 4303 685 4374 repetitur,
701 4309 826 4361 utuntur
840 4307 946 4376 passim
962 4306 1067 4361 Musici.
1084 4304 1233 4375 Reperilur
1246 4305 1333 4359 etiam
1347 4305 1379 4359 in
1395 4302 1488 4359 libello
1503 4301 1537 4357 de
1553 4302 1658 4358 llusica
1674 4311 1809 4373 pralvev,

46 4412 49 4416 .
150 4368 228 4441 apud
243 4371 345 4428 Bedrvm
361 4389 369 4425 .·
385 4386 452 4426 nam
468 4371 546 4457 Beda
555 4389 706 4456 perperam
722 4376 881 4448 ascriptum
896 4392 952 4432 esse
967 4378 1102 4432 evincunt
1117 4378 1193 4430 notoe
1206 4375 1508 4440 musicales‚lrecentis
1517 4374 1674 4446 fercannis
1689 4389 1721 4432 eo
1742 4391 1810 4447 pos-

152 4443 276 4508 teriores,
294 4445 323 4498 et
337 4443 430 4497 multa
445 4458 506 4514 quoe
519 4442 558 4499 tbi
572 4448 644 4500 suut
656 4447 812 4503 adverbum
825 4451 941 4518 accepta
956 4445 1160 4504 eaDvclrinnii
1174 4449 1201 4501 et
1212 4446 1321 4502 Microlc
1340 4462 1355 4500 o
1372 4446 1503 4502 iuidonis
1519 4444 1639 4500 Arelini.
1657 4446 1721 4516 lpse
1739 4462 1810 4517 quc-

151 4527 205 4585 pue
217 4514 379 4569 bernardus
388 4528 420 4569 ea
434 4529 497 4570 uoce
509 4530 579 4572 usus
589 4520 632 4572 est
646 4517 765 4588 epistola
780 4518 1058 4600 quadrinpentesima
1072 4515 1243 4581 secundani
1258 4518 1307 4571 Bal
1328 4518 1439 4573 uinum.
1452 4517 1495 4571 Ec
1511 4515 1554 4572 bis
1567 4521 1666 4571 cutem
1681 4522 1811 4589 apparet

151 4584 366 4656 quamscllicltc
379 4587 545 4641 curaverint
557 4588 678 4657 majores
697 4591 800 4652 nostri,
820 4592 853 4643 ut
867 4589 898 4642 in
917 4588 1020 4646 divinis
1038 4589 1141 4659 officiis
1160 4589 1239 4643 omni
1256 4591 1366 4644 remota
1384 4587 1548 4643 indecentia
1562 4588 1591 4641 el
1605 4588 1754 4653 novitate,
1767 4605 1812 4644 ec·

151 4654 311 4712 clesiastica
325 4657 448 4729 pravitas
457 4659 486 4711 el
498 4659 632 4728 majestas
641 4661 701 4713 tum
713 4661 743 4714 in
758 4662 943 4731 cantu‚quam
953 4661 984 4717 in
994 4661 1082 4717 uerbis
1096 4660 1444 4716 conser·vvrelur.rnimvs
1458 4662 1521 4715 erat
1536 4657 1715 4715 uberioribus
1732 4661 1814 4715 nolis

152 4724 227 4782 bunc
243 4729 401 4784 tractatum
415 4727 564 4808 illustrare
579 4743 588 4779 .·
604 4728 650 4786 sed
660 4744 690 4784 rc
700 4732 842 4787 maturius
849 4732 994 4804 'perpenso
1004 4733 1038 4787 ab
1053 4731 1096 4787 bis
1110 4730 1223 4786 obtinui
1238 4748 1246 4784 :
1263 4747 1331 4784 nam
1347 4731 1459 4786 Musica
1473 4729 1633 4801 disciplinae
1643 4732 1758 4800 peritis
1769 4748 1816 4786 su·

149 4797 288 4925 {carpum
305 4799 310 4810 ’
366 4800 408 4853 ris
418 4799 536 4856 mutiles
549 4801 654 4870 forent.
668 4801 730 4861 Vide
742 4802 859 4857 inierim
873 4818 938 4874 quie
948 4803 981 4861 de
991 4808 1079 4861 cantu
1096 4801 1297 4866 ecclesiastico,
1312 4805 1340 4857 el
1354 4800 1388 4858 de
1399 4803 1472 4860 tonis
1482 4801 1587 4858 dissero
1597 4801 1630 4855 in
1646 4815 1715 4857 mea
1723 4803 1816 4859 Psal-

179 4870 236 4926 nlis
249 4870 303 4926 Ecc
332 4871 383 4927 sia
391 4871 556 4940 Harmonia,
566 4886 629 4937 cap.
645 4871 714 4945 im
728 4875 744 4928 3
759 4876 790 4932 et
800 4875 827 4931 l.
