3728 5940
92 195 138 278 aa
731 210 910 278 uterino
918 216 1116 282 mantus.
1719 217 1756 281 ss

138 338 267 399 LXXXl.
283 339 427 412 Passagios
440 348 468 395 at
482 337 651 395 lrualdistus
673 339 794 397 catharis
812 342 937 418 adjungit
960 347 1150 403 Bnnmnrsus:
1165 360 1280 418 quorum
1300 343 1340 400 iili
1353 342 1476 399 Μοεείεε
1495 344 1564 418 legia
1578 342 1645 399 ritus
1658 358 1754 400 omues

100 431 288 487 observandos
311 444 371 484 esse
394 427 529 494 dicebaut,
553 426 653 484 Filiiet
666 428 783 500 Spiritus
807 432 891 489 saneti
913 435 1096 506 equalitatem
1120 441 1260 506 negantes,
1280 440 1307 488 et
1325 431 1452 489 lieclesiae
1474 432 1606 488 uniuersae
1628 433 1755 489 doctores

100 534 209 586 omnes,
224 520 411 590 Romanaque
424 516 556 588 imprimis
569 517 753 574 auctoritatem
769 519 929 590 abjicientes
944 543 950 579 :
966 524 995 579 bi
1009 539 1083 588 uero,
1099 523 1125 578 iti
1140 530 1181 577 est
1195 522 1368 590 Arnaidistae,
1387 543 1398 571 s
1416 535 1465 592 pro
1480 521 1581 577 malitia
1595 522 1754 579 clericorum

99 617 270 664 mammenus
284 604 414 663 Ecclesiae
428 620 489 660 esse
504 604 612 662 rimnda
629 627 640 657 x
658 608 813 664 censebant.

137 696 280 752 LXXXII.
295 695 332 751 lta
346 694 432 750 dictos
446 692 572 750 existimo
585 695 619 749 ab
633 694 753 751 hunaldo
772 696 819 754 iiio
834 699 949 755 iactioso
962 699 1081 764 homine,
1096 697 1142 772 qui
1161 698 1251 769 specie
1264 696 1398 753 libertatis
1412 712 1444 752 ac
1462 697 1619 768 reipublicae
1635 698 1664 752 iu
1679 698 1754 755 Urbe

100 784 292 850 restituendae,
308 783 397 838 omnia
412 781 532 853 pontifici
549 783 703 854 temporalia
720 786 782 856 iura
794 788 918 855 abrogari
933 788 1052 852 volebat,
1068 788 1126 844 sola
1140 802 1279 842 sacrorum
1294 793 1426 858 potestate
1440 801 1501 840 cnm
1516 786 1626 840 decimis
1640 794 1666 840 et
1680 788 1755 842 obla·

99 872 224 929 tionibus
244 872 294 942 ipsi
308 870 412 927 relicta.
429 870 456 925 ls
467 886 501 926 ex
515 870 598 926 italiae
612 871 720 928 civitate
734 873 822 929 lirixia
835 876 975 941 oriundus,
992 876 1170 946 ejusdemque
1185 875 1314 931 Ecclesiae
1332 873 1447 930 clericus
1461 875 1566 929 Petrum
1583 874 1753 931 hbaetardum

99 969 299 1032 praeceptorem
314 960 455 1026 habuerat,
471 958 664 1033 singularitatis
678 972 790 1031 amator,
807 971 920 1020 testante
934 963 1033 1020 Ottoue
1047 964 1223 1031 Frisingeusi,
1239 963 1365 1018 novitatis
1383 961 1508 1032 cupidus,
1528 963 1575 1034 qui
1590 963 1754 1019 aGatiiesno

100 1049 197 1105 studio
212 1051 243 1104 iu
255 1047 355 1103 ltaliam
375 1062 507 1118 reversus,
528 1046 684 1120 religiosum
709 1050 841 1117 habitum,
857 1066 912 1123 quo
931 1053 1028 1107 meiius
1046 1052 1169 1109 incautos
1192 1051 1337 1120 deciperet,
1356 1050 1453 1117 induit,
1469 1051 1664 1105 monachorum
1684 1049 1754 1106 nihi·

97 1137 224 1194 lominus
242 1152 314 1205 osor,
330 1145 357 1192 et
371 1137 488 1191 maxime
510 1136 689 1206 clericorum;
708 1139 756 1193 sed
777 1136 906 1196 laicorum
929 1142 1062 1198 adulator.
1081 1141 1222 1197 «Dicebat
1242 1139 1325 1212 euim,
1346 1155 1394 1196 nec
1407 1138 1520 1195 ciericos
1544 1141 1753 1209 proprietatem,

99 1241 151 1283 uec
177 1227 322 1296 episcopos
345 1224 456 1295 regalia,
481 1239 532 1280 nec
555 1225 699 1281 monachos
722 1228 910 1297 possessiones
932 1229 1072 1296 babentes,
1089 1230 1180 1303 aliqua
1201 1228 1306 1284 ratione
1330 1226 1428 1284 saivari
1456 1243 1556 1298 posse:
1581 1235 1676 1284 cuneta
1696 1228 1756 1285 baec

99 1313 236 1386 principis
249 1328 321 1369 εεεε.
338 1314 439 1369 Praeter
452 1313 511 1370 haec
525 1312 560 1369 de
573 1323 743 1372 sacramento
756 1316 856 1383 altaris,
872 1319 906 1374 de
922 1317 1056 1390 baptismo
1071 1318 1242 1389 paruulorum
1259 1333 1312 1372 non
1325 1333 1390 1373 sane
1405 1316 1502 1373 dicitur
1520 1317 1640 1372 sensisse
1653 1317 1722 1387 (tu).
1739 1336 1753 1369 s

100 1404 193 1472 Atque
206 1401 276 1457 adeo
297 1400 565 1457 Petrobrusianorum
579 1410 605 1456 et
620 1403 842 1459 ilenriciauorum
862 1406 1002 1462 erroribus
1023 1406 1144 1462 astrictus
1160 1415 1226 1462 erat.
1248 1405 1421 1462 Innocentius
1437 1407 1459 1460 li
1473 1405 1610 1460 hominem
1630 1421 1663 1460 ex
1682 1405 1756 1461 italia

100 1488 217 1561 ingerit,
233 1497 261 1544 et
274 1488 409 1561 'inregum
424 1490 495 1560 apud
510 1489 636 1546 ilelvetos
655 1492 781 1549 secedere
801 1494 942 1564 compulit.
963 1496 1109 1567 Comperta
1127 1503 1212 1551 morte
1235 1494 1394 1561 iunocentii,
1412 1494 1483 1549 circa
1502 1493 1633 1565 principia
1647 1492 1756 1565 pontiti-

99 1584 178 1633 catus
199 1577 318 1650 Eugenii
342 1578 456 1634 Romam
480 1577 627 1650 ingressus,
648 1595 710 1634 cum
725 1596 784 1636 eam
800 1582 826 1636 in
842 1581 996 1652 pontificem
1015 1594 1176 1639 commotam
1200 1583 1322 1649 vidisset,
1347 1583 1487 1639 seditionis
1510 1583 1600 1655 ignem
1618 1581 1753 1641 excitavit.

99 1665 153 1721 iles
177 1680 246 1721 sero
259 1680 293 1722 eo
317 1666 423 1721 taudem
445 1681 589 1741 progressa
613 1676 663 1734 εει,
689 1677 718 1724 ut
740 1670 889 1725 cardinales
908 1672 978 1728 male
1000 1672 1094 1743 hahiti,
1118 1688 1181 1744 pars
1203 1672 1282 1729 etiam
1306 1671 1430 1737 sanciati;
1455 1672 1513 1742 ipse
1531 1671 1668 1742 Eugenius
1683 1670 1755 1727 Urbe

98 1753 197 1825 pulsus
220 1755 265 1811 sit.
291 1754 428 1811 Pontiiicis
451 1771 562 1811 cansam
587 1757 710 1812 tuendam
740 1759 861 1830 suscepit
882 1759 1045 1825 Bernartius,
1069 1760 1231 1832 scripsitque
1255 1760 1392 1831 egregiam
1411 1760 1461 1816 bac
1475 1760 1509 1813 de
1524 1775 1552 1814 re
1566 1757 1706 1830 epistolam
1720 1759 1753 1813 ad

100 1843 250 1909 Romanos,
274 1858 336 1915 quta
350 1851 392 1899 est
406 1844 590 1900 ducentesima
610 1846 818 1917 quadragesima
838 1851 965 1907 secunda.
981 1849 1013 1904 Ei
1028 1848 1150 1906 succedit
1169 1849 1221 1904 alia
1240 1850 1362 1919 ejusdem
1383 1849 1538 1920 argumenti
1552 1848 1587 1902 ad
1602 1847 1754 1903 conradum

98 1947 195 2003 regem
216 1932 415 2001 Romanorum,
429 1948 510 2004 qoem
531 1933 626 1991 litteris
644 1936 711 1999 suis,
727 1936 762 1991 ab
776 1935 875 1992 Ottnue
890 1935 990 1996 relatis.
1012 1938 1128 1994 Romani
1141 1938 1174 1992 ad
1188 1953 1251 1994 suas
1271 1944 1363 2010 partes
1379 1938 1535 2006 pertrahere
1554 1935 1652 1991 frustra
1670 1934 1755 1992 moliti

99 2028 165 2076 suut
179 2018 250 2092 (ts).
265 2020 312 2076 Sic
325 2021 392 2076 nulii
414 2020 542 2078 Ecclesiae
565 2022 684 2094 negotio,
707 2022 774 2078 nulii
795 2025 947 2081 necessitati
969 2025 1063 2082 decrat
1086 2026 1127 2082 rir
1150 2032 1267 2093 sanctus,
1287 2028 1333 2098 qui
1351 2025 1384 2079 ad
1404 2039 1573 2081 communem
1597 2024 1755 2096 reipublice

99 2108 267 2165 Christiana
292 2108 435 2167 utilitatem
464 2118 543 2166 natus
570 2120 636 2165 erat.
656 2110 698 2165 hd
717 2121 866 2168 extremum
895 2112 1031 2170 arnaldus
1059 2115 1280 2184 comprehensus,
1302 2120 1384 2186 atque
1404 2130 1420 2169 a
1438 2112 1567 2185 praeiecto
1597 2112 1686 2179 Urbis,
1711 2110 1755 2169 cui

99 2205 244 2268 tantopere
258 2205 413 2254 assentatus
425 2197 521 2265 iuerat,
535 2199 608 2271 liguo
623 2199 733 2255 adactus
747 2209 798 2266 est,
814 2202 941 2257 cadavere
956 2203 983 2257 in
997 2201 1103 2259 favillas
1117 2203 1238 2270 redacto,
1257 2223 1271 2255 t
1287 2219 1321 2259 ue
1335 2218 1352 2257 a
1365 2202 1463 2258 stolida
1476 2201 1557 2274 plebe
1570 2216 1669 2272 corpus
1683 2203 1753 2273 ejus,

99 2286 272 2342 uenerationi
293 2286 448 2342 haberetur.
466 2307 478 2337 r
494 2286 574 2342 Plura
586 2288 622 2343 de
633 2303 666 2344 eo
680 2288 781 2344 videsis
796 2290 866 2360 apud
887 2290 1026 2358 Ottouem,
1042 2299 1070 2347 et
1083 2307 1117 2346 ex
1130 2307 1165 2347 eo
1177 2291 1205 2347 iu
1220 2293 1291 2349 uotis
1305 2291 1340 2348 ad
1352 2291 1481 2347 Bernardi
1499 2290 1640 2362 epistolam
1658 2299 1754 2347 oente-

102 2373 203 2430 simam
218 2375 421 2447 nonagesimam
435 2375 568 2446 quintam.

118 2463 207 2535 gvii,
222 2493 259 2504 -
271 2465 310 2521 De
318 2463 509 2536 expeditionis
517 2480 606 2522 soeroe
615 2465 817 2538 predicatione
828 2481 881 2538 per
893 2472 1026 2525 sunctum
1043 2469 1221 2525 Beruordam
1233 2470 1322 2540 sueto,
1339 2469 1454 2540 ejusque
1467 2467 1579 2538 infelici
1593 2482 1733 2524 successu.

136 2550 290 2609 LXXXlll.
307 2552 379 2607 lnter
392 2562 528 2610 extremus
541 2554 669 2610 Bernardi
685 2555 791 2610 labores
800 2557 936 2611 censenda
945 2566 987 2612 est
996 2556 1149 2626 pradicatio
1160 2571 1243 2613 sacrae
1262 2557 1441 2627 expeditionis
1460 2557 1597 2612 interram
1611 2565 1749 2610 sanctam:

101 2659 164 2715 quse
186 2659 231 2700 res
244 2651 373 2715 quantum
391 2642 508 2708 sudoris,
529 2653 661 2714 quantum
681 2643 812 2699 molestia
829 2644 881 2715 ipsi
900 2645 1028 2715 attulerit,
1045 2648 1152 2716 exejus
1170 2646 1230 2701 Vita
1244 2653 1271 2700 et
1284 2645 1391 2714 scriptis
1411 2644 1490 2700 facile
1510 2643 1660 2716 intelligere
1678 2644 1751 2701 licet.

102 2731 191 2801 liujus
219 2731 397 2803 expeditionis
420 2730 537 2794 occasio,
556 2739 586 2785 ut
599 2746 632 2784 cx
646 2729 745 2787 Ottoue
770 2731 932 2804 Frisingensi
954 2733 1086 2790 discimus
1107 2734 1177 2806 (50),
1203 2741 1265 2789 nata
1291 2741 1333 2789 est
1355 2749 1404 2804 per
1427 2732 1591 2788 ludovicum
1613 2731 1751 2788 tuuiorem

101 2819 270 2876 Francorum
286 2835 377 2894 regem
389 2837 398 2891 ς
412 2820 459 2891 qui
474 2822 507 2875 ad
522 2820 582 2875 loca
596 2834 670 2876 sacra
686 2821 813 2892 pergendi
835 2820 970 2878 desiderio
991 2837 1108 2892 pressus,
1129 2822 1202 2894 quod
1221 2837 1365 2892 germanus
1379 2837 1443 2876 suus
1458 2820 1608 2891 Philippus,
1627 2841 1640 2871 r
1657 2820 1753 2875 eodem

100 2919 168 2965 soto
182 2907 319 2974 astrictus,
334 2931 346 2958 r
362 2919 448 2965 morte
461 2908 646 2964 intercedente
659 2909 768 2980 exsequi
783 2924 837 2965 uou
851 2917 985 2982 potuerat,
1002 2911 1145 2967 consilium
1160 2926 1242 2967 suum
1255 2910 1332 2983 regni
1349 2909 1513 2982 principibus
1525 2908 1624 2980 aperit.
1642 2907 1673 2962 lli
1685 2911 1751 2965 lier-

101 2998 219 3053 nardum
238 2998 435 3054 consulendum
453 2997 612 3053 decernunt.
632 2995 785 3054 accersitus
798 2997 882 3053 abbas
901 3007 1022 3065 sanctus,
1035 2999 1101 3054 tanti
1115 2999 1243 3056 momenti
1262 2999 1401 3073 negotium
1418 2998 1477 3053 aad
1493 2997 1608 3053 Romani
1620 2997 1754 3067 pontilicis

100 3099 216 3142 mitten
233 3105 244 3134 r
261 3085 433 3142 relereudum
447 3093 548 3142 censet.
564 3086 592 3141 ld
609 3100 773 3160 magnopere
792 3087 909 3142 laudavit
927 3087 1102 3159 probavitque
1124 3088 1272 3161 Eugenius,
1292 3109 1302 3135 ι
1321 3087 1478 3143 auctoritate
1502 3085 1676 3156 praedicandi,
1693 3085 1752 3139 ani-

100 3189 221 3246 mosque
242 3182 399 3231 cunctorum
415 3174 448 3229 td
463 3175 517 3230 hoc
528 3173 718 3231 commovendi
737 3175 929 3244 praenominato
944 3177 1043 3242 abbati,
1058 3177 1105 3249 qui
1118 3176 1190 3249 apud
1205 3192 1299 3232 omnes
1312 3174 1406 3231 Gallia
1420 3191 1451 3230 ac
1464 3175 1618 3232 Germania
1637 3174 1754 3245 populos

99 3272 128 3318 ut
143 3263 334 3336 prophetaret
348 3263 486 3335 apostolus
501 3263 660 3330 habebatur,
678 3278 845 3320 caucasea.»
869 3265 946 3321 Paret
964 3264 1069 3321 tandem
1092 3264 1246 3337 apostolicis
1267 3264 1364 3321 litteris
1382 3264 1542 3330 heruardus,
1565 3280 1577 3313 r
1593 3270 1620 3318 et
1633 3262 1755 3318 excitatis

99 3351 134 3406 ad
155 3352 364 3407 transmarinam
379 3351 578 3423 expeditionem
597 3352 743 3407 multorum
758 3353 865 3422 animis,
881 3376 893 3406 s
911 3354 1074 3410 Ludovicum
1089 3369 1180 3430 regem
1197 3353 1271 3424 apud
1285 3353 1449 3410 vizeliacum
1464 3367 1544 3409 cruce
1559 3351 1647 3424 signat
1662 3370 1676 3405 a
1691 3367 1752 3408 cum

99 3439 274 3497 Theoderico
287 3440 456 3511 Fiaudreusi,
475 3450 502 3495 et
516 3440 632 3495 ilenrico
651 3441 796 3496 Tbeohaldi
813 3441 944 3498 lileseusis
958 3442 1024 3510 tilio,
1039 3442 1191 3511 comitibus,
1208 3463 1220 3493 ι
1236 3442 1348 3513 aliisque
1365 3442 1514 3498 baronibus
1528 3449 1555 3496 et
1569 3440 1715 3496 nobilibus.

135 3528 291 3586 lxxxtV.
314 3530 423 3584 lnterim
443 3528 574 3585 liudulfus
598 3529 706 3599 quidum
729 3532 877 3586 monachus
899 3546 1006 3588 crucem
1030 3531 1119 3587 itidem
1139 3531 1204 3588 dum
1218 3531 1246 3586 in
1260 3531 1405 3586 Germania
1429 3530 1565 3601 praedicat,
1586 3528 1754 3586 Christianos

99 3617 301 3674 inindaeorum
321 3634 419 3673 necem
430 3618 561 3674 accendit.
576 3616 716 3673 llomiuem
732 3618 829 3675 litteris
844 3619 971 3689 repressit
984 3620 1147 3691 bernardus,
1163 3630 1241 3693 atque
1254 3621 1369 3692 ipsemet
1383 3634 1468 3675 sacrm
1486 3618 1669 3691 expeditionis
1681 3632 1753 3688 prm·
1800 3668 1803 3674 .

100 3705 267 3762 dicationem
286 3722 430 3780 aggressus
444 3714 486 3762 est
499 3707 527 3761 in
541 3705 664 3762 orientali
682 3706 846 3763 Francorum
868 3723 962 3779 regno,
979 3709 1029 3765 boc
1041 3718 1082 3764 εει
1095 3709 1121 3763 in
1137 3724 1169 3764 ea
1182 3708 1335 3764 Germaniae
1357 3709 1478 3779 regione,
1498 3722 1558 3778 quae
1577 3709 1610 3762 ad
1628 3707 1755 3762 libanum

101 3795 151 3850 sita
162 3803 215 3850 eat.
232 3795 301 3852 iiiuc
315 3795 456 3851 Conradus
478 3794 623 3864 imperator
642 3795 795 3862 generalem
810 3803 973 3852 contentum
993 3797 1080 3868 Spirae
1099 3797 1217 3854 indixit:
1237 3812 1291 3868 quo
1304 3798 1458 3853 Bernartius
1478 3796 1624 3866 proiectus,
1646 3795 1754 3850 tl’rin·

99 3883 156 3954 cipi
170 3899 232 3940 cum
245 3883 385 3939 Fridetico
401 3882 489 3938 iratris
499 3883 540 3938 sui
555 3882 619 3949 lilio,
634 3883 750 3952 aliisque
765 3883 933 3955 principibus
946 3892 972 3940 et
985 3884 1050 3940 airis
1069 3885 1219 3942 illustribus
1233 3900 1341 3942 crucem
1361 3900 1470 3941 sumere
1483 3885 1625 3957 persuasit,
1640 3884 1754 3954 plurima

100 3973 127 4028 iu
144 3971 255 4043 publico
269 3971 312 4027 rel
327 3973 432 4029 occulto
451 3970 571 4028 iaciendo
591 3971 730 4027 miracula.
747 3991 759 4023 r
775 3972 1053 4029 incertumsteviae
1075 3973 1181 4038 ducem,
1197 3975 1245 4043 qui
1267 3971 1353 4027 titium
1366 3988 1448 4027 suum
1464 3988 1545 4028 cruce
1561 3975 1697 4042 signatum
1711 3972 1754 4026 in·

99 4061 185 4132 digne
200 4059 312 4127 terebat,
326 4060 480 4117 liernardus
503 4059 651 4127 emollivit3
673 4060 815 4116 iiadulium
839 4062 999 4118 monachum
1018 4062 1045 4115 iu
1068 4060 1214 4117 claustrum
1237 4075 1316 4116 suum
1336 4059 1440 4114 retrudi
1460 4059 1560 4130 iussit3
1581 4068 1609 4114 et
1629 4059 1688 4115 loco
1710 4059 1755 4114 sui

100 4151 237 4205 adamum
256 4151 457 4206 liberaceusem
481 4149 604 4205 abbatem
628 4149 761 4216 Conrado,
782 4150 808 4204 in
829 4149 979 4219 bajoariam
1004 4149 1139 4223 pergenti,
1159 4149 1192 4203 ad
1212 4147 1366 4223 urgendum
1390 4147 1494 4202 itineris
1518 4147 1656 4222 negotium
1680 4145 1755 4202 dedit

99 4238 219 4294 sedum.
236 4237 331 4294 Exstat
344 4236 473 4293 Bernardi
486 4238 538 4293 hac
555 4239 588 4294 de
603 4254 632 4293 re
646 4237 761 4308 epistola
774 4240 808 4294 ad
822 4238 940 4295 Francos
954 4238 1110 4308 orientales,
1124 4254 1186 4312 quae
1204 4238 1285 4293 modo
1300 4245 1344 4293 est
1358 4236 1455 4293 ordine
1476 4235 1661 4292 trecentesima
1673 4250 1753 4293 sexa·

99 4325 207 4400 gesima
224 4325 314 4392 tertia,
338 4341 419 4399 quam
437 4325 559 4397 proxime
581 4325 755 4397 subsequitur
769 4327 819 4381 alia
833 4328 868 4382 ad
884 4327 1027 4383 ilenricum
1046 4327 1279 4399 archiepiscopum
1301 4326 1487 4400 linguntiuum
1502 4327 1535 4380 ad
1552 4325 1754 4398 reprimendum

100 4413 258 4470 liudulfum.
277 4435 290 4463 ι
305 4412 392 4485 igitur
405 4429 458 4470 uon
474 4414 560 4470 solunt
574 4430 607 4470 ex
620 4414 742 4470 iiomauo
755 4414 878 4485 imperio,
895 4437 908 4464 x
923 4415 961 4472 ait
974 4415 1049 4482 Otto,
1064 4415 1112 4470 sed
1126 4415 1207 4470 etiam
1220 4430 1253 4471 ex
1267 4414 1362 4472 vicinis
1377 4413 1480 4487 reguis,
1496 4414 1523 4471 id
1539 4421 1581 4469 est
1594 4414 1753 4470 occidentali

101 4501 229 4567 Francia,
249 4501 357 4574 Augila,
380 4503 526 4566 Pannonia,
548 4503 698 4558 innumeris
716 4503 823 4574 populis
837 4519 868 4560 ac
888 4503 1044 4559 nationibus
1063 4505 1114 4560 hac
1130 4503 1310 4574 expeditionis
1333 4502 1404 4558 latua
1418 4505 1450 4558 ad
1466 4502 1623 4559 sumendam
1644 4516 1754 4557 crucem

100 4590 258 4660 commotis,
279 4602 391 4663 repente
409 4591 448 4647 sic
470 4599 541 4647 totus
562 4607 630 4664 pene
653 4590 786 4647 Occidens
807 4591 892 4659 siluit,
917 4599 947 4646 ut
966 4607 1019 4647 nou
1040 4592 1129 4648 solunt
1144 4591 1214 4647 bella
1234 4605 1351 4661 mutere,
1365 4592 1413 4647 sed
1429 4597 1456 4647 et
1469 4605 1544 4645 arma
1558 4588 1709 4661 quempiam
1728 4588 1757 4643 in

102 4678 217 4754 publico
234 4688 344 4750 portare
360 4679 435 4735 uetus
452 4681 606 4736 haberetur.
626 4701 638 4731 ε
1114 4734 1115 4738 ,

139 4768 281 4826 LXXXV.
301 4769 386 4824 Tanta
409 4783 491 4839 porro
514 4769 597 4825 totius
615 4767 771 4826 Occidentis
789 4767 934 4826 commotio
957 4768 1088 4824 Bernardi
1109 4768 1294 4840 praedicationi
1316 4768 1415 4824 tributa
1434 4776 1475 4825 est
1490 4785 1496 4825 :
1512 4782 1608 4823 rerum
1621 4780 1685 4823 cum
1699 4765 1758 4822 irasc

102 4857 242 4928 expeditio
259 4873 314 4913 uon
328 4858 399 4914 hene
417 4873 467 4930 pro
485 4857 554 4915 rotis
577 4858 761 4925 successisset,
786 4866 839 4914 tota
864 4856 946 4913 etiam
970 4858 1033 4913 mali
1053 4865 1164 4914 eventus
1184 4857 1284 4914 invidia
1305 4856 1332 4913 in
1354 4872 1418 4913 euru
1436 4858 1541 4925 rejecta,
1557 4870 1607 4927 pro
1621 4853 1760 4912 communi

103 4961 183 5003 more
200 4946 367 5014 mortalium,
388 4948 433 5016 qui
447 4961 481 5002 ex
499 4947 603 5015 eventis
623 4963 666 5004 res
690 4945 823 5003 estimare
846 4946 943 5003 solent.
963 4946 1058 5020 Neque
1078 4946 1134 5003 iere
1148 4946 1203 5002 nlla
1221 4946 1273 5002 alia
1288 4962 1332 5002 tes
1345 4945 1404 5011 luit,
1421 4961 1482 5017 qnae
1496 4943 1622 4999 Bernardi
1636 4943 1759 5001 animum

103 5034 205 5107 majori
218 5034 315 5091 dolore
327 5034 461 5104 aiiecerit,
477 5038 556 5107 quam
571 5036 633 5108 ista,
649 5051 704 5091 nun
719 5045 771 5091 tam
784 5035 834 5102 sui,
849 5052 930 5107 quam
944 5036 993 5092 Dei
1007 5051 1101 5092 causa.
1117 5037 1194 5093 Unde
1208 5035 1265 5108 ipse
1280 5034 1357 5091 initio
1374 5034 1435 5089 libri
1452 5032 1565 5090 secundi
1580 5033 1615 5092 de
1629 5033 1760 5092 Conside-

101 5125 233 5182 ratione:
252 5143 265 5176 a
279 5123 308 5181 Si
322 5139 432 5181 neccsse
447 5124 482 5181 sit
496 5141 578 5180 unum
593 5123 653 5181 lieri
668 5141 684 5182 ε
698 5124 814 5192 duobus,
834 5124 906 5183 malo
920 5125 946 5180 iu
961 5141 1012 5182 nos
1025 5141 1146 5181 murmur
1160 5125 1311 5188 hominnm,
1325 5138 1406 5195 quatu
1427 5122 1453 5178 itt
1468 5123 1556 5180 Deum
1571 5139 1641 5180 esse.
1656 5124 1759 5180 Bonum

103 5215 185 5282 milti,
199 5213 223 5270 si
237 5215 364 5287 dignetur
378 5229 421 5271 me
435 5213 474 5270 uti
488 5229 538 5287 pro
549 5215 654 5287 clypeo.
671 5214 770 5270 Libens
779 5213 807 5270 in
817 5231 860 5272 ma
870 5214 972 5287 recipio
983 5201 1185 5271 detrahentium
1198 5215 1302 5285 linguas
1316 5211 1471 5270 maledicas.
1485 5232 1497 5265 r
1515 5219 1566 5269 etc.
1584 5213 1663 5269 ildoo
1677 5226 1760 5284 porro

141 5412 189 5556 ,0

155 5485 193 5540 ὅθ

191 5409 291 5555 {gito
306 5409 428 5493 deFrid.
444 5408 493 5492 lib.
513 5423 544 5478 rr,
563 5424 624 5482 cap.
640 5410 687 5469 20.
995 5408 1054 5483 (uo)
1069 5408 1150 5479 itti,
1164 5422 1226 5480 etp.
1240 5409 1351 5480 atsqq.

243 5480 430 5553 tto,chrtd.
445 5481 494 5537 lrb.
516 5496 537 5551 t,
555 5497 620 5552 cap.
640 5484 688 5539 28.
1199 5531 1200 5536 ,
