3728 5940
149 199 202 256 aa
697 180 1172 249 aas.aaauaaotst>1sroms
1647 152 1649 157 ’
1740 193 1794 254 sao

148 333 308 380 consecrare
322 316 438 391 possint,
451 312 625 370 advertentes
637 309 704 365 illud
718 310 752 367 de
766 311 858 370 verbis
871 309 948 366 Chri·
960 322 985 405 st
997 311 1084 384 gines,
1100 327 1198 369 uxores
1212 327 1285 382 suas,
1306 313 1437 387 quasdam
1450 314 1521 372 inter
1537 315 1647 384 electas,
1663 319 1792 390 quasdam

147 409 182 465 sti
200 411 307 482 :Super
315 403 481 463 cathedram
492 401 575 474 lloyri
583 400 718 458 sederam
726 400 865 457 Scrilrwl
875 399 946 457 Plta·
997 399 1251 471 intercedentem
1279 403 1357 475 quasi
1385 403 1417 459 ad
1443 402 1558 460 sormam
1590 406 1793 477 apostolorum,

148 493 400 570 moei3quoevoln'e
414 488 849 561 dicunlsoeilrlllalllrmxvtu,
864 490 942 560 2,3):
998 489 1097 562 quibus
1114 504 1243 547 concessa
1270 491 1319 548 luit
1342 500 1464 564 potestas
1484 493 1703 551 circumducendi
1732 512 1795 552 mu·

147 586 224 661 qusai
242 584 300 640 istis
326 580 426 638 talibus
445 593 573 635 concessa
592 577 626 633 sit
640 585 760 649 potestas
775 583 880 632 tantum
895 576 942 632 di·
996 576 1086 638 lieres.
1102 574 1167 634 Vale
1180 578 1209 634 in
1221 579 1348 638 Domino.

147 674 222 732 cendi
237 680 265 728 et
280 668 464 745 praecipiendi,
480 677 508 725 ει
530 664 597 722 nihil
616 664 741 735 amplius.
763 664 796 720 lit
818 665 855 719 ita
878 681 942 723 cra·
1218 667 1384 726 nrtsrota
1399 670 1570 728 CDLXXlll.

147 771 227 821 cuaut
244 759 425 818 sacerdotium
449 754 587 825 Ecclesiae,
602 762 628 809 et
649 755 776 809 damnant
789 766 942 810 sacramen·
1120 770 1238 812 ιιιιιιιιει
1256 771 1399 814 assausrs
1421 771 1457 814 tn
1480 772 1666 815 aususausus.

147 863 183 919 ta,
196 860 293 924 praeter
303 848 467 921 Bnptismum
481 845 578 914 solum,
590 853 617 899 et
630 843 703 899 bunc
715 842 742 897 iu
754 843 862 910 adultis,
874 859 943 916 quos
1069 842 1240 917 [Masatous.
1257 846 1362 904 Annei.
1385 849 1509 915 Cislere,
1527 854 1546 902 t.
1561 849 1596 917 11,
1615 865 1642 919 p.
1659 847 1722 922 135]

147 941 240 997 dicunt
254 937 382 1006 baptisari
403 951 453 1008 per
467 933 613 1004 Christum,
630 932 747 1004 quinque
770 931 806 986 ait
824 931 943 988 minister
1031 919 1113 989 8⁷7
1129 931 1138 968 ¹
1154 933 1224 990 Patri
1239 948 1289 990 suo
1303 932 1375 991 iilius
1391 951 1458 992 suna
1482 933 1637 1006 Hsuatcos,
1662 934 1794 1007 quidquid

147 1031 392 1086 sacramentorum.
427 1023 467 1078 De
494 1021 631 1092 Baptismo
661 1019 832 1091 parvulorum
859 1019 942 1075 fidem
996 1016 1163 1090 iiliuspatri.

147 1118 257 1183 habeut,
274 1121 371 1185 praeter
398 1112 464 1168 illud
483 1110 517 1165 de
540 1108 687 1182 Evangelio
711 1126 717 1165 :
746 1109 799 1178 Qui
817 1109 942 1167 credide·
1030 1109 1090 1164 Non
1114 1118 1156 1164 est
1176 1107 1329 1176 insolentia,
1353 1110 1401 1168 sed
1419 1111 1599 1184 confidentia,
1623 1113 1695 1185 quod
1718 1112 1797 1168 robis

146 1207 187 1263 rit
206 1204 407 1274 rebaptisatus
434 1200 535 1270 suerit,
563 1199 659 1254 solvus
688 1199 743 1253 erit
767 1198 858 1267 illarc.
883 1212 941 1263 ιιι,
995 1195 1104 1267 scribo,
1133 1196 1326 1268 benignissime
1353 1201 1444 1257 Pater.
1483 1200 1546 1258 Scio
1578 1201 1641 1273 quia
1669 1215 1724 1256 nou
1756 1208 1799 1256 cst

149 1294 203 1364 ta).
219 1291 307 1347 Omne
329 1288 485 1362 conjuginm
504 1297 601 1344 vocant
616 1286 832 1351 fornicationem,
847 1294 944 1358 praeter
996 1300 1086 1342 meum
1109 1286 1196 1360 loqui,
1230 1288 1300 1345 sieut
1322 1290 1479 1349 vulneratus
1499 1291 1536 1350 N.
1559 1300 1585 1347 et
1607 1291 1746 1347 dormiens
1770 1291 1798 1345 iu

146 1379 222 1454 quod
236 1378 404 1436 contrahitur
418 1378 487 1433 inter
506 1385 633 1447 utrosque
647 1375 775 1447 virgines,
795 1375 942 1432 masculum
996 1374 1138 1446 sepulcris,
1152 1374 1201 1431 sed
1215 1374 1300 1447 zelus,
1315 1376 1413 1445 fateor,
1431 1377 1483 1434 urit
1506 1379 1621 1436 animam
1646 1394 1734 1435 meam
1750 1393 1799 1449 pro

146 1479 175 1526 et
188 1468 325 1536 feminam,
345 1474 498 1523 astruentes
512 1465 570 1520 haeo
583 1464 618 1518 de
641 1464 733 1520 verbis
746 1463 863 1536 Domini,
880 1465 942 1536 qui·
998 1477 1118 1536 paupere
1144 1462 1196 1519 isto
1218 1462 1357 1535 episcopo,
1380 1463 1435 1536 qui,
1459 1466 1524 1537 quia
1544 1466 1678 1536 justitiam
1702 1467 1798 1533 coluit,

146 1555 343 1628 busrespondit
353 1552 508 1610 Pharisaeis:
524 1551 676 1623 Quodlleor
687 1553 851 1624 conjunxit,
864 1553 943 1612 bomo
999 1550 1085 1609 roluit
1101 1550 1265 1624 equitatem,
1280 1550 1360 1626 plaga
1375 1552 1477 1610 inimici
1502 1568 1651 1627 percussus
1674 1564 1726 1620 est,
1750 1570 1799 1610 ca-

147 1663 206 1704 nora
219 1649 348 1719 seporcl,·
362 1642 441 1715 quasi
463 1643 537 1698 Deus
560 1640 627 1698 tales
639 1640 798 1713 conjungat,
814 1610 979 1714 tauquamss
997 1639 1141 1710 stigatione
1155 1638 1267 1695 erudeli.
1281 1637 1350 1708 Quia
1365 1640 1450 1698 uoluit
1463 1643 1559 1699 sedere
1572 1642 1599 1698 in
1614 1644 1679 1699 sede
1691 1660 1750 1710 sua,
1767 1651 1796 1700 et

146 1737 180 1793 sd
194 1734 397 1793 similitudinem
411 1731 561 1804 primorum
583 1731 724 1788 bominum
740 1748 747 1787 ε
764 1739 791 1787 ει
803 1732 878 1804 quod
891 1730 944 1787 eis-
999 1729 1126 1801 episcopo
1141 1727 1303 1798 episcopalia
1317 1729 1464 1804 resignare,
1479 1731 1531 1788 boc
1544 1742 1585 1788 est
1603 1730 1751 1787 maximum
1770 1738 1800 1788 et

146 1824 248 1881 domei
263 1822 461 1895 opponentibus
483 1821 518 1878 de
541 1821 633 1877 libello
656 1820 796 1892 respondit
814 1820 941 1895 repudii:
998 1817 1114 1892 primum
1136 1825 1286 1889 peccatum,
1302 1817 1343 1872 llo
1371 1819 1482 1891 sanguis
1505 1820 1556 1876 iste
1576 1821 1611 1876 de
1631 1836 1713 1875 manu
1737 1821 1798 1889 ejus

147 1915 186 1970 lt
199 1913 285 1971 initio
299 1927 358 1967 oon
370 1912 432 1982 suit
445 1910 501 1977 sic,·
521 1908 625 1966 etitem
639 1910 712 1983 quod
729 1909 830 1966 ibidem
846 1909 942 1982 sequi·
996 1905 1155 1981 exquiritur.
1171 1905 1200 1961 Si
1214 1905 1352 1980 quidprgn
1368 1921 1420 1978 ego
1435 1922 1548 1981 possum
1561 1909 1588 1964 in
1599 1910 1686 1965 oculis
1701 1909 1796 1977 Patris,

147 2000 277 2068 tnrzoai
296 1998 445 2055 dimissam
455 1996 747 2069 acemanecestriae
757 1997 868 2067 (duilli.
879 2012 941 2068 xrs,
997 1995 1052 2052 imo
1080 1995 1144 2069 quia
1169 1995 1284 2053 maltum
1308 2009 1432 2068 possum,
1457 1997 1535 2054 lacite
1557 1997 1698 2073 negotium
1721 1998 1796 2068 ejus,

146 2091 219 2160 a-93
248 2093 275 2144 et
298 2085 364 2143 illud
387 2086 421 2141 de
448 2084 579 2156 apostolo
609 2102 616 2144 :
645 2087 812 2144 decorabile
838 2102 945 2144 conau-
998 2083 1118 2142 sicutilli
1136 2083 1267 2142 noveritis
1285 2084 1423 2157 expedire.
1438 2086 1479 2142 De
1502 2093 1599 2144 caetero
1619 2087 1699 2143 letus
1712 2095 1739 2142 et
1753 2087 1797 2141 iu-

148 2178 227 2235 lium
244 2178 283 2233 sit
304 2173 444 2241 emelim,
459 2177 488 2233 et
510 2172 610 2232 lbonts
632 2173 839 2232 immaculatas
852 2175 943 2246 (llebr.
999 2172 1114 2231 columis
1140 2189 1212 2241 sum,
1233 2182 1262 2230 et
1288 2185 1419 2247 exspecto
1442 2173 1535 2231 ridere
1563 2174 1797 2244 iaciemvestram‚

148 2282 213 2337 xm,
226 2265 266 2337 l).
998 2264 1071 2320 sieut
1088 2261 1181 2320 laciem
1197 2264 1256 2320 Dei.
1272 2265 1361 2337 Prope
1375 2272 1417 2321 est
1431 2263 1506 2320 enim
1527 2264 1587 2320 dies
1599 2265 1794 2337 desponsatio-

185 2358 212 2410 5.
227 2354 258 2410 ln
272 2350 410 2425 suffragiis
428 2357 583 2407 sanctornm
603 2364 659 2407 nou
674 2350 827 2425 conlidunt3
838 2351 946 2423 jejunia
998 2351 1042 2409 uis
1057 2368 1133 2421 mee,
1148 2367 1202 2424 quo
1216 2351 1313 2410 leriam
1327 2359 1436 2426 pactum
1449 2353 1565 2410 Domino
1580 2369 1642 2410 cnm
1666 2353 1723 2410 Deo
1747 2370 1795 2424 per

149 2453 316 2516 casurasque
349 2439 519 2510 afflictiones,
548 2456 611 2511 quaa
641 2437 710 2496 fiunt
740 2455 789 2512 pro
818 2441 944 2513 peccatis,
999 2457 1109 2498 manum
1124 2450 1252 2512 vestram,
1267 2451 1295 2499 et
1308 2442 1360 2499 sub
1373 2442 1497 2500 custodia
1513 2451 1612 2509 restra,
1640 2450 1669 2497 ut
1683 2443 1798 2498 serviam

149 2541 273 2591 astruant
285 2530 364 2604 justis
383 2545 438 2587 nou
462 2544 523 2586 esse
537 2527 700 2595 neccssaria,
715 2544 767 2585 nec
785 2527 865 2585 etiam
879 2545 945 2601 pec-
1000 2530 1078 2587 eidie
1091 2545 1123 2586 ac
1136 2539 1225 2598 ιιοειε,
1241 2540 1267 2590 ει
1277 2530 1403 2590 omnibus
1416 2529 1513 2587 diebus
1524 2530 1587 2589 ritae
1612 2545 1689 2596 meae,
1705 2546 1798 2585 aman·

148 2622 301 2690 natoribus;
316 2619 380 2692 quia
398 2619 425 2673 in
440 2632 604 2690 quacunque
617 2617 662 2673 die
676 2617 839 2690 ingemuerit
852 2634 946 2691 proca·
1000 2618 1103 2677 tissime
1118 2619 1207 2676 Pater.

149 2720 202 2779 tor,
232 2709 323 2765 omnia
350 2715 459 2778 peccata
490 2706 666 2762 remittuntur
689 2706 714 2763 ei
744 2723 752 2762 t
781 2715 945 2779 ceterasque
1219 2707 1386 2766 EPISTOLA
1405 2707 1571 2767 CDLXXIV.

148 2796 335 2858 observantias
355 2795 383 2850 in
398 2794 530 2863 Ecclesia,
553 2809 621 2868 quas
643 2793 766 2851 Christus
789 2804 817 2851 et
829 2797 944 2868 apostoli
1051 2813 1169 2856 tuturus
1182 2811 1306 2854 taertru
1322 2812 1446 2854 serseort
1459 2811 1496 2854 sn
1511 2813 1536 2854 s.
1559 2810 1742 2854 arantunmt.

148 2891 183 2946 ab
197 2888 258 2959 ipso
272 2885 443 2943 discedentes
457 2900 513 2941 non
532 2883 720 2950 condiderunt,
734 2892 833 2942 vocant
847 2901 942 2958 super·
961 2895 984 2975 c
1181 2885 1351 2959 [bisarnum
1366 2888 1414 2945 abi
1429 2902 1528 2960 repro,
1545 2884 1620 2959 lab]

148 2977 278 3035 rabones.
296 2973 484 3047 Purgatorium
499 2973 666 3046 ignempoat
680 2982 792 3031 mortem
807 2989 862 3030 uon
875 2991 944 3032 con·
1035 2974 1107 3031 Patri
1130 2990 1181 3031 suo
1204 2984 1232 3032 ει
1249 2975 1321 3032 Ριιιί
1344 2975 1468 3032 omnium
1490 2978 1635 3041 bonorum,
1656 2976 1795 3033 Beruardn

148 3066 262 3139 cedunt,
278 3063 327 3122 sed
341 3066 444 3119 animas
459 3063 560 3128 statim,
576 3062 686 3132 quando
708 3062 894 3136 egrediuntur,
911 3065 945 3122 de
1000 3063 1221 3121 Clarae-vallensi
1235 3064 1335 3134 abbati,
1350 3064 1432 3122 irater
1443 3065 1563 3122 loannes
1574 3065 1706 3122 distensis
1719 3066 1795 3137 epis·

147 3170 260 3230 corpora
274 3153 303 3210 in
316 3160 444 3210 aeternam
465 3150 508 3208 rel
531 3150 662 3224 requiem,
678 3151 719 3208 rel
743 3167 852 3226 poenam
867 3161 943 3211 tren·
996 3169 1094 3225 copas,
1112 3160 1140 3212 et
1152 3154 1198 3211 bic
1216 3155 1355 3212 honestari
1369 3156 1396 3212 in
1411 3154 1550 3211 laboribus
1563 3154 1665 3226 suiset
1677 3154 1732 3212 illic
1745 3154 1796 3213 lto-

147 3247 211 3314 sire,
226 3251 335 3317 propter
348 3242 395 3298 illa
408 3240 564 3297 Salomonis
578 3258 585 3295 ι
602 3243 723 3313 lignum
744 3243 775 3297 ιη
790 3258 946 3314 quemcun-
998 3243 1089 3299 norari
1103 3257 1163 3299 cum
1177 3243 1293 3316 angelis.

74 3384 76 3393 ,
147 3337 319 3410 quepartem
342 3331 485 3397 ceciderit,
504 3332 563 3388 sive
591 3330 628 3387 ad
659 3334 802 3400 amiram,
826 3334 884 3391 rinc
908 3334 945 3391 ad
1033 3333 1139 3390 Utinam
1168 3331 1287 3388 riderem
1311 3346 1371 3402 vos,
1398 3347 1452 3389 uon
1480 3333 1629 3390 scriberem
1650 3332 1739 3401 vobis,
1767 3341 1797 3390 et

147 3425 320 3497 aquilonem,
334 3420 373 3478 ibi
387 3419 609 3497 manrbltffiecl.
622 3435 661 3487 ιι,
677 3420 811 3492 3).lltsic
824 3419 944 3477 fidelium
996 3421 1118 3479 dolorem
1141 3436 1230 3477 meum
1255 3421 1356 3490 liniret,
1379 3429 1406 3480 et
1428 3421 1524 3479 leniret
1541 3430 1638 3480 vestre
1657 3424 1797 3480 suavitatis

147 3511 285 3569 orationes
299 3510 343 3568 rel
352 3508 503 3567 oblationes
518 3522 568 3582 pro
583 3508 716 3567 defunctis
730 3509 889 3566 annihilant.
997 3519 1132 3584 aspectus.
1161 3509 1344 3568 contristatus
1375 3527 1435 3567 sam
1461 3511 1533 3568 euim
1562 3512 1589 3567 in
1611 3514 1796 3569 exsecratione

184 3604 210 3657 6.
234 3600 332 3657 Contra
356 3600 415 3656 lraec
436 3607 490 3655 tam
514 3597 687 3656 multiformia
711 3599 782 3655 mala
805 3612 942 3673 rogamus,
997 3615 1067 3669 mea,
1084 3599 1208 3671 quamvis
1222 3599 1299 3668 jutta
1323 3599 1490 3672 Sapientem,
1516 3599 1575 3672 ipsa
1600 3601 1739 3658 tribulatio
1762 3603 1796 3657 sit

145 3695 236 3748 sancte
249 3696 335 3764 pater,
352 3688 500 3764 uterigilet
517 3687 669 3747 sollicitudo
691 3698 791 3756 vestra,
806 3699 833 3746 et
851 3698 943 3747 contra
996 3689 1063 3743 mihi
1087 3702 1136 3759 pro
1155 3690 1264 3760 solatio,
1282 3704 1340 3744 non
1362 3689 1534 3758 couscientia,
1550 3689 1585 3744 sit
1604 3705 1654 3761 pro
1673 3689 1793 3764 flagello.

146 3781 217 3839 ieras
231 3780 373 3838 arundinis
386 3778 477 3834 stilum
500 3778 632 3850 dirigatis.
648 3779 706 3834 Nec
726 3776 807 3835 uobis
829 3794 943 3851 respon·
996 3777 1057 3835 Scio
1071 3777 1155 3843 euim,
1172 3779 1236 3851 quia
1249 3777 1364 3835 lelicitrr
1384 3787 1447 3835 snut
1470 3778 1572 3845 miseri,
1600 3793 1669 3852 quos
1691 3789 1797 3837 constat

145 3871 242 3938 dentis,
256 3868 331 3942 qnod
347 3868 428 3926 turris
441 3866 487 3923 illa
501 3868 596 3935 David,
612 3869 646 3924 ad
662 3883 744 3941 quam
759 3867 941 3941 confugimus,
996 3884 1050 3925 non
1075 3870 1209 3925 meruisse
1237 3884 1298 3940 quaa
1333 3868 1482 3940 perlemut.
1515 3868 1661 3940 Propterea
1687 3884 1720 3924 ex
1748 3885 1795 3926 me

144 3957 212 4014 satis
234 3957 270 4014 sit
295 3957 424 4014 aedilirata
442 3971 504 4012 cum
528 3955 751 4029 propugnaculis,
772 3955 844 4030 quod
869 3955 942 4012 mille
995 3973 1057 4030 quae
1076 3957 1148 4014 eirca
1169 3971 1213 4012 me
1233 3965 1308 4028 sont,
1332 3957 1423 4012 scribo
1446 3956 1533 4027 robis,
1552 3956 1667 4013 breviter
1691 3964 1795 4026 umen,

144 4045 231 4120 clypei
262 4046 436 4117 pendentes
464 4045 518 4113 illa,
544 4043 633 4100 curuis
657 4053 792 4100 armatura
818 4042 936 4104 lortium.
992 4063 1027 4104 ne
1048 4063 1119 4120 quos
1145 4046 1246 4104 mundo
1273 4047 1380 4103 debetis
1401 4048 1505 4118 oculos,
1535 4045 1670 4103 detineam
1695 4046 1797 4120 pagina

143 4135 200 4195 Sed
213 4135 349 4203 volumus,
366 4143 452 4206 pater,
475 4141 505 4189 ut
526 4133 584 4189 baec
610 4140 745 4189 armatura
764 4139 875 4204 propter
888 4147 940 4188 uos
993 4132 1121 4210 longiori.
1135 4135 1200 4192 Post
1212 4135 1302 4193 datam
1316 4135 1344 4191 iu
1358 4150 1401 4192 me
1414 4134 1575 4193 seutemiam
1583 4138 1660 4206 justa
1675 4147 1796 4193 restrum

143 4226 321 4300 simpliciores
344 4236 372 4284 et
399 4223 546 4292 tardiores,
574 4232 666 4282 restro
688 4223 779 4281 studio
803 4222 831 4279 in
853 4238 939 4280 unam
994 4225 1148 4295 consilium,
1162 4224 1268 4297 perrexi
1284 4225 1317 4281 ad
1338 4223 1478 4282 dominnm
1498 4240 1597 4295 meum,
1621 4240 1704 4300 quem
1725 4240 1796 4283 cou-

143 4309 266 4384 collects,
291 4323 386 4371 cantra
405 4314 465 4372 baec
484 4323 523 4371 tot
544 4325 667 4371 monstra
689 4315 723 4368 ad
744 4311 936 4371 inveniendum
952 4285 976 4365 fl
992 4314 1081 4372 stituit
1093 4313 1240 4382 Dominus,
1253 4313 1393 4371 dominum
1408 4315 1571 4372 domussuoe
1592 4320 1620 4371 et
1641 4314 1794 4387 principem

143 4404 191 4462 fiat
212 4402 339 4477 paratior,
361 4413 388 4460 et
411 4403 440 4460 iu
466 4404 616 4461 resistendo
634 4400 779 4460 efficacior.
804 4400 939 4459 noveritis
994 4405 1081 4463 omnis
1103 4402 1284 4476 possessionis
1306 4420 1372 4461 suae.
1396 4404 1440 4461 lld
1460 4420 1540 4477 quern
1567 4403 1708 4477 ingressus
1730 4406 1794 4477 plus

143 4493 235 4566 etiam,
250 4494 369 4561 domine,
383 4492 457 4567 quod
481 4493 624 4550 redeuntes
644 4492 678 4547 ad
694 4488 839 4546 Ecclesiam
861 4490 940 4546 uobis
994 4492 1200 4563 iuranijudicis‚
1212 4509 1291 4565 quam
1302 4492 1690 4564 patris,minnsmisericordire
1709 4509 1793 4566 quam

144 4584 280 4655 diamant,
296 4583 356 4639 illos
377 4584 476 4641 babere
498 4581 643 4639 maximam
666 4578 866 4636 multitudinem
884 4578 942 4637 lere
993 4597 1125 4640 censure.
1147 4581 1338 4651 l’roereneruut
1358 4583 1432 4639 euim
1453 4598 1499 4639 me
1516 4581 1638 4640 homines
1659 4588 1795 4638 monaste·

80 4659 88 4678 ‘
144 4673 246 4746 ubique
269 4679 399 4730 terramm
416 4687 549 4744 sparsam,
573 4678 600 4727 et
623 4667 724 4724 babere
739 4681 787 4722 eos
801 4666 894 4739 plures
906 4683 941 4724 es
993 4671 1025 4728 rii
1045 4670 1166 4742 majoris,
1182 4678 1209 4727 et
1224 4671 1342 4742 majores
1356 4671 1420 4730 lacti
1433 4681 1496 4729 sunt
1517 4689 1573 4745 me,
1591 4671 1718 4748 iacientes
1732 4672 1794 4729 roci

144 4760 246 4820 ansuis
263 4760 367 4818 clericis
380 4770 408 4818 et
428 4759 576 4817 monacbis.
599 4757 642 4814 llli
662 4771 727 4814 vero
746 4755 794 4829 qui
806 4756 941 4813 combusti
993 4776 1050 4818 suae
1064 4775 1158 4819 rocem
1173 4761 1291 4820 virtutis.
1311 4762 1444 4819 Dixerunt
1459 4778 1502 4819 me
1523 4759 1717 4834 subterbugisse
1734 4761 1795 4835 epi·

143 4859 218 4919 suut.
233 4850 358 4908 dixerunt
374 4850 454 4909 nobis
476 4849 505 4906 in
518 4846 675 4905 defensioue
688 4861 748 4915 sua,
766 4847 834 4903 banc
848 4847 939 4904 bere·
992 4864 1140 4923 scaporum
1153 4849 1328 4918 audientiam,
1349 4850 1378 4907 iu
1393 4865 1507 4927 quorum
1534 4849 1660 4908 manibus
1678 4852 1737 4922 ipae
1752 4866 1795 4908 ma

143 4940 288 5014 simusque
302 4941 337 4999 ad
350 4942 409 4998 haec
420 4949 543 5014 tempora
556 4937 714 4995 occultatam
729 4935 815 4994 luisse
836 4952 852 4992 a
870 4947 939 4994 tem·
992 4948 1119 5013 posuerat
1144 4939 1324 4998 audiendum.
1346 4942 1406 4999 Non
1430 4942 1518 4999 solum
1541 4951 1630 4999 autem
1650 4942 1726 5012 baes,
1746 4939 1795 4998 sed

141 5029 256 5106 poribus
284 5039 451 5104 martyrum,
479 5036 506 5086 et
530 5026 697 5100 permanisae
721 5025 751 5084 iu
776 5025 891 5094 Graecia,
912 5034 939 5083 et
991 5047 1161 5106 quaecuuque
1175 5031 1358 5104 undecunque
1375 5031 1504 5104 colligere
1525 5038 1675 5104 potuerunt
1696 5046 1795 5105 propo·

144 5119 306 5196 quibusdam
323 5120 383 5178 aliis
403 5119 490 5178 terris.
506 5118 540 5177 llt
557 5118 586 5176 bi
603 5124 667 5177 sunt
688 5117 727 5175 illi
748 5117 940 5192 betericum
992 5130 1107 5179 suerunt
1128 5123 1275 5179 adversum
1296 5137 1351 5193 ma,
1374 5129 1485 5178 etcum
1508 5123 1594 5178 multa
1616 5136 1684 5196 pace
1709 5119 1794 5178 auditi

142 5225 174 5268 sa
196 5208 288 5268 dicunt
310 5208 459 5286 apostolos,
478 5218 506 5268 et
529 5225 612 5267 suum
638 5225 736 5283 papam
754 5208 864 5266 babent.
886 5208 940 5265 lilii
992 5218 1065 5270 suut.
1082 5212 1205 5287 Cumque
1220 5217 1332 5285 paratus
1347 5226 1438 5270 essem
1451 5212 1792 5287 repellere,relrelellera,

141 5312 240 5374 papam
253 5309 377 5361 nosram
389 5298 546 5371 muibilaut,
561 5315 614 5358 uec
636 5305 729 5356 tamea
742 5296 825 5354 alium
839 5305 940 5372 prater
992 5318 1054 5377 qne
1071 5302 1242 5371 dicebantur,
1258 5302 1346 5362 uoluit
1359 5317 1404 5363 me
1426 5301 1523 5361 audire
1543 5302 1729 5362 universitatis
1748 5303 1795 5374 ju·

143 5387 536 5452 malmesburienses
558 5387 700 5465 apostotici
717 5388 824 5450 Βιιιιιω
840 5387 940 5449 babent
991 5391 1055 5463 des,
1075 5408 1130 5453 nou
1145 5392 1186 5473 illi
1200 5391 1429 5467 imputarunfied
1455 5400 1483 5452 ct
1500 5391 1718 5469 superdolorem
1731 5393 1794 5449 aul·

103 5474 258 5590 Qu
271 5480 385 5545 unicas
396 5482 440 5558 (nt
452 5480 556 5564 dictat)
568 5479 747 5554 mutuatas,
763 5478 867 5554 viduas,
882 5481 939 5544 rir-
993 5499 1089 5546 nerunt
1103 5499 1229 5550 meorum
1253 5483 1369 5564 addidit,
1390 5482 1531 5548 remittas
1544 5497 1589 5547 me
1613 5483 1649 5547 td
1670 5483 1743 5558 illos,
1756 5480 1792 5542 td
