3728 5940
71 185 141 247 1093

69 410 111 455 est
126 399 266 470 plenitudo
280 399 400 453 honoris.
415 398 450 452 Et
465 397 551 454 visum
566 406 607 452 est
621 398 721 453 bonum
732 397 760 451 in
775 395 863 453 oculis

68 491 139 558 ejns,
154 489 176 544 si
195 487 329 552 Ecclesia,
345 502 397 560 pro
413 502 467 558 qua
491 493 595 542 tanturn
617 486 763 557 laborarat,
783 500 864 557 quem

68 578 198 633 linctenus
217 591 271 631 non
285 575 424 641 habuerat,
440 591 489 631 sno
508 574 660 647 acquireret
675 573 766 630 studio
783 580 810 629 et
823 574 863 628 la·

68 667 146 722 bore.
172 665 236 720 Erat
250 672 276 719 et
299 665 384 720 altera
403 663 576 734 metropolica
602 663 691 730 sedes,
719 678 800 734 qnam
831 663 865 718 de

69 771 138 810 novo
145 756 319 810 constituerat
331 753 436 819 Celsus,
458 753 550 822 primae
565 759 654 807 tamen
669 751 736 818 sedi,
752 759 779 807 et
792 749 865 807 illius

69 843 272 913 archiepiscopo
300 842 419 907 subdita,
443 849 571 912 tanquam
604 840 722 913 primati.
744 841 779 896 Et
802 839 865 894 huic

70 946 178 1002 qunque
192 932 300 1002 optabat
312 929 487 986 nihilominus
501 928 615 1000 pallium
627 929 782 994 llalacbias,
802 944 865 984 con-

69 1019 223 1091 lirmnrique
245 1019 402 1076 auctoritate
423 1018 500 1074 Sedis
523 1018 679 1089 apostolicae
705 1016 865 1090 praerogati-

68 1124 138 1173 vam,
156 1124 237 1180 quam
253 1108 385 1163 beneficio
405 1107 477 1162 Celsi
496 1107 611 1179 adipisci
625 1115 771 1161 meruerat.
786 1107 866 1162 luno-

69 1204 187 1252 tescenta
211 1196 360 1268 proposito,
386 1195 525 1268 displicuit
547 1195 685 1261 tratribus,
710 1209 816 1250 necnon
840 1204 867 1250 et

68 1284 240 1357 magnatibus
265 1285 408 1355 etpopulo
433 1292 521 1340 terrae.
552 1285 656 1339 Omnes
677 1283 750 1339 enim
775 1283 868 1339 intole-

67 1374 180 1429 rabilem
198 1373 249 1429 sibi
272 1373 426 1443 judicabant
452 1384 507 1428 tam
530 1372 660 1428 diutinam
686 1372 807 1428 omnium
829 1371 867 1443 pii

68 1463 189 1533 parentis
212 1461 369 1531 absentiam,
401 1471 429 1518 et
450 1462 524 1533 quod
545 1469 694 1517 metuerent
720 1461 754 1518 de
777 1469 867 1517 morte

68 1551 162 1622 ipsius,

104 1643 148 1696 34.
169 1639 286 1713 Contigit
308 1640 411 1696 interea
425 1639 494 1696 mori
508 1653 667 1712 germanum
692 1641 761 1708 ejus,
784 1638 865 1694 Chri-

68 1730 182 1784 stianum
202 1728 323 1795 nornine,
342 1730 433 1784 virum
460 1729 572 1795 bonum,
600 1728 712 1798 plenum
728 1729 823 1797 gratiae
838 1737 865 1781 et

69 1818 182 1873 virtutis.
210 1817 362 1889 Episcopus
385 1825 451 1881 erat,
476 1816 513 1871 illi
538 1815 649 1887 quidem
679 1816 817 1871 secundos
839 1814 866 1870 in

68 1906 168 1961 celebri
179 1905 319 1976 opinione,
330 1906 378 1961 sed
387 1905 449 1960 vite
461 1903 674 1961 sanctimoniaet
686 1903 798 1974 justitie
808 1903 866 1959 zelo

68 1995 137 2050 lortc
150 2008 205 2048 non
220 1996 316 2064 impar.
334 1994 421 2065 liujus
434 1994 561 2050 decessus
574 1992 664 2065 magis
679 1994 777 2050 terruit
800 1996 865 2047 uui-

68 2098 173 2148 versos,
187 2089 213 2137 et
226 2081 377 2139 discessum
393 2082 528 2139 lialacbiae
538 2081 657 2139 reddidit
670 2082 865 2139 molestiorem.

70 2172 199 2227 lticebant
213 2179 303 2227 autem
318 2173 392 2227 nullo
408 2174 489 2239 modo
504 2171 704 2228 assentiendum
720 2171 794 2228 unici
808 2187 867 2242 per·

69 2261 230 2332 egrinationi
253 2261 373 2332 patroni,
399 2269 429 2316 ut
452 2276 506 2317 non
528 2260 666 2318 desoletur
681 2261 769 2318 omnis
783 2268 866 2332 terra,

71 2366 95 2405 sa
119 2350 223 2405 duabus
247 2350 328 2405 tantis
343 2349 475 2406 columnis
500 2351 551 2406 sub
571 2365 626 2406 uno
651 2357 787 2407 momento
802 2357 868 2406 tem·

68 2441 143 2510 poris
167 2438 336 2495 destituatur.
353 2439 426 2512 Ergo
446 2454 541 2495 omnes
555 2440 654 2512 pariter
668 2439 864 2497 contradicunt.

68 2530 100 2583 lit
116 2527 169 2583 vim
184 2527 327 2600 iaciebant,
343 2544 404 2584 cum
419 2528 464 2584 ille
479 2528 599 2585 divinam
608 2528 739 2584 ultionem
750 2527 867 2583 minatus

68 2624 118 2672 est.
134 2618 196 2672 Non
210 2624 299 2672 nmen
314 2617 442 2674 destitere
455 2616 505 2688 illi,
521 2617 575 2672 nisi
589 2618 670 2672 missa
684 2626 767 2684 sorte,
793 2616 867 2687 prins

68 2706 117 2761 tlei
141 2706 264 2763 voluntas
279 2722 360 2777 snper
383 2707 436 2761 hoc
459 2705 680 2780 interrogaretur.
700 2704 866 2762 Prohibentc

68 2795 125 2860 illo,
150 2793 326 2852 nibilominus
354 2794 464 2849 mittunt
482 2811 490 2849 ε
507 2796 554 2850 sed
584 2794 633 2849 illa
655 2809 707 2866 pro
726 2794 866 2851 Malachiae

727 181 802 242 vll't
821 183 849 239 S.
868 179 1056 240 Mnbsctssn'.

67 314 164 368 deerat
174 309 274 376 adhuc,
288 315 315 367 et
329 307 452 365 doluerat
469 309 502 363 ab
519 307 595 363 initio
611 306 683 380 pallii
698 322 774 375 usus,
790 307 861 375 quod
879 319 903 399 st
918 306 1032 362 demde
1046 322 1160 363 numero
1174 307 1220 363 illo
1243 324 1305 364 cnm
1332 309 1466 383 Episcopo
1487 313 1634 372 redituros.
1660 317 1709 383 Illi

1651 190 1722 254 tots

1710 359 1719 385 9

918 395 1009 451 audito
1023 397 1083 461 hoc,
1098 397 1226 468 suspicati
1240 406 1302 452 sunt
1331 406 1463 456 mortem:
1481 402 1528 458 sed
1543 404 1616 461 Dens
1641 404 1722 462 aliter

918 483 1083 555 adimplevit.
1096 486 1197 557 Nempe
1210 487 1317 543 rediens
1331 486 1366 541 ab
1380 489 1464 561 Urbe,
1474 491 1634 561 quibusdam
1644 493 1722 566 apud

919 587 980 641 noa,
997 574 1158 645 quibusdam
1172 582 1198 629 et
1211 575 1236 628 in
1252 575 1314 630 aliis
1340 576 1406 632 locis
1420 577 1453 631 ad
1468 578 1624 637 discendam
1648 597 1722 639 con·

919 662 1082 718 versationis
1100 662 1215 719 sormam
1241 663 1356 730 relictis,
1371 665 1448 736 juxta
1470 668 1585 723 terbum
1612 669 1721 741 Sycari,

920 766 983 805 cum
997 751 1091 822 paucis
1103 752 1248 807 admodum
1260 753 1423 823 repatriavit.
1437 755 1502 812 llaec
1509 756 1544 812 de
1557 757 1670 829 Sycnro.

954 843 998 895 sb.
1018 840 1047 895 ln
1062 841 1120 911 ipsa
1133 843 1198 896 arbe
1217 841 1388 908 Eboracensi,
1404 845 1521 900 accessit
1547 845 1658 903 adeum
1682 844 1726 902 vir

919 927 1017 984 nobilis
1031 931 1184 985 secundum
1203 931 1342 995 saeculnm,
1358 932 1504 989 Wallenus
1518 934 1636 1007 nomine,
1655 943 1723 991 tunc

920 1017 994 1072 i’rior
1008 1019 1034 1072 in
1050 1019 1198 1073 Krrkclrani
1214 1018 1262 1092 [ol.
1281 1020 1456 1093 liprlaestedel
1473 1023 1639 1097 regularium
1668 1025 1723 1081 lra-

921 1115 1009 1175 trum3
1027 1122 1099 1163 nnnc
1115 1123 1179 1163 tero
1195 1111 1356 1175 monachus,
1372 1118 1401 1166 et
1429 1114 1627 1169 monachorum
1643 1121 1721 1185 pater

920 1195 947 1249 in
963 1196 1075 1251 lllailros
1089 1196 1254 1252 monasterio
1282 1198 1386 1252 ordinis
1414 1201 1510 1269 nostri,
1543 1201 1589 1272 qui
1605 1201 1719 1259 devotus

923 1282 1062 1340 llalachiae
1076 1301 1107 1340 se
1121 1285 1288 1342 orationibus
1316 1287 1381 1343 satis
1411 1287 1547 1345 humiliter
1577 1305 1718 1347 commcn-

920 1373 1005 1429 davit.
1022 1375 1048 1428 ls
1062 1374 1203 1430 advertens
1217 1374 1316 1429 multos
1331 1375 1428 1432 habere
1438 1377 1603 1449 Episcopum
1618 1379 1719 1451 socios,

921 1469 948 1517 et
962 1476 1046 1532 equos
1061 1477 1165 1534 paucos
1179 1477 1250 1533 qnam
1272 1471 1370 1535 praeter
1385 1465 1534 1531 ministros,
1557 1475 1585 1522 et
1597 1466 1712 1525 clericos

922 1549 1001 1620 alios,
1031 1550 1148 1623 quinque
1167 1564 1232 1606 cum
1258 1565 1292 1606 eo
1306 1560 1382 1607 erant
1410 1554 1568 1625 presbytcri,
1599 1562 1627 1610 et
1655 1557 1718 1629 equi

922 1637 1030 1692 nonnisi
1048 1640 1122 1706 tres),
1139 1639 1235 1694 obtulit
1257 1638 1283 1694 ei
1307 1654 1400 1712 sunm,
1416 1656 1471 1713 qno
1485 1641 1545 1714 ipse
1558 1643 1717 1715 vehebatur,

920 1727 972 1782 boc
987 1727 1073 1783 solum
1088 1728 1179 1785 dolere
1192 1743 1222 1783 se
1236 1727 1373 1801 inquiens,
1403 1731 1475 1801 quod
1490 1739 1560 1787 esset
1588 1731 1719 1789 randum

920 1814 988 1873 dure
1004 1823 1122 1887 portans.
1151 1817 1184 1871 Et
1211 1815 1312 1872 addidit
1330 1835 1336 1872 :
1354 1839 1366 1869 a
1383 1817 1519 1875 libentius
1532 1819 1679 1891 dedissem,
1694 1819 1718 1876 si

922 1904 1018 1959 melior
1033 1905 1128 1961 luisset
1143 1923 1150 1963 ε
1167 1904 1225 1972 sed,
1242 1905 1267 1960 si
1296 1904 1457 1979 dignemini,
1474 1907 1567 1965 ducite
1595 1910 1718 1981 qualem·

921 2009 1026 2065 cunque
1046 1994 1197 2050 vobiscum.
1211 2016 1265 2043 »-
1277 2014 1290 2046 a
1301 1993 1405 2068 Etho,
1419 2016 1431 2046 a
1445 1995 1483 2052 ait
1491 1996 1673 2069 Episcopua,‹
1685 2012 1718 2054 eo

921 2082 1048 2138 libentius
1062 2083 1176 2154 accipio,
1192 2098 1244 2154 qno
1260 2084 1392 2154 praedicas
1419 2083 1540 2142 viliorem
1559 2086 1642 2158 :quia
1662 2102 1717 2142 non

921 2180 1009 2242 potest
1021 2171 1084 2227 milri
1099 2171 1432 2244 vileesse,qnidqnidtam
1456 2173 1574 2246 pretiosa
1591 2175 1717 2231 voluntas

920 2260 1057 2318 obtulerit.
1072 2281 1083 2309 r
1100 2262 1132 2317 Et
1147 2275 1293 2320 conversus
1316 2261 1350 2316 ad
1365 2277 1429 2318 suos
1446 2262 1602 2330 :alienes
1619 2263 1714 2336 inquit,

922 2367 934 2400 a
950 2349 1065 2406 sternite
1089 2349 1164 2416 mihi,
1179 2349 1242 2421 quia
1255 2350 1416 2405 commodus
1431 2352 1505 2420 setis,
1522 2357 1551 2407 et
1579 2349 1717 2408 sufficiens

919 2438 972 2492 crit
988 2438 1015 2492 in
1029 2437 1150 2513 longum.
1182 2458 1193 2487 a
1223 2437 1284 2505 Quo
1312 2437 1397 2510 lacto,
1413 2438 1560 2495 ascendit:
1588 2434 1717 2511 et'primo

920 2527 1030 2598 quidem
1045 2527 1154 2597 durum,
1171 2533 1200 2582 ut
1220 2534 1288 2597 erat,
1304 2527 1434 2592 sentiens,
1450 2526 1625 2598 postmodum
1648 2530 1717 2584 mira

921 2615 1069 2672 mutatione
1082 2616 1161 2673 valde
1175 2616 1350 2672 commodum
1366 2615 1418 2671 sibi
1433 2625 1460 2671 et
1474 2616 1593 2673 suaviter
1619 2617 1718 2674 ambu-

922 2705 1025 2760 lantem
1040 2705 1150 2763 invenit.
1166 2705 1199 2760 Et
1213 2722 1246 2761 ne
1260 2704 1368 2762 caderet
1391 2721 1474 2776 super
1489 2713 1587 2763 terram
1602 2706 1635 2763 de
1662 2722 1720 2761 ser·

922 2809 1003 2851 mone
1017 2811 1098 2867 quem
1113 2795 1227 2860 dixerat,
1244 2795 1377 2867 usquead
1393 2810 1496 2850 nonum
1523 2811 1636 2862 annum,
1664 2810 1719 2869 quo

68 2892 145 2954 parte
162 2892 204 2938 ter
228 2883 403 2955 respondisse
427 2884 537 2941 inventa
560 2891 611 2940 est.
645 2885 701 2940 Nec
724 2883 799 2939 enim
812 2898 867 2937 una
885 2873 907 2952 Β
922 2892 1047 2940 mortuus
1061 2890 1103 2940 est
1116 2884 1185 2956 ipse,
1202 2898 1255 2939 non
1272 2881 1371 2939 deiecit
1384 2882 1419 2950 ei,
1435 2883 1525 2940 factus
1547 2885 1677 2954 optimus,
1693 2891 1720 2940 et

68 2972 191 3028 contenti
205 2972 264 3029 vice
280 2972 364 3039 luere,
381 2971 473 3044 cupidi
497 2972 632 3028 retinendi
656 2988 729 3028 eum.
750 2973 867 3027 Demum

65 3063 203 3129 cedentes,
231 3060 370 3116 dimittunt
392 3061 478 3129 illurn,
504 3076 560 3116 non
583 3069 675 3119 tamen
697 3058 786 3118 6⁷3
808 3061 866 3116 sine

65 3151 170 3220 ploratu
185 3156 213 3206 et
228 3150 334 3206 ulutalu
350 3148 445 3205 multo.
465 3149 518 3205 Sed
533 3166 567 3205 ne
589 3151 656 3222 quid
679 3149 866 3223 imperfectum

64 3238 239 3309 relinqueret,
266 3247 384 3295 tractare
402 3239 494 3311 coepit,
522 3238 663 3311 quomodo
676 3238 796 3296 deiuncti
809 3239 864 3295 lra-

63 3327 112 3382 tris
143 3344 236 3384 semen
263 3329 414 3387 suscitaret.
440 3329 474 3382 lit
505 3329 640 3385 accersitis
661 3329 695 3384 ad
722 3344 752 3386 se
776 3329 863 3384 tribus

62 3415 201 3486 discipulis
232 3418 298 3485 suis,
319 3418 416 3474 anxius
443 3418 582 3487 testuehet,
607 3419 733 3491 quisnam
757 3418 864 3489 dignior

62 3504 96 3558 ad
120 3504 171 3560 hoc
195 3520 275 3575 opus,
301 3506 357 3562 sive
381 3507 470 3562 utilior
498 3508 645 3564 videretur.
670 3510 702 3563 Et
718 3508 861 3581 diligenter

62 3591 176 3646 intuitus
187 3592 312 3664 singulos
327 3612 335 3652 ι
353 3613 367 3643 α
385 3595 425 3648 Tu
441 3635 448 3660 ,
467 3613 479 3642 s
499 3594 595 3664 inquit,
615 3615 626 3645 a
642 3611 659 3651 o
675 3594 768 3650 Edane
784 3616 796 3645 a
811 3595 863 3666 (sio

62 3680 136 3735 enim
161 3682 307 3737 vocabatur
333 3683 426 3752 unus),
445 3682 583 3753 «suscipe
607 3696 687 3740 onus.
706 3706 716 3731 ι
734 3682 781 3737 illo
795 3698 861 3738 cun·

62 3776 162 3838 ciente,
180 3778 208 3826 et
223 3768 304 3827 ilente
318 3791 326 3830 ε
345 3772 410 3826 «Nc
421 3771 527 3838 timess,
540 3790 552 3821 s
565 3772 610 3825 ait.
625 3790 638 3821 a
654 3770 695 3826 Tu
709 3771 781 3826 enim
795 3769 861 3825 mibi

63 3875 79 3914 a
108 3859 224 3916 Domino
239 3860 396 3933 designatus
420 3876 460 3926 es,
497 3860 562 3932 quia
584 3861 714 3915 annulum
736 3874 858 3927 aureum,

66 3964 121 4022 quo
146 3950 355 4022 desponsandus
377 3965 417 4017 ea,
434 3952 491 4020 jam
506 3965 578 4006 nuno
605 3949 717 4021 previdi
732 3950 760 4004 in
773 3948 859 4020 digito

61 4046 153 4095 tuo.»
181 4039 325 4111 nequierit
348 4039 404 4106 ille,
422 4047 450 4094 et
473 4039 625 4108 blalacbias,
645 4054 679 4095 eo
694 4046 859 4106 consecrato,

64 4127 250 4199 proficiscitur.

104 4221 148 4286 35,
165 4220 292 4290 Cumque
306 4234 431 4290 egressus
446 4217 480 4272 de
493 4217 591 4284 Scotie,
603 4217 770 4288 pervenisset
788 4215 859 4273 Ebo-

59 4321 152 4362 racum
173 4309 299 4364 sacerdos
325 4308 444 4377 quidam,
467 4309 585 4379 sycarus
608 4307 726 4375 nomine,
752 4306 864 4362 intuitus

921 2972 1135 3041 pretiosissimus
1161 2971 1322 3044 palefridus.
1337 2969 1472 3044 Quodque
1486 2972 1635 3053 elidendus
1667 2971 1720 3027 mi·

919 3061 1046 3117 raculum
1060 3061 1232 3119 cernentibus
1259 3059 1332 3128 lecit,
1350 3060 1384 3115 dc
1412 3060 1545 3133 subnigro
1568 3048 1650 3132 coepit
1678 3059 1722 3117 al·

921 3149 1043 3218 bescere‚
1060 3159 1086 3207 et
1100 3165 1156 3207 non
1178 3150 1264 3205 multo
1280 3155 1341 3220 post
1355 3149 1399 3206 vix
1413 3149 1603 3207 inveniebatur
1630 3147 1717 3204 albior

918 3237 974 3296 illo.

1187 3328 1299 3384 CAPUT
1322 3327 1395 3385 XVl.

954 3421 1068 3475 doricam
1085 3417 1210 3488 tendens,
1224 3422 1251 3474 ct
1262 3417 1327 3474 inde
1341 3417 1462 3484 rediens,
1482 3415 1719 3474 Claram-Vallum

1273 3507 1382 3564 ubilat.

955 3597 1000 3648 st.
1016 3592 1081 3646 lliilri
1095 3607 1203 3662 quoqne
1222 3593 1249 3647 in
1263 3594 1315 3648 hac
1330 3595 1372 3649 via
1387 3594 1485 3649 datum
1499 3601 1540 3648 est
1556 3594 1653 3650 videre
1670 3593 1714 3649 vi·

918 3696 988 3748 rum,
1004 3690 1032 3735 et
1047 3679 1072 3733 in
1083 3679 1143 3747 ejus
1157 3679 1217 3734 visu
1231 3679 1354 3735 etverbo
1364 3678 1486 3736 relectus
1500 3696 1572 3747 snm,
1589 3680 1719 3737 atdclec-

920 3776 993 3824 tatus
1008 3782 1078 3834 sum,
1095 3767 1166 3822 sicut
1189 3766 1216 3821 in
1232 3767 1363 3823 omuibus
1377 3766 1487 3825 divitiis.
1508 3768 1542 3823 Et
1560 3783 1612 3842 ego
1640 3768 1724 3828 vicis·

913 3858 975 3924 sim,
991 3862 1120 3927 peccator
1146 3855 1218 3925 licet,
1234 3855 1322 3910 inveni
1346 3856 1461 3928 gratiam
1487 3855 1515 3912 in
1543 3855 1632 3914 oculis
1657 3855 1717 3926 ejus

914 3957 1023 4013 extunc,
1040 3952 1066 4000 et
1080 3943 1212 4016 deinceps
1227 3959 1315 4016 nsque
1330 3945 1364 4000 ad
1395 3944 1499 4002 obitum
1527 3945 1624 4017 ipsius,
1646 3945 1716 4003 sicut

916 4036 943 4090 in
966 4033 1100 4107 prooemio
1116 4032 1246 4107 praelatus
1268 4048 1339 4088 snm.
1355 4034 1419 4104 lpse
1433 4034 1515 4091 etiam
1534 4033 1661 4106 dignatus
1675 4034 1716 4090 di-

914 4133 1021 4186 vertere
1034 4124 1066 4179 ad
1083 4121 1398 4187 claram-vallemvists
1419 4121 1559 4192 iratribus,
1579 4136 1716 4195 compun-

918 4224 979 4273 ctus
994 4221 1056 4269 est:
1073 4222 1101 4269 et
1112 4211 1156 4266 illi
1171 4226 1225 4267 non
1248 4211 1423 4269 mediocriter
1449 4211 1573 4268 aedificari
1601 4210 1628 4269 in
1641 4227 1714 4286 prte-
1777 4250 1783 4257 -

918 4303 1009 4362 sentia
1022 4308 1048 4358 et
1061 4315 1187 4358 sermone
1202 4300 1274 4370 ejus.
1291 4302 1325 4357 Et
1338 4309 1482 4374 acceptans
1495 4300 1598 4370 locum,
1612 4310 1640 4358 et
1653 4316 1714 4372 nos,

58 4411 122 4455 eum
149 4397 272 4467 agnovit.
291 4396 347 4452 Nec
362 4397 433 4451 enini
454 4397 550 4453 taciem
581 4399 641 4468 ejus
663 4397 861 4454 viderataate:
918 4402 999 4465 atque
1013 4389 1116 4447 intimis
1131 4389 1281 4447 visceribus
1310 4389 1453 4464 colligens,
1468 4390 1595 4447 valedixit
1622 4390 1713 4460 nobis,

57 4486 105 4541 sed
130 4499 192 4539 curn
223 4484 332 4540 baberet
370 4486 500 4557 spiritum
532 4486 688 4557 prephetiae‚
718 4486 864 4543 revelatum
916 4489 943 4538 et
956 4481 1032 4538 abiit.
1059 4479 1111 4550 Qui
1140 4478 1347 4551 transalpinans,
1363 4495 1425 4536 cum
1452 4478 1571 4537 venisset
1597 4478 1715 4550 iporiam

56 4569 144 4626 luerat
166 4568 192 4623 ci
216 4568 382 4638 jampridem
408 4572 442 4625 dc
458 4570 516 4625 illo.
542 4570 575 4625 Et
589 4586 662 4626 nunc
684 4571 865 4628 incunctanter
916 4570 1050 4629 civitatem
1064 4568 1156 4638 ltaliae,
1173 4569 1287 4641 hospitis
1315 4570 1359 4625 sni
1388 4567 1529 4639 parvalum
1557 4565 1652 4633 tilium,
1667 4566 1714 4640 qui

56 4656 294 4712 circumstantibus
312 4655 397 4730 digito
406 4672 471 4712 eum
481 4658 688 4729 demonstrans;
703 4658 775 4715 «llic
785 4666 861 4727 est,»
916 4661 986 4716 male
1001 4659 1105 4716 liabens
1120 4657 1342 4726 moriturnserat,
1358 4657 1487 4712 continuo
1502 4656 1613 4712 sanarit.

57 4745 154 4817 inquit,
175 4766 186 4796 a
210 4746 245 4800 de
261 4759 316 4819 qno
329 4747 460 4816 dixeram,
476 4746 540 4818 qnia
554 4744 588 4802 de
608 4747 734 4803 Hibernia
757 4756 864 4807 sanctus
952 4752 995 4805 38.
1012 4749 1076 4803 Erat
1093 4759 1156 4804 tanc
1171 4746 1301 4818 temporis
1317 4747 1343 4801 in
1368 4745 1438 4801 Sede
1461 4744 1610 4817 apostolica
1627 4738 1725 4803 felicis

55 4833 144 4890 veniet
169 4834 300 4906 pontifex,
326 4835 373 4908 qui
399 4836 448 4892 scit
468 4835 647 4908 cogitationes
671 4835 821 4893 bominum.
847 4856 861 4890 a
915 4836 1056 4895 memoriae
1072 4833 1161 4892 8ss
1176 4834 1350 4891 Innocentius
1378 4834 1514 4890 secundm
1542 4848 1636 4906 papa:
1665 4834 1712 4907 qui

56 4922 100 4979 Sic
120 4937 175 4978 non
201 4925 290 4994 putuit
309 4926 392 4982 latere
416 4927 526 4983 lucerna
549 4924 599 4980 snb
618 4925 709 4982 modio
731 4926 863 4996 prodente
915 4943 978 4985 eum
994 4925 1110 4999 benigne
1125 4924 1254 4994 suscepit,
1271 4924 1387 4979 hamane
1403 4922 1469 4977 salis
1482 4921 1522 4978 illi
1536 4939 1618 4995 super
1632 4923 1713 4997 longa

55 5027 116 5068 eam
132 5029 179 5082 per
199 5027 229 5067 os
244 5013 338 5083 Sycnri
356 5013 456 5084 Spiritu
472 5022 565 5070 sancto
579 5014 626 5085 qni
641 5015 713 5069 illam
733 5015 861 5071 accende·
914 5013 1131 5088 peregrinatione
1144 5027 1316 5085 compassus.
1330 5014 1366 5068 Et
1388 5011 1476 5083 primo
1490 5010 1600 5083 quidem
1627 5012 1711 5069 llala-

56 5107 106 5154 rat.
123 5101 192 5154 Nem
206 5108 233 5155 ct
262 5102 346 5158 multa
367 5111 472 5158 secreta
486 5106 518 5158 de
548 5118 608 5158 csse
623 5119 681 5172 auo,
698 5117 863 5174 suorumque
914 5100 1325 5177 chias,quodaltinainl1xerat
1348 5100 1716 5174 anunmcummultislerv·

55 5190 124 5247 dicta
138 5202 203 5247 sunt
214 5191 239 5246 ei
254 5207 270 5246 a
286 5176 468 5264 Sycaro,'qnae
488 5191 525 5248 ita
539 5206 601 5249 esse
614 5195 656 5248 vel
671 5191 754 5249 luisse
768 5192 861 5249 omnia
913 5193 966 5248 mis
979 5193 1155 5264 implorabat,
1170 5191 1254 5247 licere
1269 5190 1320 5245 sibi
1335 5190 1436 5258 vivere,
1452 5196 1479 5245 et
1489 5189 1559 5245 mori
1573 5190 1602 5244 in
1616 5190 1713 5246 Clara-

59 5279 226 5355 rccognovit.
251 5279 303 5336 Sed
323 5287 350 5335 et
366 5280 446 5336 sociis
468 5280 607 5337 llalaclriae
629 5280 856 5354 percontantibus
911 5281 1000 5354 Valle,
1016 5281 1153 5352 pennissu
1174 5288 1201 5336 et
1221 5279 1413 5341 benedictione¹
1437 5278 1537 5334 summi
1564 5278 1712 5353 Pontificis,

53 5367 88 5423 de
117 5384 167 5424 sno
183 5367 282 5436 reditu,
300 5369 442 5441 respondit
470 5369 588 5441 Sycarus
612 5369 795 5427 incunctanter
803 5370 859 5442 (qui
912 5371 946 5427 Et
961 5369 1037 5442 petiit
1049 5370 1113 5440 boc,
1132 5385 1188 5425 non
1202 5369 1303 5425 oblitus
1315 5367 1351 5425 ad
1365 5366 1438 5442 qnod
1452 5375 1574 5440 venerut,
1599 5367 1648 5425 sed
1669 5365 1712 5426 sl·

52 5465 126 5532 post
151 5457 193 5514 rai
216 5458 343 5531 probavit
356 5458 491 5531 eventus),
506 5473 607 5531 paucos
620 5460 744 5518 videlicet
763 5459 858 5517 admo·
912 5458 1005 5518 lectus
1019 5475 1073 5534 qno
1086 5466 1200 5516 venerst
1212 5456 1349 5517 desiderio
1361 5456 1560 5516 clare-tatus.
1573 5457 1637 5515 Non
1657 5472 1711 5515 aa·
1805 5444 1808 5451 ’
