3728 5940
105 175 158 237 stt
575 173 603 232 S.
624 171 795 235 satutant
814 172 952 237 xantus
970 176 1285 242 deRAE-VALLBNSIS
1696 189 1749 249 318

105 303 151 368 tis,
166 301 250 358 ιοιίιιι
266 300 361 376 ignara
385 301 497 355 honoris
517 305 545 353 et
559 296 724 357 honestatis!
743 299 807 357 Hac
823 301 903 373 plane
918 317 941 394 g
992 307 1021 362 l.
1035 306 1180 376 Propterea
1194 307 1240 380 qni
1255 316 1282 365 te
1297 309 1461 381 beatificant,
1482 311 1645 371 insererem
1661 321 1690 371 ts
1706 313 1749 371 in-

104 389 163 456 illa,
179 405 262 462 quam
278 389 389 460 Sapiens
401 387 526 459 loquitur,
542 391 670 459 confusio
684 389 902 463 adduceaspec-
957 393 1068 464 ducunt,
1093 395 1188 452 dantes
1214 397 1305 464 rerba,
1326 414 1441 455 munera
1466 408 1643 472 reportantes.
1672 402 1750 459 Vana

106 485 203 535 catum
219 480 318 546 (baali.
334 493 373 546 ιιι,
390 478 444 548 25).
462 478 536 532 ltane
549 477 732 533 verecundum
747 487 787 534 est
801 479 903 534 homini
957 481 1026 549 baec,
1043 491 1122 556 atque
1137 482 1183 540 ilts
1199 501 1205 538 :
1222 487 1268 541 sed
1281 488 1362 543 verba
1376 487 1501 561 amplius.
1518 489 1550 545 Et
1570 489 1693 562 decipitis
1713 491 1748 546 de

104 565 176 622 vinci
191 582 206 619 a
220 567 290 630 Deo,
304 572 332 619 et
345 568 430 636 probo
445 565 554 622 ducitur
573 564 709 620 humiliari
729 566 780 620 sub
801 568 902 635 potenti
957 569 1072 625 sanitate
1094 571 1121 626 in
1140 571 1282 642 idipsum:
1309 574 1360 629 sed
1386 583 1415 631 ιιι
1438 577 1525 649 magis
1544 576 1686 649 deciperis,
1710 579 1748 634 illi

105 671 186 709 marin
201 653 357 708 altissimi?
371 655 431 709 Non
446 653 481 708 ita
507 669 551 708 rex
575 653 620 708 ille
644 653 777 725 gloriosus
791 655 876 710 David
894 672 900 708 ε
957 658 1057 714 minus.
1072 659 1125 714 Das
1136 661 1237 733 quippe
1249 662 1319 732 qnod
1331 664 1624 735 utcumqneplurisest
1638 681 1646 723 ε
1661 674 1687 722 ιι
1700 668 1749 723 das

108 743 166 799 lidi
180 744 243 805 soli,
259 741 356 812 inquit,
374 743 497 813 peccaui,
513 745 541 796 at
557 743 668 797 malurn
687 758 784 799 cora-m
800 746 900 814 tessal,
956 746 1079 817 ingratis,
1101 748 1150 802 das
1171 748 1330 817 immeritis;
1347 751 1478 821 siquidem
1498 760 1553 820 tua,
1568 768 1624 810 non
1646 762 1671 812 te
1684 756 1748 810 dili·

105 832 316 902 utjastificerr's
331 834 362 887 ia
372 832 548 887 sermonibus
563 832 657 887 taisel
672 832 771 888 vincas
785 835 903 904 ceruja·
956 843 1033 904 gunt.
1046 836 1103 890 lmo
1119 853 1170 893 nec
1185 836 1271 894 180
1285 846 1321 907 te,
1332 855 1383 895 nec
1396 848 1440 895 tua
1454 857 1461 894 :
1474 841 1523 897 sed
1538 858 1599 914 quae
1613 859 1662 899 sna
1671 853 1747 911 sunt,

104 919 208 977 dicaris
222 922 308 984 (Psoi.
325 935 350 986 ι,
363 919 791 991 6).Summumvictoriaegenns,
804 921 902 976 divinae
954 932 1088 993 quaerunt.
1112 925 1179 987 Tua,
1204 927 1276 997 qnod
1297 935 1433 998 poterunt,
1458 929 1629 986 venabuntur
1650 932 1748 986 adula-

103 1009 199 1065 cederc
215 1008 364 1078 majestati:
384 1016 409 1064 et
426 1007 578 1063 auctoritati
593 1009 685 1062 matris
701 1008 833 1065 Ecclesiae
847 1026 901 1066 non
956 1011 1072 1067 tionibus
1086 1012 1162 1068 vanis
1175 1023 1203 1070 et
1217 1013 1299 1071 falsis.
1315 1016 1407 1073 Molliti
1420 1024 1484 1073 sunt
1495 1033 1636 1075 sermones
1649 1034 1747 1075 eornm

104 1095 243 1165 reluctari,
260 1112 383 1151 summus
405 1097 493 1149 honor
508 1102 534 1150 et
557 1096 653 1166 gloria.
670 1096 693 1151 Ο
718 1098 897 1168 perversitas!
955 1115 1037 1170 super
1054 1099 1154 1167 oleum,
1170 1111 1196 1157 et
1212 1101 1264 1171 ipsi
1279 1112 1342 1159 sunt
1352 1103 1442 1177 jacula
1461 1106 1549 1178 (Psal.
1565 1122 1624 1176 ιιι,
1640 1107 1697 1179 22).
1713 1107 1747 1162 Et

103 1183 162 1240 Non
186 1183 267 1253 pudet
287 1182 432 1253 inquinari,
457 1190 483 1236 et
506 1182 578 1236 ablui
599 1183 698 1253 pudctl
727 1187 775 1240 Est
797 1186 899 1257 pudor,
954 1186 1073 1243 idocebat
1100 1189 1184 1244 David
1214 1208 1221 1245 :
1253 1193 1350 1250 Oleum
1378 1197 1476 1252 nutam
1498 1198 1655 1267 peccatoris
1690 1212 1748 1253 aaa

100 1275 177 1343 Juxta
193 1272 358 1344 Sapientem,
375 1273 518 1327 andraeam
530 1273 650 1342 gloriam
666 1273 764 1341 (Eccli.
782 1289 818 1338 tv,
835 1276 899 1346 25);
954 1278 1112 1349 impinguet
1127 1285 1215 1352 caput
1228 1296 1323 1337 mcum
1336 1284 1427 1354 (Psal.
1444 1299 1509 1353 cxc,
1525 1285 1564 1355 b).
1575 1285 1616 1338 Ab
1626 1284 1669 1340 bis
1684 1282 1747 1340 lan—

102 1361 126 1415 si
139 1361 267 1417 videlicet
285 1376 397 1430 peccare
422 1359 532 1429 pudeat,
558 1359 648 1416 sinon
665 1360 818 1430 palesarsi
837 1380 901 1434 pec·
953 1365 1033 1421 datur
1055 1375 1178 1435 peccator
1191 1368 1220 1423 in
1239 1368 1381 1428 desideriis
1396 1371 1494 1427 anirnae
1514 1388 1582 1440 snae,
1598 1379 1625 1428 et
1640 1371 1750 1445 iniquus

102 1465 178 1504 casse
195 1466 200 1503 ;
220 1457 245 1502 ιι
261 1448 299 1501 ita
316 1448 355 1502 rol
373 1462 433 1502 sera
448 1449 535 1519 gloria
555 1463 608 1503 non
623 1449 737 1518 carebis,
754 1449 898 1506 reducente
954 1454 1119 1511 benedicitur
1132 1456 1217 1527 (Psoi.
1237 1471 1279 1522 xx,
1297 1458 1412 1528 21).Δ1ι
1432 1459 1476 1514 bis
1499 1475 1566 1534 ergo
1581 1475 1678 1518 cavere
1693 1475 1748 1516 non

102 1537 228 1593 nimirum
245 1536 348 1606 pudore
362 1550 444 1607 quam
465 1536 544 1607 culpa
568 1537 715 1611 fugaverat.
741 1538 899 1595 Secundum
952 1555 1014 1614 ego,
1030 1542 1076 1597 sed
1092 1541 1206 1615 Sapiens
1219 1543 1324 1599 domat.
1341 1546 1418 1615 Filii,
1432 1546 1478 1612 ait,
1494 1549 1521 1602 si
1535 1551 1562 1605 te
1576 1549 1752 1606 lacmaeriut

101 1632 196 1680 tenent
210 1623 388 1678 beatitudinis
403 1622 503 1688 locum,
514 1639 629 1695 qnorum
644 1626 764 1682 remissae
777 1634 839 1682 sunt
853 1629 901 1683 ini·
952 1635 1122 1703 peccatores,
1136 1647 1172 1688 aa
1184 1633 1344 1704 acquiemm
1358 1633 1399 1690 cis
1412 1635 1503 1701 (Pron.
1519 1650 1539 1702 ι,
1558 1638 1613 1705 10).
1629 1637 1751 1692 attende

101 1714 225 1786 quitatcs,
238 1720 266 1767 et
278 1728 397 1782 qnorum
408 1718 479 1768 tecta
489 1721 553 1768 sunt
561 1714 763 1785 peccata(Psol.
772 1716 898 1786 aurel),
953 1716 1043 1787 potius
1061 1715 1102 1772 illi
1122 1717 1169 1789 qni
1188 1717 1291 1787 jndicat
1315 1717 1343 1775 in
1366 1721 1494 1794 aeqnitate
1521 1736 1571 1791 pro
1598 1723 1750 1779 mansuetis

53 1874 60 1882 ¹
103 1801 272 1857 Honorabile
296 1808 492 1871 tegumentum,
507 1801 542 1856 de
570 1817 624 1871 quo
646 1802 766 1874 legitur:
784 1804 899 1875 Carales-
953 1810 1041 1869 terrae,
1066 1819 1135 1876 quos
1157 1812 1203 1861 tua
1229 1819 1284 1861 non
1312 1807 1458 1878 pastoralis
1484 1807 1626 1882 diligentia
1648 1811 1750 1882 pascit,

104 1894 145 1950 sio
160 1895 189 1948 ct
201 1888 385 1963 pulchritudo
398 1890 430 1945 in
442 1893 594 1961 conspectu
609 1892 669 1962 ejus
683 1890 897 1964 (Ριι1.ιιιιι,6).
951 1890 1000 1948 sed
1023 1892 1160 1950 eaeenlaris
1181 1893 1277 1964 premit
1299 1896 1418 1968 potentia
1433 1912 1440 1950 ι
1456 1911 1538 1969 qnam
1555 1914 1609 1954 non
1631 1898 1751 1954 haberes

103 1977 170 2048 Quis
197 1975 263 2032 mibi
293 1976 396 2031 tribnat
418 1975 510 2031 ridere
533 1984 558 2030 te
583 1977 610 2032 in
632 1977 731 2035 vestitu
759 1979 898 2045 deaurato,

103 2077 133 2123 ut
145 2066 269 2122 dicamus
293 2073 321 2119 et
336 2063 384 2119 tibi
400 2077 408 2117 τ
438 2064 648 2135 consessionem
663 2071 692 2125 et
714 2066 840 2124 decorem
855 2068 900 2122 ta·

103 2155 203 2222 duisti,
222 2153 345 2210 amulas
361 2153 470 2208 lamiae
491 2154 567 2209 suut
594 2155 788 2212 vestimenta?
809 2154 897 2224 (Psoi.

953 1992 1036 2048 snper
1049 1993 1096 2035 eos
1115 1978 1207 2049 ullam,
1232 1979 1285 2036 nisi
1307 1983 1370 2039 data
1390 1999 1449 2040 esse
1470 1983 1517 2041 tibi
1549 1985 1678 2056 desuper.
1694 1986 1749 2042 Sed

952 2066 1009 2122 baec
1033 2067 1153 2137 estbora
1179 2079 1326 2138 restruet
1353 2080 1471 2140 potestas
1498 2072 1684 2128 tenebrarum.
1702 2075 1750 2129 At-

951 2154 1032 2210 tendo
1045 2161 1155 2212 autem:
1175 2156 1320 2214 Iudicium
1334 2175 1419 2231 grave
1439 2160 1483 2216 bis
1504 2161 1553 2233 qni
1575 2166 1706 2232 praesaal
1720 2165 1750 2216 et

103 2259 163 2310 cru,
181 2247 208 2312 1,
228 2243 269 2312 2.)
293 2243 445 2305 lievertcre,
463 2240 623 2312 sunamitis,
646 2249 792 2305 revertere,
812 2249 842 2296 ut
857 2240 897 2295 in·
951 2245 1076 2315 potentes
1089 2248 1225 2317 potenter
1240 2251 1383 2304 tarascala
1404 2248 1555 2320 potientur
1572 2249 1649 2320 (Sap.
1665 2264 1704 2320 vr,
1721 2251 1737 2302 6

105 2340 231 2388 tueamur
245 2332 296 2385 te‘?
319 2331 442 2402 (Cautio.
458 2345 497 2398 vx,
514 2331 571 2400 12.)
587 2330 738 2404 consurge,
752 2343 897 2402 consurge,
950 2332 990 2399 ’1).
1005 2331 1063 2388 linc
1085 2332 1108 2388 si
1135 2348 1228 2407 paves,
1244 2350 1344 2404 csves;
1374 2335 1396 2390 si
1412 2336 1536 2410 negligis,
1566 2336 1673 2392 incidis.
1703 2337 1747 2408 Et,

108 2420 219 2476 induere
239 2417 405 2487 tortitudine,
421 2417 533 2475 induere
553 2418 710 2474 vestimento
724 2415 816 2472 salutis
831 2416 897 2488 (lse.
952 2419 1128 2477 Horrendum
1154 2424 1196 2480 est
1222 2423 1348 2481 incidere
1372 2425 1403 2478 ia
1431 2441 1536 2482 marrus
1556 2427 1606 2482 Dei
1630 2427 1750 2484 niventis

105 2525 150 2572 ιιι,
166 2508 204 2578 1).
218 2508 314 2582 Surge,
334 2507 381 2576 qni
401 2504 512 2573 dormis,
527 2512 554 2560 et
572 2519 689 2577 exsurge
704 2519 720 2558 a
735 2503 857 2570 mortuis,
873 2515 898 2560 et
954 2507 1043 2578 lllcbr.
1059 2524 1089 2578 x,
1105 2509 1162 2578 31).
1177 2511 1288 2565 Avertat
1303 2512 1354 2569 boc
1368 2528 1440 2568 unus
1459 2521 1485 2567 et
1504 2529 1585 2568 verus
1603 2514 1687 2582 Dens,
1702 2514 1749 2584 qui

104 2595 311 2653 illuminabitis
335 2595 455 2650 Christus
480 2595 589 2668 (prcs.
605 2611 631 2660 ι,
663 2593 761 2664 libb
791 2606 899 2651 mortuo
952 2597 1199 2652 nonvultmortem
1216 2599 1373 2668 peccatoris,
1397 2599 1749 2675 sedutmagiseonvcrta-

105 2695 233 2756 tanquam
243 2685 290 2758 qui
305 2701 357 2741 non
369 2693 419 2750 est,
431 2684 499 2755 perit
509 2682 642 2739 confessio
656 2682 755 2752 (lircil.
765 2699 832 2750 xvu,
844 2685 899 2755 26),
953 2692 996 2739 tur
1008 2695 1033 2741 et
1047 2684 1117 2741 vivat
1132 2685 1238 2757 (bacola.
1250 2703 1331 2754 ιιιιιι,
1344 2691 1388 2759 23,
1405 2689 1458 2754 32).
1476 2690 1554 2744 Plura
1573 2691 1660 2744 adhuc
1673 2691 1750 2764 loqui

140 2781 166 2832 3.
183 2776 327 2847 Usquequo
347 2771 514 2830 oblivisceris
537 2778 564 2825 ιι
587 2769 615 2825 in
633 2768 739 2827 linem?
756 2788 898 2845 usquequo
952 2768 1004 2826 fert
1018 2772 1135 2836 animus,
1152 2773 1200 2827 scd
1215 2788 1269 2828 non
1280 2774 1332 2829 lert
1346 2774 1415 2830 sorte
1430 2775 1550 2832 auditus.
1570 2777 1627 2833 Nec
1642 2777 1750 2847 placent

104 2863 207 2920 dormis
229 2865 256 2920 in
279 2872 375 2929 morte,
401 2859 483 2916 decus
508 2857 648 2924 nobilium,
665 2857 896 2918 fidelinmlletnsl
915 2862 1058 2941 caspcra,
1093 2859 1217 2933 quamvis
1244 2873 1333 2934 recta,
1374 2871 1400 2920 et
1436 2864 1563 2935 salubria,
1594 2864 1659 2936 qnia
1687 2872 1750 2920 sunt

102 2952 333 3023 Quandineontra
347 2965 451 3005 morem
465 2956 541 3003 tuum
557 2946 689 3018 pertinax,
706 2956 800 3005 contra
813 2950 897 3008 hono-
953 2964 1052 3019 amara,
1068 2964 1124 3004 nnn
1147 2947 1264 3021 sapiunt.
1290 2953 1390 3008 Ponam
1414 2952 1505 3022 itaque
1533 2951 1647 3023 digitum
1669 2969 1750 3023 super

102 3057 158 3097 rem
175 3050 250 3095 tuum
263 3036 420 3111 sequestris,
437 3043 531 3091 contra
552 3035 665 3090 salntem
681 3043 753 3090 tuam
768 3037 896 3093 rebellisi
952 3050 984 3092 os
999 3052 1099 3106 meum,
1129 3039 1215 3094 donec
1245 3038 1328 3095 sciam
1355 3041 1405 3094 ista
1432 3039 1547 3112 qualiter
1564 3050 1748 3112 acceptentur.

103 3128 168 3200 qnid
183 3127 245 3184 illos
258 3127 384 3201 egregios
400 3138 502 3189 mores,
526 3131 656 3195 actusque
670 3131 731 3180 tuos
753 3133 826 3181 tuam
840 3127 898 3182 dis·
952 3125 1070 3181 Placebo
1083 3134 1172 3181 autom
1195 3124 1218 3180 si
1234 3135 1338 3197 potero,
1356 3143 1408 3182 non
1435 3128 1509 3199 stilo,
1525 3142 1619 3198 neque
1645 3127 1748 3202 lingna,

103 3217 184 3276 simili
209 3216 301 3288 pergis
328 3213 401 3272 exitu
430 3213 643 3268 consummare?
670 3210 815 3279 Quomodo
833 3223 899 3271 aetas
952 3215 1000 3269 sed
1015 3228 1098 3285 opere
1113 3223 1141 3268 et
1155 3213 1279 3272 veritate.

104 3306 164 3372 ista,
181 3321 260 3378 qnam
281 3303 307 3357 in
331 3300 515 3357 misericordia
531 3301 608 3358 uberi
629 3304 799 3374 requiescere
817 3318 898 3374 opor·
1174 3319 1340 3376 qusqogq
1359 3320 1531 3376 ngxqu

34 3396 38 3403 ’
105 3395 188 3458 lebab
203 3389 324 3447 Omnium
344 3391 541 3460 lllaeleritolum
563 3390 668 3446 dietum
684 3401 789 3448 ¹¹1⁰ll¹¹¹¹
806 3408 900 3462 poenas
952 3423 989 3463 xo
1009 3423 1133 3465 sruossu
1147 3423 1242 3466 statutt
1256 3423 1430 3466 cassabatur
1440 3422 1652 3466 cueaxcnuexs
1662 3410 1749 3479 (191).

104 3484 163 3546 llil·
179 3494 228 3534 ⁰⁶⁰
241 3477 318 3533 (ΠΜ)
332 3475 449 3549 ουΙβὸὃῗ
464 3478 529 3543 0⁰¹2
546 3479 613 3549 llmh
629 3477 723 3534 ⁶⁰¹⁰&
739 3478 796 3535 ⁸0¹⁸
810 3495 897 3535 *¹0⁰0*
955 3499 1021 3568 lijas
1031 3499 1128 3554 tutelae
1148 3497 1329 3554 Volcclleuses
1344 3496 1493 3554 monachos
1508 3498 1690 3561 comaneadnt,
1701 3516 1749 3569 pn·

105 3571 188 3626 renda
197 3565 307 3624 canities
319 3564 401 3620 solita
415 3566 587 3623 veneratione
602 3566 748 3631 fraudator,
765 3569 823 3622 sola
841 3567 899 3623 sine
1006 3570 1060 3624 tris
1071 3568 1252 3626 donatiouem
1266 3568 1300 3625 ab
1314 3583 1344 3626 eo
1359 3573 1454 3623 ratam
1472 3567 1567 3623 baberi
1581 3583 1692 3640 roquos.

104 3660 205 3712 bonore
229 3651 378 3719 marcescit,
397 3671 478 3725 quam
497 3653 539 3709 vel
565 3655 682 3710 maxime
696 3654 784 3711 decuit
808 3656 897 3711 hono·
988 3655 1174 3730 cognoscens,
1197 3655 1383 3728 dilectissime,
1408 3656 1547 3711 nuntiante
1574 3655 1670 3712 abbate
1693 3657 1747 3713 lla·

104 3741 316 3799 mriiiliserere
330 3740 426 3796 animae
443 3750 496 3798 tune
512 3742 620 3811 placans
642 3744 698 3799 Deo
712 3745 809 3812 (baali.
825 3759 899 3809 xxx,
954 3744 1029 3802 dnllo
1043 3745 1130 3818 (392),
1146 3745 1179 3801 de
1203 3745 1339 3813 Valcollis,
1356 3745 1510 3800 desiderare
1531 3753 1557 3800 te
1582 3745 1667 3800 nostri
1683 3761 1749 3815 pree·

103 3833 158 3897 21).
175 3830 280 3885 Etenim
299 3829 345 3900 qui
371 3830 528 3886 hominibus
556 3830 674 3902 placent,
691 3832 800 3888 contusi
827 3842 899 3903 sunt,
954 3834 1068 3889 sentiam
1083 3843 1161 3907 atque
1176 3834 1349 3906 colloquium,
1365 3835 1517 3889 delectatus
1530 3849 1589 3889 sum
1603 3834 1748 3889 admodum

101 3919 228 3993 qnoniam
243 3920 316 3975 Dens
330 3919 431 3990 sprevit
445 3923 594 3991 eos(Psnl.
611 3936 659 3990 ιιι,
676 3924 714 3991 6).
732 3922 831 3976 breves
842 3920 901 3977 dies
954 3931 1026 3978 tanta
1049 3924 1086 3978 tni
1111 3939 1176 3997 erga
1200 3941 1242 3979 me
1267 3923 1431 3990 devotione3
1457 3937 1508 3977 nec
1527 3931 1600 3977 certe
1628 3923 1748 3994 ingratus

102 4008 216 4065 bominis
234 4018 296 4066 sunt
310 4011 379 4082 (lob.
397 4026 457 4075 xrv,
469 4012 498 4076 5)
515 4027 522 4064 z
539 4010 682 4065 senirnors
698 4011 724 4064 in
737 4009 829 4080 jannis
848 4019 899 4066 est.
954 4011 1159 4069 benevolentias.
1178 4011 1290 4067 Noveris
1311 4019 1337 4065 et
1359 4025 1427 4064 meae
1441 4025 1500 4064 essa
1521 4009 1675 4080 voluntatis,
1703 4016 1749 4064 tuo

102 4097 237 4155 blodicum
251 4100 346 4166 habes,
371 4117 483 4172 prorsus
500 4100 634 4155 modicum
653 4107 762 4171 tempus
781 4114 842 4154 cum
858 4099 900 4153 his
918 4098 1104 4215 usatisfacere
1122 4098 1254 4153 desiderio
1278 4115 1285 4150 :
1311 4098 1358 4153 sed
1387 4098 1524 4170 corporali
1553 4096 1674 4155 molestia
1691 4097 1749 4151 im·

103 4187 149 4260 qni
164 4186 259 4243 dicunt
275 4189 334 4258 tibi,
350 4190 435 4262 linga,
461 4204 542 4259 enge.
568 4187 608 4242 Sit
622 4186 701 4241 etiam
726 4201 774 4257 pro
795 4186 901 4241 modico

104 4275 152 4331 tibi
165 4277 283 4346 judicari
297 4278 331 4331 ab
356 4277 430 4347 ipsis,
456 4284 502 4330 aut
516 4276 550 4329 ab
569 4275 686 4329 bumana
710 4276 763 4341 die,
788 4274 833 4345 qui
848 4289 900 4328 an-

104 4368 192 4440 gelico
208 4366 326 4421 examini
345 4366 515 4435 jamjamque
530 4378 560 4416 es
582 4361 793 4430 praecolendus,
809 4361 855 4432 qui
870 4364 902 4415 ad

104 4454 221 4511 tribunal
237 4451 382 4510 terrificum
403 4451 504 4507 Christi
525 4449 584 4519 ipso
600 4450 655 4519 jam
677 4449 784 4505 delectu
799 4458 902 4505 naturae

103 4543 273 4600 miserandus
283 4541 397 4616 urgeris.
409 4539 450 4595 Illi
462 4546 489 4594 te
500 4547 605 4609 oportet
620 4553 773 4609 praeparare
787 4539 900 4609 judicio,

104 4633 142 4688 illi
157 4633 257 4691 saecnlo
271 4632 450 4696 condumam,
475 4627 548 4683 illius
570 4628 652 4683 curiae
673 4627 801 4683 affectare
824 4627 900 4684 lavo·

106 4738 171 4788 rem,
196 4720 341 4777 formidare
365 4717 510 4787 repulsam.
536 4716 607 4786 Quid
634 4716 742 4773 illorum
770 4716 902 4773 sententia

104 4808 284 4873 conturbaris,
299 4821 415 4878 quornm
432 4820 481 4860 nec
501 4804 579 4861 lande
605 4806 747 4874 probatus,
764 4820 814 4860 nac
829 4807 901 4861 vitu-

107 4896 244 4970 peratione
259 4894 390 4964 reprobus
407 4892 554 4950 invenirisl
571 4893 695 4963 Denique
717 4894 776 4948 vani
790 4891 836 4948 lilii
851 4893 902 4949 bo-

106 4987 218 5054 minum,
233 4983 375 5039 mendaees
391 4979 437 5037 lilii
451 4981 592 5036 hominum
607 4982 633 5036 in
648 4981 766 5048 statoris,
781 4989 811 5037 ut
825 4982 900 5039 deci·

106 5075 181 5147 piant
194 5073 247 5146 ipsi
263 5074 297 5129 da
311 5073 429 5129 vanitate
444 5071 471 5127 in
481 5071 599 5142 inipum
617 5072 702 5142 (Psoi.
719 5087 777 5141 xxx,
795 5072 849 5141 lt).

143 5189 218 5262 (tet)
233 5188 337 5257 Scripta
354 5189 424 5245 circa
449 5202 553 5243 annum
568 5189 647 5242 ttto.
664 5218 700 5228 -
719 5189 749 5242 ln
777 5187 904 5243 ominibus

105 5262 216 5331 scriptis
236 5263 318 5325 deest,
347 5262 580 5317 Cameracensis:
600 5259 707 5330 quidam
734 5258 842 5327 habent,
871 5260 905 5316 dc

110 5333 183 5404 Orsy.
201 5333 349 5402 Utrumque
366 5339 455 5398 recte3
471 5347 532 5385 nam
548 5330 576 5386 in
600 5332 649 5385 liae
672 5330 788 5401 epistola
802 5333 903 5386 mentio

108 5414 150 5460 est
169 5404 203 5459 ds
219 5403 359 5460 monacbis
373 5401 561 5466 Valcellarum,
576 5401 687 5459 Ordinis
702 5401 905 5467 cistarciensis,

108 5473 180 5547 quod
199 5472 351 5533 ooenobinm
375 5489 446 5530 anno
461 5477 530 5530 1132
546 5472 683 5530 conditum
698 5479 739 5529 ιιι
754 5488 839 5545 prope
854 5473 908 5530 Ga-

955 4187 1042 4256 pcdiri
1058 4196 1110 4242 tam
1126 4187 1159 4241 ab
1174 4188 1254 4256 hujus
1269 4186 1413 4242 voluntatis
1426 4185 1536 4257 ellectu,
1559 4202 1638 4259 quam
1665 4195 1692 4242 et
1716 4186 1749 4240 ab

955 4274 1014 4329 aliis
1028 4275 1161 4344 plurimis,
1173 4274 1373 4346 plurimumque
1385 4275 1544 4331 necessariis
1559 4274 1682 4348 negotiis.
1699 4273 1751 4329 Sed

957 4363 1016 4418 lieet
1030 4364 1125 4418 absens
1145 4378 1270 4433 corpore,
1295 4379 1356 4417 sum
1378 4371 1467 4417 tamen
1492 4378 1613 4433 praesens
1642 4360 1750 4433 spiritu,

956 4453 1041 4508 donec
1058 4453 1219 4522 quandoque
1234 4452 1310 4523 llam,
1331 4452 1389 4507 Deo
1403 4450 1521 4520 volente,
1536 4457 1563 4505 et
1577 4464 1702 4520 corpore,
1723 4458 1751 4504 et

955 4540 1069 4610 spiritu:
1086 4540 1108 4596 si
1134 4549 1222 4596 tamen
1246 4554 1299 4595 non
1327 4555 1376 4595 ore
1402 4545 1504 4595 tantum
1530 4546 1556 4593 et
1580 4537 1680 4608 lingua,
1704 4538 1753 4593 sed

955 4643 1036 4696 opere
1057 4629 1202 4701 diligamus
1219 4636 1245 4685 et
1269 4627 1389 4685 veritate.
1414 4628 1501 4699 igitur
1529 4626 1557 4681 in
1581 4624 1751 4681 exhibitione

955 4716 1046 4787 operis
1074 4716 1185 4789 liquebit
1207 4718 1306 4774 veritas
1327 4714 1492 4772 dilectionis.
1518 4714 1575 4768 lloc
1597 4718 1639 4767 est
1657 4721 1753 4782 itaque

954 4807 1027 4879 quod
1038 4820 1114 4878 rogo,
1130 4813 1160 4862 ut
1171 4805 1243 4878 qnod
1258 4805 1291 4861 de
1304 4818 1366 4860 meo
1380 4803 1451 4877 apud
1465 4810 1491 4857 te
1507 4807 1557 4871 est,
1576 4798 1673 4855 iratres
1688 4800 1753 4857 dico

956 4895 1149 4963 valcellenses,
1164 4905 1191 4951 et
1210 4909 1306 4951 eornm
1320 4890 1460 4948 ecclesiam
1473 4889 1526 4945 mei
1541 4889 1627 4961 gratia
1642 4889 1750 4963 diligas,

954 4985 1055 5055 foveas,
1071 4994 1098 5040 ct
1112 5000 1192 5040 manu
1208 4991 1300 5040 teneas
1313 4981 1358 5036 ubi
1370 4993 1480 5036 necesse
1495 4978 1576 5035 luerit
1594 4996 1600 5035 :
1619 4990 1649 5035 ut
1664 4979 1689 5033 in
1701 4979 1754 5036 hoc

956 5085 983 5129 et
998 5081 1049 5129 tuae
1070 5071 1233 5130 liberalitatis
1252 5070 1357 5142 insigne
1372 5071 1492 5141 praebeas
1506 5068 1710 5139 documentum,
1727 5072 1754 5125 et

958 5205 1103 5246 meracum.
1127 5187 1264 5244 Simonem
1278 5186 1313 5240 de
1334 5183 1443 5241 Oisiaeo
1462 5182 1553 5239 laudat
1574 5194 1667 5240 auctor
1686 5183 1754 5239 vitm

959 5262 986 5316 S.
1001 5260 1113 5317 Gosvini
1127 5256 1229 5316 abbatis
1239 5255 1454 5329 aquicinctensis
1467 5255 1494 5310 in
1510 5253 1580 5310 libro
1591 5271 1623 5323 ιι,
1636 5270 1696 5323 cap.
1711 5257 1754 5309 lii.

960 5332 1078 5412 Simonis
1092 5338 1166 5402 pater
1180 5330 1258 5401 llugo
1273 5331 1308 5386 de
1321 5327 1462 5396 blercorio,
1473 5328 1508 5383 de
1520 5341 1574 5398 qno
1584 5327 1613 5382 in
1626 5333 1755 5383 contextu

960 5403 1114 5548 epatggpin
1129 5471 1244 5532 vetuatis
1253 5471 1329 5530 libris
1344 5471 1528 5531 abbreviatum
1539 5474 1580 5527 est
1593 5466 1627 5527 il.
1643 5481 1753 5528 nomen.
