3728 5940
150 167 205 229 aar
627 167 996 231 assumant-anasum
1019 162 1336 228 maan-vlnnmsrs
1750 154 1801 231 sss

152 295 208 352 oris
220 297 321 370 ubique
334 296 496 369 promissio:
511 295 559 353 aed
584 294 647 368 qnia
662 309 716 348 non
732 308 785 349 una
801 302 842 350 est
855 292 944 348 omni·
962 307 985 386 Ι
1002 292 1087 347 Porro
1105 291 1139 347 de
1153 290 1243 348 vicino
1256 290 1395 362 prohibet,
1410 288 1483 362 quod
1496 289 1575 360 jubet
1587 291 1802 367 deperequno:

154 384 306 442 buscordis
320 385 441 452 intentio,
467 391 566 456 potest,
582 382 765 439 indubitanter
784 382 843 437 sine
858 379 944 435 detri-
1002 394 1037 434 ne
1059 378 1181 435 vicinitas
1200 379 1272 441 inter
1295 379 1459 436 monasteria
1472 378 1560 435 fomes
1577 379 1713 450 modali,
1738 379 1803 439 rixa

156 482 246 528 mento
272 471 373 538 salutis,
399 483 426 528 et
450 473 509 527 sine
535 471 633 527 damno
652 467 841 541 professionis,
857 468 948 540 operis
1002 468 1113 523 materia
1129 467 1173 532 sit,
1191 470 1212 524 si
1224 467 1381 523 alterutrum
1396 466 1519 538 recipere
1530 469 1684 526 monachos
1697 471 1804 544 aequis

155 575 262 632 quoque
279 575 334 616 nun
355 576 409 614 una
424 560 522 633 ubique
544 558 699 616 observatio
715 558 855 613 celebrari.
872 557 948 614 Sicut
1000 557 1090 612 verint
1103 556 1204 628 absque
1216 564 1307 612 mutuo
1331 556 1463 613 duntaxat
1477 571 1602 612 assensu.
1622 555 1707 626 Quod
1725 558 1804 615 toties

155 649 226 706 enirn
240 663 295 703 non
309 664 403 703 omnes
415 649 505 705 omnia
516 655 616 717 tenent,
632 647 714 704 etiam
728 646 791 702 boni
805 645 948 702 Christiani
1003 644 1129 716 equidem
1144 647 1299 715 experimur
1312 642 1399 717 (103),
1413 643 1522 715 quoties
1539 645 1601 701 talis
1612 643 1724 717 uspiam
1741 663 1803 703 mo-

155 750 217 809 quae
233 735 261 791 iu
288 736 434 807 Evangelio
459 744 530 808 sunt,
561 751 656 793 omnes
679 743 773 790 tamen
800 735 949 791 secundum
1004 734 1152 790 pachorum
1167 733 1305 805 susceptio
1319 731 1397 804 plane
1411 748 1465 788 nou
1480 733 1533 790 nisi
1551 741 1647 793 eontra
1659 735 1803 794 decretum

155 824 334 897 Evangelinm
350 825 442 882 vivunt
455 825 530 897 (nam
545 825 592 898 qui
607 823 745 881 concessis
759 823 864 895 alligari
880 837 949 879 oon·
1005 825 1125 896 regulare
1138 825 1322 895 praesumitur.

154 911 239 984 jngiis
252 911 370 968 contenti
390 921 462 979 sunt,
476 929 529 970 non
544 915 605 970 ideo
623 924 712 969 tamen
737 915 847 969 credunt
862 928 892 968 se
907 928 950 967 re·
1041 909 1130 969 520
1138 915 1182 967 50.
1198 911 1315 983 Quodsi
1332 910 1413 966 etiam
1428 921 1489 982 post
1510 914 1568 968 haec
1584 911 1678 969 fratris
1697 905 1741 970 'ita
1760 910 1804 969 re-

157 1000 272 1055 cessisse
295 1001 329 1055 ab
342 1000 500 1074 Evangelio,
518 1000 580 1070 qnia
594 1000 744 1073 euangelici
759 1001 949 1056 sublimitatem
1006 1001 1131 1073 gulariter
1146 1000 1265 1073 suscepti
1279 1001 1466 1072 inquietiorem
1479 999 1550 1056 forte
1563 1000 1686 1061 animum
1709 1003 1803 1074 pulsa·

135 1076 139 1081 ’
158 1087 264 1144 consilii
281 1090 314 1144 de
342 1090 434 1146 celibe
461 1089 583 1147 ducenda
605 1091 658 1145 sita
674 1104 727 1144 nou
750 1091 898 1162 elegerunt,
914 1089 953 1144 ita
1007 1088 1074 1146 verit
1092 1089 1241 1146 recordatio
1255 1088 1382 1154 scandali,
1398 1088 1470 1160 quod
1479 1083 1646 1147 discendens
1658 1090 1802 1159 fratribus,

159 1191 225 1232 sane
240 1178 262 1232 si
290 1179 318 1234 in
345 1177 431 1253 gradu
456 1178 502 1235 illo
515 1180 636 1236 inferiori
651 1179 770 1253 legitime
793 1193 825 1233 ac
840 1178 953 1234 fideliter
1007 1192 1078 1248 quos
1093 1177 1219 1243 desernit,
1236 1176 1317 1248 leoit3
1331 1184 1357 1231 et
1376 1175 1439 1249 quia
1459 1179 1733 1248 oporteatemeudari
1757 1197 1805 1237 sno

160 1267 362 1338 conversentur)
378 1266 435 1323 :sic
448 1283 554 1341 quoqne
576 1268 623 1340 qui
650 1268 799 1323 secundum
820 1265 952 1339 Regulam
1008 1263 1095 1321 reditu
1109 1266 1181 1336 quod
1205 1281 1237 1322 ex
1261 1266 1380 1323 discessu
1404 1264 1546 1338 deliquerit
1561 1284 1568 1325 :
1583 1267 1734 1338 prudenter
1755 1268 1804 1324 ad·
1852 1287 1854 1311 ι

160 1353 251 1408 risere
274 1361 404 1423 statuunt,
426 1356 475 1410 etsi
498 1371 552 1410 non
571 1357 605 1410 ad
633 1371 762 1426 unguem,
786 1362 815 1409 ut
843 1353 952 1422 dicitur,
1006 1359 1092 1409 vetut
1118 1353 1163 1424 qui
1183 1353 1235 1408 hoc
1265 1353 1374 1426 cogitat,
1397 1351 1552 1408 scandalum
1587 1354 1719 1411 scandalo
1753 1370 1803 1411 non

160 1445 243 1494 totam
257 1441 422 1513 custodiunt,
439 1442 489 1498 etsi
512 1458 564 1516 qus
588 1457 637 1514 pro
658 1444 698 1497 sui
712 1441 823 1497 claustri
843 1443 895 1496 ritu
910 1440 955 1497 rel
1008 1441 1076 1498 bene
1100 1440 1248 1497 emendari.
1273 1440 1369 1510 Qualis
1384 1441 1503 1515 denique
1523 1443 1684 1501 emendatio
1713 1445 1803 1501 eritsi

161 1535 273 1596 mutant,
290 1530 330 1583 vel
356 1531 566 1601 praelermittuut
581 1549 588 1601 3
605 1547 620 1585 a
644 1530 763 1603 regulari
778 1537 867 1586 tamen
895 1547 955 1584 om·
972 1524 994 1603 Β
1012 1538 1041 1584 ut
1053 1528 1112 1584 aliis
1124 1530 1281 1586 scandalum
1294 1530 1382 1599 tollas,
1405 1530 1473 1587 allos
1492 1531 1688 1588 scandalizas?
1711 1533 1802 1603 Quan-

161 1616 224 1670 uiuo
234 1616 403 1687 professione
418 1633 472 1674 non
485 1619 635 1686 discedunt,
648 1619 733 1676 donee
746 1629 835 1676 tamen
853 1618 954 1684 sobrie,
1009 1634 1089 1688 quam
1107 1618 1229 1691 prolecto
1250 1626 1278 1675 et
1303 1617 1470 1675 tolerabilius
1493 1615 1650 1678 scandalum
1680 1622 1750 1679 illud
1774 1624 1806 1679 sit

161 1710 189 1760 et
199 1703 312 1773 iustael
326 1706 380 1777 pie,
398 1721 571 1776 proauorum
586 1707 707 1763 moribus
723 1707 813 1763 vivere
833 1722 886 1764 uon
907 1706 956 1762 de·
1010 1715 1037 1763 et
1050 1707 1193 1775 venialius,
1210 1708 1283 1780 quod
1302 1709 1402 1763 lactum
1418 1712 1460 1762 est
1474 1709 1625 1765 intentione
1643 1710 1803 1780 proficiendi

162 1790 272 1846 sistunt.
288 1792 409 1866 Denique
436 1794 541 1867 Regula
555 1795 612 1866 ipsa
633 1796 713 1851 tradit
727 1806 849 1852 demeum
863 1796 956 1853 humi·
1010 1795 1038 1850 in
1056 1795 1164 1862 melius,
1190 1811 1270 1868 quam
1290 1796 1364 1869 quod
1383 1795 1472 1852 lacere
1493 1796 1599 1872 cogitas
1621 1798 1656 1854 ad
1683 1787 1805 1857 deterius

163 1877 245 1932 litatis
256 1878 380 1949 gradum,
398 1902 410 1929 ι
428 1891 458 1936 ut
471 1882 536 1937 nibil
550 1890 612 1955 agat
631 1883 791 1950 monachus,
817 1883 957 1956 nisiquod
1011 1883 1198 1958 apostatando.
1223 1884 1318 1940 Sedet
1339 1895 1401 1941 ante
1424 1898 1546 1956 quoqne,
1578 1886 1642 1943 licet
1665 1903 1720 1945 non
1749 1877 1805 1946 sine

164 1967 496 2025 communismonasterii
518 1971 624 2042 regula,
650 1971 692 2026 vel
708 1973 837 2041 majorum
853 1976 955 2029 conor·
1011 1972 1148 2037 scandalo,
1159 1971 1243 2029 tutius
1253 1982 1326 2028 tuam
1338 1973 1397 2028 sine
1415 1970 1500 2029 dubio
1514 1971 1548 2026 ad
1563 1971 1589 2027 id
1618 1974 1693 2046 quod
1708 1975 1807 2045 putasti

165 2061 255 2110 tantur
267 2057 389 2126 exempla
403 2057 478 2128 (ucp.
499 2058 527 2114 S.
540 2059 692 2126 Benedicti,
709 2075 769 2130 cap.
780 2061 820 2126 7).
837 2078 849 2112 s
1012 2060 1117 2130 meiius,
1138 2066 1247 2116 secutus
1260 2075 1290 2115 es
1314 2058 1515 2125 conscientiam,
1531 2060 1651 2132 quamsi
1673 2060 1704 2117 in
1722 2061 1806 2132 priori

202 2143 245 2197 ta.
266 2143 391 2214 Exceptis
406 2132 531 2214 proinde'
544 2145 777 2214 cisterciensibus,
792 2159 818 2202 et
834 2148 880 2219 qni
895 2148 957 2204 illo·
1012 2149 1084 2204 bono
1103 2159 1130 2204 et
1142 2146 1204 2204 loco
1218 2157 1311 2205 eontra
1324 2148 1515 2205 conscientiam
1530 2164 1714 2222 permaneres,
1726 2165 1808 2223 quan-

165 2245 227 2286 rum
245 2229 313 2286 forte
327 2232 381 2288 ritu
397 2249 450 2290 non
472 2241 527 2288 tam
544 2233 635 2291 vivere
649 2236 799 2291 secundum
815 2237 957 2310 liequlam,
1011 2252 1094 2308 quam
1108 2251 1202 2292 secure
1216 2236 1244 2291 id
1258 2251 1351 2307 posses
1366 2254 1373 2292 :
1390 2236 1413 2291 si
1431 2251 1497 2293 sane
1519 2235 1583 2294 binc
1595 2237 1720 2295 eamdem
1737 2246 1808 2293 tuam

165 2333 246 2392 quam
260 2320 347 2391 ipsam
356 2337 389 2377 ex
399 2321 503 2396 integro
517 2338 585 2395 pure
599 2324 633 2378 ad
653 2322 771 2379 litteram
787 2325 837 2395 (uti
852 2341 881 2381 se
895 2340 959 2383 sana
1012 2325 1097 2396 ipsius
1110 2324 1300 2381 conscientiam
1320 2324 1432 2381 reddere
1445 2339 1566 2382 weuram
1584 2339 1694 2394 posses.

165 2404 303 2476 professos
336 2421 396 2463 esse
424 2409 528 2480 putant)
554 2416 646 2465 tenere
663 2420 759 2467 curant
781 2412 838 2469 :de
858 2421 958 2470 cetero
1050 2416 1096 2471 51.
1123 2411 1294 2484 Quapropter
1319 2410 1393 2483 quod
1415 2411 1450 2468 de
1474 2410 1664 2478 manducante,
1698 2421 1726 2469 et
1755 2427 1810 2469 non

167 2493 301 2551 nemiuem
314 2495 471 2553 obedienter
490 2498 633 2570 degentem
648 2499 780 2572 regularis
793 2508 900 2558 moveat
913 2517 960 2558 so·
1018 2503 1194 2559 manducante
1208 2501 1327 2558 decernit
1338 2500 1482 2572 Apostolus
1496 2499 1584 2573 (llum.
1599 2516 1653 2566 var,
1669 2503 1706 2570 ³),
1723 2517 1812 2557 usur-

167 2582 320 2654 lemnisque
334 2583 478 2656 professio,
503 2584 531 2640 in
549 2602 604 2658 qua
618 2602 672 2643 non
690 2586 720 2642 fit
743 2587 778 2644 de
793 2595 847 2645 toto
860 2588 965 2662 Regula
1019 2606 1115 2662 pennus
1124 2598 1152 2647 et
1169 2606 1220 2647 nos
1234 2590 1263 2644 in
1276 2594 1377 2647 nostrae
1390 2590 1470 2661 hujus
1493 2583 1729 2661 disputatiunculae
1744 2603 1814 2646 con·

169 2669 323 2743 promissio,
343 2672 370 2727 in
397 2672 439 2728 his
467 2672 596 2729 duntaxat
618 2676 788 2733 monasteriis
815 2677 843 2732 in
865 2677 963 2750 quibus
979 2654 1146 2749 Gulusiune,
1163 2685 1192 2735 ut
1211 2687 1239 2734 et
1261 2680 1309 2750 qui
1336 2677 1445 2750 propria
1467 2677 1623 2749 impellente
1646 2671 1814 2735 conscientia

170 2756 236 2814 ordo
251 2766 278 2813 et
297 2759 439 2829 disciplina
462 2769 584 2819 servatur
610 2778 672 2819 cum
695 2763 773 2820 bouis
790 2764 964 2821 consuetudi·
1017 2784 1095 2825 sunm
1110 2767 1213 2824 deserit
1226 2768 1327 2833 locum,
1347 2783 1381 2823 na
1398 2783 1478 2823 suum
1496 2766 1580 2838 (quod
1602 2766 1691 2838 putat)
1708 2766 1815 2821 deserat

127 2848 140 2871 “
171 2843 262 2902 nibus.
287 2845 367 2903 Salva
393 2848 476 2922 igitur
500 2850 597 2922 cuique
622 2867 671 2906 sua
685 2864 776 2911 manet
790 2854 817 2908 in
833 2853 965 2911 coenobiis
1016 2865 1125 2925 uotum3
1138 2871 1193 2913 non
1207 2856 1379 2913 deserentem
1394 2870 1448 2913 non
1463 2863 1593 2927 spernat:
1611 2860 1638 2910 et
1651 2853 1697 2926 qui
1717 2869 1815 2912 secuta

172 2932 243 2990 bene
256 2933 387 2991 ordinatis
400 2937 541 3008 professio,
558 2947 660 2996 tantum
675 2940 697 2996 si
711 2957 774 2997 sana
789 2939 904 2998 fueritet
921 2942 964 2997 in·
1016 2944 1180 3001 conscientia
1207 2942 1355 2999 fraternum
1387 2943 1547 2999 scandalum
1581 2941 1687 3012 timens,
1712 2940 1814 2998 fratres

161 3020 267 3097 ‚tentio
282 3024 414 3081 Caetemm
428 3028 474 3099 qui
484 3028 619 3099 inquietus
633 3038 683 3101 est,
699 3038 726 3086 et
737 3029 775 3085 ita
785 3030 895 3086 credere
909 3044 963 3086 nou
1015 3047 1073 3092 non
1086 3031 1188 3089 deserit
1198 3048 1206 3102 3
1217 3031 1384 3087 deserentem
1400 3045 1454 3087 non
1474 3031 1587 3099 judicet.
1604 3029 1638 3084 Et
1661 3028 1697 3084 de
1717 3021 1760 3085 bis
1775 3045 1817 3085 nae

172 3116 278 3183 potest3
295 3112 343 3168 sed
370 3115 456 3186 magis
469 3117 728 3175 credensetcedens
743 3118 889 3176 stimulanti
903 3135 965 3177 cou-
1019 3121 1131 3193 accipite
1145 3136 1210 3176 sane
1223 3120 1296 3191 quod
1311 3119 1399 3177 sentio
1427 3117 1610 3189 respondisse,
1625 3118 1685 3172 sine
1708 3117 1816 3189 prmiu-

171 3199 291 3258 scieutiae
306 3202 371 3268 exit,
385 3211 413 3259 et
433 3205 529 3275 querit
543 3206 589 3261 ubi
613 3206 701 3264 solvat
714 3207 788 3280 quod
802 3223 852 3265 sno
862 3209 890 3264 in
904 3209 965 3266 loeo
1019 3210 1091 3267 dicio
1105 3207 1197 3266 senius
1211 3207 1363 3264 sentientis.

183 3288 223 3343 ul.
240 3289 394 3345 solratnota
408 3305 457 3346 sua
471 3290 550 3364 qual,
567 3307 617 3349 sno
636 3293 727 3366 ntique
743 3294 966 3365 judiciovorerat
1305 3292 1417 3350 CAPUT
1435 3289 1520 3346 xvn.

173 3374 297 3445 quidem,
321 3376 370 3432 sed
397 3393 451 3434 non
467 3378 591 3436 ⁴soluerat
613 3382 703 3437 :sient
726 3397 780 3439 non
798 3383 880 3440 hudo
895 3384 968 3456 qnod
1022 3384 1062 3440 dd
1070 3381 1155 3439 dudio
1163 3379 1295 3454 quaedum
1308 3397 1346 3440 ec
1358 3380 1491 3436 Patribus
1498 3379 1643 3450 proposita
1653 3377 1815 3450 respondet.

174 3463 324 3535 egreditur,
340 3464 377 3519 ita
406 3476 434 3522 ut
449 3466 618 3536 regrediatur
631 3483 686 3523 nou
701 3469 822 3540 consulo,
839 3471 861 3527 si
879 3483 969 3529 tamen
1058 3476 1103 3528 52.
1117 3472 1185 3527 ltem
1198 3469 1344 3542 postulatis
1357 3466 1461 3524 absolsi
1479 3466 1569 3537 robis,
1588 3466 1696 3522 cur'uel
1725 3467 1821 3523 bearna

176 3548 210 3606 ad
236 3558 372 3608 remotum
398 3552 575 3628 ignotumque
598 3559 789 3615 monasterinm
804 3561 967 3637 migraserit.
1023 3559 1172 3634 Gregorius
1186 3559 1276 3616 nescio
1298 3573 1377 3630 quem
1394 3553 1564 3620 venantium,
1584 3552 1703 3609 habitum
1723 3570 1822 3610 mona-

171 3639 232 3696 -Gnr
244 3640 282 3696 ita
295 3641 310 3697 f
325 3641 396 3709 'lum
404 3650 515 3713 propter
523 3643 599 3702 Pauli
608 3648 778 3722 sententium,
793 3666 847 3723 qua
862 3652 970 3708 beatum
1024 3649 1141 3718 chalam,
1164 3663 1246 3719 quem
1269 3646 1314 3716 pie
1332 3651 1498 3716 susceperat,
1523 3641 1658 3715 impieque
1680 3644 1820 3714 rejecerat,

175 3728 318 3786 manifeste
343 3731 508 3800 pronuntiat,
531 3734 575 3802 qui
598 3750 627 3790 se
650 3735 738 3806 ipsum
759 3754 811 3794 non
823 3739 928 3810 indicat
943 3740 970 3796 in
1024 3755 1080 3796 non
1098 3737 1187 3795 solnm
1201 3750 1341 3793 resumere
1364 3747 1418 3788 non
1432 3730 1533 3804 coegit,
1548 3731 1596 3785 sed
1613 3728 1696 3786 etiam
1712 3744 1823 3786 omnen

174 3835 209 3877 0⁰
225 3821 298 3892 ³⁰⁰⁶
313 3819 506 3892 ambientum.
526 3837 585 3890 xrs,
600 3823 645 3895 321
668 3842 675 3879 :
695 3833 753 3883 tum
773 3843 806 3884 ex
824 3828 909 3884 nostri
924 3843 972 3884 au·
1025 3827 1125 3900 legitur
1151 3823 1296 3880 indulsisse
1323 3821 1542 3879 communionem
1566 3826 1697 3889 apostata
1722 3819 1825 3888 perdu-

175 3907 299 3963 ctoritate
312 3909 446 3982 magistri,
460 3912 506 3983 qni
522 3912 602 3967 talem
619 3919 645 3967 et
657 3913 756 3984 suscipi
768 3915 856 3986 iubet,
873 3924 898 3970 et
913 3918 974 3971 reti·
1027 3912 1176 3986 ranti(l.ib.
1195 3929 1217 3981 ι,
1231 3912 1311 3984 epist.
1328 3914 1377 3976 ³³3
1397 3909 1444 3966 lib.
1464 3925 1506 3980 rx,
1531 3906 1601 3980 epist
1624 3909 1670 3972 25,
1694 3908 1755 3977 31),
1781 3906 1823 3962 rel

173 3995 250 4063 neri;
267 3996 405 4055 inventurn
420 4013 528 4072 quoque
552 4001 655 4056 bonum
684 4013 712 4059 et
738 4003 828 4060 utilem
843 4006 973 4061 suasione
1027 4011 1136 4059 sanctus
1150 3999 1319 4076 Augustinus
1332 3997 1454 4070 conjugii
1468 3996 1522 4068 legi
1537 4001 1630 4052 sotum
1643 3994 1825 4067 quodammo-

215 4083 260 4153 ici,
289 4085 459 4158 professione
496 4089 589 4161 ligari.
614 4090 735 4163 Denique
774 4092 928 4149 suadeatur.
957 4085 1203 4163 assdosubjieiat
1220 4087 1460 4158 eontinentiae3its
1478 4084 1550 4141 utin
1568 4081 1826 4156 librodeVrrp'ini·

169 4172 300 4245 -inquit,a
317 4181 346 4229 ¹¹¹
360 4184 413 4232 ὃῑθῑ
433 4177 507 4249 (Rea.
529 4177 775 4251 §.consuessem
792 4183 848 4251 nt).
866 4203 878 4231 ι
893 4181 928 4237 Et
943 4197 977 4238 ne
1032 4191 1084 4238 tate
1118 4192 1239 4233 asserere
1262 4176 1393 4241 rideatur,
1418 4189 1466 4231 nec
1497 4171 1599 4230 calibis
1630 4171 1744 4243 quidem
1763 4170 1825 4229 rite

178 4262 249 4320 forte
262 4262 360 4334 prioris
373 4262 415 4317 sui
443 4265 598 4322 monasterii
617 4281 730 4338 memor,
751 4271 931 4339 remordente,
947 4280 976 4325 nt
1030 4270 1200 4342 propositum
1232 4264 1337 4337 copule
1365 4279 1446 4334 posse
1472 4261 1649 4335 prescribere
1675 4260 1824 4333 conjugali.

181 4349 291 4418 assolet,
321 4352 496 4420 conscientia,
513 4354 625 4425 incipiat
639 4356 731 4412 denno
753 4358 786 4414 de
799 4367 878 4430 rupta
893 4359 975 4416 stabi·
1030 4354 1176 4427 quominus
1190 4351 1381 4408 indissolubile
1395 4357 1511 4417 maneat,
1527 4350 1608 4406 etiam
1623 4347 1696 4421 quud
1718 4362 1736 4404 a
1758 4363 1826 4404 eou-

172 4432 255 4497 fflffl
282 4439 385 4498 01118311
407 4439 497 4511 (1⁰⁸)3
531 4443 682 4514 generalem
706 4460 789 4517 snper
820 4446 976 4516 hujusmodi
1031 4440 1312 4507 tinentibus,iallente
1326 4437 1444 4506 diabolo,
1464 4436 1553 4493 fracto
1580 4434 1735 4492 sanctitatis
1752 4445 1826 4496 sote»,

180 4533 308 4606 scrupulo
333 4529 542 4588 consolatoriam
554 4530 656 4602 profert
678 4535 975 4601 seutentiamdicens:
1028 4531 1125 4592 initum
1143 4526 1225 4583 fuerit
1239 4526 1441 4583 matrimonium
1456 4525 1541 4598 (ltu).
1562 4523 1595 4580 Bt
1618 4522 1654 4579 ad
1681 4524 1743 4578 basa
1759 4521 1826 4579 nibil

184 4619 283 4696 ibique
297 4621 374 4678 enim
387 4619 441 4676 uas'
459 4622 514 4677 Deo
529 4619 719 4688 smuilormui
734 4623 800 4693 llept
814 4622 972 4679 militatur.
1028 4619 1190 4688 adpraesens
1204 4613 1306 4671 certius
1320 4613 1485 4684 breviusque
1500 4608 1722 4686 respondendum
1733 4624 1827 4667 occar-

217 4736 292 4807 (tut)
309 4734 389 4791 Tales
416 4732 575 4792 lueruntilli
594 4734 763 4792 monachiad
781 4735 973 4792 Pontiniaoen-
1026 4732 1189 4806 burgundiae
1230 4729 1388 4802 magistrum
1415 4730 1515 4802 arguit,
1538 4736 1604 4814 paq.
1633 4724 1713 4810 1351,
1750 4725 1823 4799 qnod

180 4822 224 4862 ses
238 4805 369 4872 translati,
393 4804 426 4860 ad
458 4820 527 4877 quos
552 4804 685 4880 insignem
709 4806 803 4863 scribit
831 4806 973 4877 epistolam
1027 4804 1177 4864 mactus
1190 4806 1274 4875 utque
1286 4800 1424 4858 musuleo
1455 4800 1652 4873 osipubltcuas
1666 4802 1825 4882 eitam-sate

181 4877 276 4934 Petam
290 4877 429 4945 cellensis,
444 4874 473 4930 in
485 4884 563 4942 ,tomo
577 4876 601 4931 ll
620 4877 768 4948 Spioilegii‚
783 4893 844 4949 paq.
860 4879 973 4944 aliubi
1025 4876 1206 4950 professionis
1214 4874 1424 4942 colunuetbena
1443 4871 1827 4928 icfloniweleousecrofaoats

169 4949 243 5015 ,vide
256 4957 284 5004 st
296 4947 363 5003 duas
376 4955 530 5018 sequentes.
1026 4941 1822 5023 ninculumposssmatrimoainmcoutroltereassereqet·.

214 5020 291 5089 (109)
307 5017 426 5090 Quantas
434 5018 569 5074 Bemardo
589 5019 659 5074 rixas
672 5017 828 5075 famssarint
838 5019 973 5089 ejusmodi
1028 5031 1082 5076 tum
1098 5034 1132 5074 ea
1146 5017 1259 5073 concilio
1274 5016 1400 5072 ilemensi
1421 5014 1471 5070 sub
1489 5011 1612 5083 Enganna
1624 5010 1738 5096 ¹¹¹.·.¹.¹¹'¹
1757 5024 1824 5081 epus

181 5091 376 5160 susceptiones,
390 5088 470 5146 varim
484 5091 600 5161 probant
612 5091 671 5160 ejus
684 5088 816 5160 epistola,
831 5105 927 5161 nempe
944 5094 972 5161 ³,
1028 5089 1100 5147 modi
1115 5087 1284 5145 matrimonia
1298 5085 1373 5140 irrita
1390 5100 1422 5140 ac
1441 5085 1515 5140 rrulla
1537 5098 1596 5139 esse
1620 5081 1718 5138 dehnrt
1738 5095 1825 5138 canon

181 5164 226 5232 ³2,
237 5162 283 5226 ³³,
300 5164 334 5218 65
348 5177 409 5219 cum
427 5159 512 5216 tribus
525 5176 585 5232 sqq.
602 5161 664 5217 item
685 5163 748 5232 153,
762 5163 825 5231 ³9³,
840 5163 904 5230 313,
920 5164 973 5219 395
1024 5165 1052 5228 7,
1068 5160 1148 5217 etiam
1167 5159 1195 5214 in
1215 5157 1360 5215 Conversis
1369 5156 1512 5230 professis.
1529 5155 1623 5227 Longe
1636 5160 1699 5234 ante
1711 5151 1825 5232 dragu-

181 5241 208 5289 et
221 5233 283 5289 ³96.
298 5233 397 5289 Confer
411 5230 540 5303 epistolas
554 5233 590 5289 31
604 5238 632 5287 et
646 5232 709 5297 ³'li,
724 5244 750 5289 et
777 5232 893 5288 maxime
907 5232 974 5288 Cas·
1026 5234 1083 5287 rius
1098 5234 1212 5301 Magnus
1236 5229 1392 5296 monachos,
1418 5227 1474 5309 qui¹
1491 5240 1591 5308 uxores
1618 5224 1773 5308 deaurent,
1799 5239 1827 5275 m

182 5303 295 5368 danum,
306 5303 403 5360 Collat.
425 5304 468 5368 lt,
480 5318 539 5370 cap.
556 5305 573 5356 5
587 5314 612 5358 et
627 5318 688 5373 sqq.
1028 5302 1223 5359 monasterium
1238 5299 1359 5355 reuocari
1375 5301 1453 5368 iubet
1469 5314 1495 5352 m
1518 5297 1601 5378 labe,
1629 5294 1747 5365 epistola
1768 5294 1804 5349 33
1820 5311 1827 5347 :

218 5373 292 5442 (¹¹0l
307 5374 490 5444 Quaestionem
515 5373 726 5429 hancBaruardi
741 5389 799 5429 aero
814 5373 898 5431 fuisse
913 5389 974 5429 ren·
1026 5376 1138 5430 eosdem
1166 5388 1230 5428 vero
1253 5370 1470 5426 excommunicat
1497 5371 1644 5445 ouncrlrum
1671 5365 1830 5422 Chalcedo-

184 5442 284 5500 tilatam
313 5454 386 5518 patet
427 5451 480 5497 turn
513 5460 546 5497 ex
575 5443 727 5512 abelardo,
756 5444 801 5515 qui
829 5444 973 5517 quemdam
1032 5459 1126 5512 nense,
1142 5458 1202 5501 can.
1215 5444 1259 5498 15.
1274 5440 1358 5497 Paulo
1371 5439 1510 5497 dissimilis
1527 5446 1570 5495 eat
1590 5431 1748 5512 argumenti
1761 5435 1835 5493 ner·
