3714 5940
712 226 889 290 EPISTOLAE.

1566 239 1618 299 334

77 348 155 407 saus
176 350 295 417 studiis,
309 359 337 407 et
358 350 539 407 laudabilibus
559 351 697 412 institutis.
720 354 771 410 Ubi
787 370 810 449 Α
826 352 869 450 lus
883 355 1075 425 praenuntiavit
1100 356 1201 428 Spiritu
1228 366 1321 415 sancto
1335 361 1469 431 repletum
1484 363 1517 420 iri
1530 364 1618 422 adbuc

78 453 167 512 eque
182 438 272 513 viguit
285 438 436 510 disciplina
449 455 571 507 censura,
586 457 692 498 morum
707 459 772 516 gra-

77 526 224 585 aaturitas
250 520 437 593 consiliorum,
458 530 626 585 auctoritatis
655 533 773 602 pondus,

77 618 136 673 nia
150 615 286 688 insignat
300 616 453 673 Prmseduu
467 620 495 671 iu
509 617 775 676 cllidisccotesiasti·

77 703 200 761 dlacile
224 718 344 775 uuquam
359 704 504 773 repentinis
520 705 575 762 visa
590 715 632 762 est
646 707 772 764 novitati·

77 788 228 856 masere,
243 806 294 847 uec
308 807 338 847 se
352 791 498 865 aliquando
511 794 626 862 iuvenili
640 811 718 866 passa
733 804 773 851 est

77 878 118 937 ιιὶ
134 877 255 935 levitate
269 878 389 936 Ecclesia
411 880 489 950 plena
502 880 606 951 judicii.
622 884 699 939 Unde
717 883 772 939 mi·

77 968 157 1034 flia,
171 965 241 1040 quid
258 966 346 1022 vuum
359 966 440 1023 luerit
454 969 506 1025 boo
521 977 643 1043 tempore
656 972 771 1043 quibus-

77 1066 182 1115 uum
202 1056 323 1113 voluisse
352 1064 458 1114 mnteue
484 1060 601 1116 colorem
629 1061 771 1130 optimum,

825 457 853 496 m
867 451 942 498 utero
956 443 1049 499 matris
1063 449 1140 501 suae?
1158 446 1272 503 Prorsus
1286 448 1337 502 hoc
1350 449 1385 504 ad
1399 450 1614 520 praedestinatio-

827 545 889 584 uem
917 532 1149 601 praesciautiamve
1176 532 1270 591 reterri
1297 550 1380 606 posse
1407 551 1462 592 uon
1489 539 1615 595 arbitror.

826 615 913 672 Verba
929 633 1026 690 nempe
1040 620 1140 693 angeli,
1156 620 1225 676 sicut
1253 621 1312 690 ipse
1336 622 1468 693 praedixit,
1482 625 1617 696 completa

826 705 928 776 absque
942 706 1024 763 dubio
1037 716 1101 763 sunt
1116 710 1143 764 in
1159 717 1281 780 tempore
1292 723 1341 764 sno
1357 729 1364 765 ε
1380 718 1407 767 et
1420 728 1501 782 quem
1515 713 1615 783 praelo·

825 803 903 848 cutus
917 802 957 849 est
974 795 1076 866 Spiritu
1089 805 1181 854 sancto
1196 797 1364 868 replendum,
1381 815 1433 855 nou
1447 809 1489 856 est
1503 801 1543 857 las
1556 818 1616 858 ore·

825 880 892 938 dere
916 897 969 939 nou
996 886 1146 956 repletum;
1170 884 1248 957 idque
1277 885 1337 942 loco
1360 897 1389 942 et
1415 897 1536 958 tempore
1565 904 1617 961 quo

826 970 960 1040 praedixit.
975 971 1133 1030 Certissima
1156 985 1244 1030 autem
1270 983 1381 1032 sauctus
1400 975 1517 1046 Spiritus
1536 993 1617 1049 quem

826 1059 949 1130 replevit,
966 1061 1155 1119 sanctificavit.
1171 1063 1304 1119 Ceterum
1326 1072 1460 1136 quatenus
1488 1065 1619 1121 aduersus

77 1142 246 1205 bduceudo
265 1145 458 1212 celebritatem,
468 1147 548 1219 quam
562 1150 630 1206 ritus
641 1150 772 1214 ¹iiooltssiae
825 1145 957 1219 originale
981 1159 1123 1220 peccatum
1145 1151 1204 1206 haeo
1228 1151 1287 1222 ipsa
1300 1150 1473 1210 sanctificatio
1492 1151 1617 1221 valuerit,

77 1248 136 1311 μιι
153 1234 255 1307 probat
288 1235 367 1305 ratio,
393 1251 448 1292 non
467 1238 638 1294 commendat
663 1241 772 1311 antiqua
825 1233 882 1291 sive
896 1248 945 1308 pro
954 1234 1016 1304 isto,
1031 1239 1088 1296 sive
1103 1255 1153 1310 pro
1168 1238 1215 1294 illo
1226 1240 1369 1311 propbeta,
1385 1241 1427 1300 vel
1436 1242 1458 1297 si
1473 1241 1534 1314 quis
1548 1241 1620 1298 aliud

77 1360 85 1379 .
98 1322 251 1396 Numquid
264 1323 390 1379 Patribus
400 1325 546 1393 doctiores,
562 1336 607 1382 aut
620 1327 773 1387 devotiores
825 1322 908 1378 simili
922 1333 1076 1395 praeventus
1088 1329 1176 1394 gratia
1189 1326 1285 1400 inerit;
1305 1343 1360 1384 uon
1376 1336 1475 1386 temere
1492 1330 1618 1394 dixerim,

80 1408 258 1469 Periculose
273 1413 474 1482 presumimus,
490 1413 623 1486 quidquid
637 1414 770 1488 ipsorum,
825 1410 1013 1470 Sanctificatus
1032 1424 1122 1470 tamen
1150 1431 1204 1471 non
1224 1416 1405 1474 dubitaverim
1427 1417 1529 1485 dicere,
1552 1434 1620 1489 quos

77 1514 111 1557 ιι
125 1499 282 1571 prudentia
297 1501 638 1571 pretiosissimarum
652 1505 770 1577 tateesr,
824 1499 898 1555 Deus
926 1501 1113 1568 masticavit.
1143 1511 1170 1559 et
1194 1519 1257 1560 cum
1281 1506 1377 1563 eadem
1407 1505 1620 1564 sanctificatione

77 1586 120 1647 h?
153 1590 378 1661 praetereundum
406 1589 497 1659 tuerit,
524 1593 632 1649 Petrum
657 1595 772 1667 quiverit
824 1589 948 1657 prodisse
963 1606 995 1646 ex
1010 1597 1098 1659 utero,
1118 1608 1199 1663 quam
1213 1602 1376 1664 acceperuut
1398 1595 1427 1650 in
1441 1601 1520 1651 utero
1542 1608 1619 1651 :nea

77 1674 275 1751 ¹diligentiam
291 1676 466 1749 praeteriisse.
825 1687 940 1748 reatum,
954 1693 1036 1750 quern
1064 1680 1093 1736 iu
1111 1679 1288 1753 conceptione
1317 1688 1475 1748 traxerunt,
1500 1680 1618 1737 valuisse

77 1764 176 1823 ,uide
190 1765 415 1836 honorandum,
431 1767 531 1841 inquis,
542 1769 626 1825 Mater
644 1770 765 1829 Domini,
787 1748 809 1827 B
826 1763 962 1823 ullatenus
982 1768 1081 1824 borum
1096 1768 1177 1825 natali
1194 1769 1249 1839 jam
1263 1770 1390 1825 donatam
1405 1768 1555 1841 prepedire
1569 1784 1617 1824 seu

77 1852 193 1911 boues
218 1852 291 1909 :sed
314 1854 400 1911 bonor
421 1855 533 1929 Regium
554 1857 685 1927 judicium
706 1860 769 1916 dili·
824 1855 972 1927 praeripere
992 1855 1219 1913 benedictionem.
1243 1860 1368 1914 Attamen
1391 1857 1452 1931 quis
1467 1857 1539 1914 dicat
1552 1855 1618 1927 Spi-

77 1955 119 2017 go
133 1941 215 2016 regis
229 1940 298 1998 iatso
313 1956 368 1999 uon
385 1952 447 2016 eget
462 1945 575 2010 bonore,
589 1946 659 2002 veris
673 1963 770 2005 cumn·
825 1943 879 2000 ritu
898 1954 990 2003 sancto
1015 1945 1159 2018 repletum,
1183 1961 1294 2005 manere
1318 1948 1406 2005 adbuc
1420 1946 1505 2003 illium
1519 1945 1618 2002 nihilo·

77 2043 202 2103 tuorum·
224 2029 318 2096 titulis,
347 2030 439 2087 intulis
465 2032 635 2104 dignitatum.
662 2038 771 2096 Honora

77 2117 242 2192 ugritatem
257 2118 357 2187 carnia
387 2118 448 2177 vitm
462 2121 632 2178 sanctitatem
650 2142 657 2178 :
673 2125 770 2182 mirare

77 2214 165 2289 tatem
180 2206 211 2261 iu
234 2206 357 2280 Virgine,
372 2209 479 2265 Prolem
493 2225 625 2269 venerare
639 2214 768 2273 divinam.

80 2295 267 2363 nescientem,
281 2295 326 2351 vel
339 2296 367 2350 iu
382 2300 560 2371 concipiendo
575 2302 770 2374 coucupiscen-

77 2384 109 2443 al
122 2384 153 2440 in
169 2384 302 2455 pariendo
316 2383 449 2441 dolorem.
464 2388 581 2445 Praedica
597 2392 769 2449 reverendam

77 2490 93 2543 ¹,
108 2471 297 2529 desideratam
313 2473 450 2546 gentibus,
466 2477 635 2546 Patriarchis,
651 2481 771 2552 Prophe·

77 2561 287 2635 peoognitern,
303 2564 415 2620 electam
432 2581 464 2619 ex
480 2566 616 2633 omnibus,
632 2569 770 2639 praelatam

77 2649 268 2725 stagnilios
281 2652 376 2724 gratim
388 2653 574 2725 inventricem,
590 2655 770 2713 mediatricem

85 2739 315 2797 muratarum
341 2742 499 2797 saeculorum
515 2759 521 2798 z
538 2743 626 2798 exalta
655 2745 770 2814 denique

77 2840 119 2885 ιι
148 2843 239 2898 supet·
274 2828 372 2884 choros
398 2829 563 2899 Angelorum
588 2831 623 2886 ad
651 2832 771 2889 coelestia

77 2914 141 2973 be
150 2915 219 2971 mibi
234 2915 268 2971 de
278 2915 325 2973 illa
334 2924 422 2973 mutat
429 2917 562 2988 Ecclesia,
573 2927 600 2975 et
614 2935 658 2975 me
673 2921 768 2977 cadom

825 2032 914 2089 minus
927 2034 975 2090 irae
983 2051 993 2105 ;
1009 2041 1045 2104 et,
1062 2034 1085 2090 si
1100 2036 1171 2091 mori
1184 2035 1213 2091 iu
1227 2044 1304 2092 utero
1319 2035 1478 2108 contigisset
1491 2049 1554 2091 cum
1568 2034 1619 2089 bac

826 2121 994 2192 plenitudiue
1015 2125 1136 2195 spiritus,
1157 2139 1253 2197 poenas
1269 2123 1397 2182 luiturum
1410 2121 1617 2179 damnationis?

825 2210 931 2266 Durum
946 2220 998 2268 est.
1014 2212 1121 2269 lliuime
1136 2219 1224 2269 mmea
1238 2213 1325 2269 ausim
1339 2213 1402 2268 binc
1410 2210 1547 2286 quidpiam
1557 2227 1618 2268 mea

826 2300 958 2356 sententia
971 2300 1094 2356 definire.
1118 2301 1172 2357 Sed
1192 2301 1326 2373 quidquid
1340 2300 1374 2356 de
1396 2300 1447 2355 boc
1461 2299 1504 2365 sit,
1519 2299 1618 2356 merito

825 2388 960 2455 Ecclesia,
973 2404 1034 2460 quae
1049 2400 1210 2444 caeterorum
1224 2403 1278 2443 uon
1293 2387 1469 2451 nativitatem,
1485 2387 1534 2443 sed
1548 2403 1618 2443 mor·

826 2483 878 2530 tem
900 2483 1053 2532 sanctorum
1068 2476 1174 2545 judicat
1196 2485 1222 2532 et
1238 2475 1367 2546 praedicat
1389 2474 1543 2546 pretiosam,
1558 2476 1616 2532 siu·

826 2565 914 2638 gulsri
936 2565 1051 2636 quadum
1079 2564 1240 2636 exceptione
1259 2563 1334 2619 lestis
1359 2562 1472 2635 praefert
1495 2564 1615 2635 gaudiis,

824 2661 1019 2724 veneraturque
1029 2652 1099 2708 illius
1114 2652 1239 2723 sautem,
1249 2653 1283 2708 de
1297 2668 1352 2724 quo
1367 2649 1507 2706 nuntiante
1518 2653 1617 2723 angelo
1662 2717 1671 2727 ,

825 2740 996 2812 singulariter
1010 2742 1097 2814 legit:
1113 2744 1148 2798 Et
1162 2742 1250 2798 multi
1263 2745 1295 2799 ιη
1310 2742 1463 2797 nativitate
1477 2743 1539 2813 ejus
1547 2757 1617 2813 guu-

825 2829 932 2885 dcbunt
945 2829 1020 2900 (Luc.
1036 2845 1055 2896 v,
1072 2831 1115 2899 tt,
1132 2829 1186 2901 15).
1199 2829 1337 2887 Cureuim
1351 2845 1405 2886 non
1415 2828 1451 2884 sit
1471 2829 1545 2886 illius
1555 2830 1617 2885 eai-

824 2927 867 2974 tus
882 2925 1002 2988 unctus,
1018 2932 1049 2973 ac
1063 2918 1177 2990 proinde
1192 2919 1303 2977 festivus
1316 2926 1345 2974 et
1365 2917 1455 2989 laetus,
1470 2916 1517 2987 qui
1530 2919 1619 2989 potuit

77 3004 236 3061 mutare.
252 3005 310 3078 Ego
325 3020 391 3061 vero
406 3007 477 3077 quod
492 3006 527 3062 ab
553 3006 597 3062 illa
609 3009 710 3080 accepi,
726 3025 768 3065 se·
787 3024 810 3103 Β
824 3005 958 3061 exsultare
971 3013 998 3062 et
1010 3005 1039 3060 in
1053 3012 1129 3061 utero
1142 3004 1156 3058 l
1229 3092 1231 3097 Ι

77 3094 206 3167 aneo,
221 3100 250 3146 et
264 3092 340 3148 trado
362 3110 369 3149 :
394 3092 468 3166 quod
491 3110 555 3162 nou,
572 3097 768 3167 scrupulosius,
859 3095 886 3150 b.
906 3092 985 3163 Quod
999 3094 1088 3166 itaque
1098 3092 1141 3149 vel
1155 3106 1248 3163 paucis
1259 3091 1409 3149 mortalium
1418 3097 1524 3149 constat
1532 3090 1616 3147 inisse

79 3178 253 3237 admiserim

77 3269 151 3341 napi
167 3282 234 3323 saue
246 3267 281 3322 ab
289 3268 412 3325 Ecclesia
421 3270 498 3325 illum
513 3271 584 3329 diem
594 3288 655 3330 cum
665 3289 770 3330 summa

77 3358 144 3413 iaaa
159 3356 356 3428 recolendum,
383 3374 437 3430 quo
460 3371 597 3432 assumpta
619 3363 653 3418 de
669 3365 769 3419 seculo

77 3460 103 3513 t,
114 3444 197 3501 eoelis
211 3459 320 3516 quoque
332 3444 425 3501 intulit
450 3446 690 3505 celeberrimorum
704 3449 769 3506 leste

77 3546 139 3589 u.
153 3532 208 3588 Sad
236 3542 264 3589 et
281 3540 369 3589 ortum
385 3533 505 3606 Virginis
530 3535 611 3592 didici
631 3537 769 3593 nibilomi-

78 3616 218 3688 Eaalesia,
238 3629 265 3676 et
285 3623 320 3676 ab
340 3622 460 3677 Ecclesia
474 3622 657 3681 indubitanter
670 3626 770 3682 babere

77 3726 90 3769 ι
115 3719 204 3781 atque
230 3719 372 3783 sauctum3
388 3709 540 3768 firmissime
563 3728 626 3769 cum
649 3714 770 3770 Ecclesia

77 3797 145 3867 uin
160 3806 240 3855 utero
261 3813 320 3853 eam
335 3798 472 3869 accepisse
487 3806 518 3856 nt
532 3808 626 3857 sancta
641 3801 767 3870 prodiret.

77 3885 200 3945 mnia
220 3885 354 3956 siquidem
369 3888 440 3961 lego,
454 3888 527 3959 quod
541 3934 548 3959 ,
563 3888 721 3962 priusquam
735 3893 770 3946 de

77 3970 128 4048 [al.
145 3973 182 4030 de
205 3971 294 4046 vulva]
313 3975 407 4042 exiret,
424 3975 603 4033 sanctificatus
626 3977 677 4034 sit:
695 3977 770 4033 etde

85 4060 214 4133 Baptista
228 4075 282 4117 non
297 4077 376 4118 secus
390 4063 495 4132 sentio,
510 4066 554 4135 qui
570 4080 603 4120 ex
623 4073 697 4121 utero
711 4065 770 4121 Do-

83 4149 117 4206 la
130 4156 213 4204 utero
222 4150 306 4204 sensit
317 4150 396 4221 (Luc.
408 4166 427 4220 v,
442 4151 498 4222 tt).
511 4152 617 4207 Videris
635 4154 714 4208 etiam
730 4162 770 4218 tu,

823 3181 959 3251 collatum,
975 3180 1017 3236 ias
1043 3189 1115 3237 oerte
1138 3194 1193 3236 non
1206 3188 1246 3236 est
1261 3178 1389 3254 suspicari
1412 3187 1492 3236 unta
1514 3179 1617 3253 Virgini

825 3285 885 3326 csse
899 3278 1037 3344 negatum,
1053 3285 1103 3342 per
1134 3284 1214 3341 quam
1238 3269 1328 3324 omnis
1341 3268 1493 3325 mortalitas
1506 3267 1618 3324 emersit

824 3357 963 3416 advitam.
979 3358 1041 3413 Fuit
1065 3356 1159 3429 procul
1183 3356 1265 3413 dubio
1280 3364 1307 3412 et
1332 3359 1417 3414 blater
1431 3356 1542 3413 Domini
1554 3364 1617 3412 saw

825 3458 927 3513 sanem,
954 3462 1033 3519 quam
1062 3455 1125 3501 nata
1149 3464 1158 3502 :
1182 3460 1232 3501 nac
1260 3444 1362 3501 fallitur
1385 3447 1497 3501 omniuo
1524 3452 1617 3502 sancta

824 3534 952 3600 Ecclesia,
971 3541 1094 3590 sanctum
1122 3541 1249 3603 reputans
1278 3533 1366 3604 ipsum
1392 3533 1545 3591 Natiuitatis
1558 3534 1618 3602 ejus

825 3620 907 3686 diem,
933 3631 961 3677 et
988 3621 1079 3677 omnia
1107 3636 1178 3676 auno
1201 3636 1262 3676 cum
1286 3620 1463 3678 exsultatione
1485 3622 1618 3677 universae

826 3718 903 3766 terrae
916 3708 1005 3765 vouva
1018 3710 1177 3766 celebritate
1197 3708 1359 3779 suscipiens.
1375 3709 1434 3781 Ego
1450 3719 1526 3778 puto,
1544 3709 1617 3780 quod

824 3806 852 3853 et
864 3795 998 3868 copiosior
1016 3796 1236 3852 sanctificationis
1259 3797 1413 3853 benedictio
1432 3798 1462 3852 iu
1484 3814 1544 3853 eam
1564 3800 1617 3854 de·

825 3884 969 3952 scanderit,
984 3900 1045 3958 quae
1071 3885 1157 3954 ipsius
1184 3899 1238 3939 uon
1261 3883 1349 3939 solum
1372 3884 1551 3942 sanctificaret
1568 3902 1616 3943 or-

825 3981 892 4039 tum,
909 3972 997 4028 sedet
1019 3973 1101 4029 vitam
1116 3971 1150 4026 ab
1163 3970 1237 4026 omni
1251 3970 1380 4042 deinceps
1395 3979 1504 4043 peceato
1517 3983 1615 4030 custo-

823 4062 894 4119 diret
911 4060 1058 4118 immunem
1072 4076 1080 4118 ι
1095 4060 1168 4132 quod
1195 4059 1297 4116 nemini
1311 4060 1387 4116 alteri
1406 4060 1434 4115 iu
1457 4061 1527 4116 staua
1545 4060 1610 4132 qui·
1702 4072 1705 4079 ¹

825 4151 887 4206 dem
901 4148 1043 4207 mulierum
1057 4149 1176 4206 creditur
1189 4163 1250 4206 esse
1263 4150 1405 4206 donatum.
1421 4149 1519 4206 Deouit
1534 4149 1616 4204 nimi-

77 4244 169 4296 ιιιιιο
191 4236 276 4293 David
298 4237 413 4309 idipsum
438 4240 519 4295 liceat
540 4240 656 4312 opinari,
671 4256 721 4313 pro
736 4256 768 4296 eo
826 4255 886 4294 rum
900 4237 1030 4313 Reginam
1045 4238 1186 4311 virginum
1200 4238 1344 4310 singularis
1363 4237 1503 4311 privilegio
1516 4237 1617 4295 sancti-

77 4328 159 4385 rebat
168 4325 281 4383 Dcotlrt
289 4328 629 4398 tc,ait,coofirmatussum
636 4336 767 4400 austero·
787 4300 810 4378 ὓ
826 4327 895 4393 tatis,
911 4330 1014 4399 absque
1028 4327 1102 4384 omui
1118 4334 1227 4398 peccato
1241 4328 1340 4383 ducere
1354 4327 1434 4383 vitum
1451 4344 1458 4381 :
1476 4327 1616 4399 quaedum

77 4417 767 4492 nominantemreerproteetormeus(reatuin,
824 4414 924 4486 peccati
938 4419 1086 4488 mortisque
1101 4423 1207 4485 pareret
1221 4423 1427 4486 peremptorem,
1443 4432 1544 4471 munus
1553 4417 1617 4471 vita

77 4520 113 4572 m,
131 4505 172 4560 lle
186 4508 284 4560 uentre
293 4506 398 4560 matris
418 4522 490 4562 tuere
502 4508 575 4562 Deus
589 4523 668 4564 meus
682 4525 710 4565 es
726 4512 769 4575 tu,

77 4591 205 4651 morire
215 4607 261 4646 me
276 4591 442 4661 (Psul.xx1,
459 4595 514 4663 ll).
531 4593 564 4647 Et
577 4594 700 4651 Jeremiae
710 4596 770 4669 qui-

77 4678 770 4761 ttdictumest:Priusquomtesormoremt'rtutero,

80 4769 135 4837 ιιι
144 4771 300 4840 antequam
308 4771 401 4824 exires
411 4769 444 4825 de
454 4771 537 4826 vulno
547 4770 724 4839 sanctificari
744 4778 771 4828 te

77 4890 89 4911 t
101 4870 126 4922 ι,
152 4857 194 4922 bl.
209 4856 300 4923 Quam
324 4855 435 4926 pulchro
449 4856 521 4912 iuter
540 4856 728 4930 figurationem
744 4858 771 4912 iu

77 4954 103 5001 at
128 4945 339 5016 parturitionem
369 4960 402 4999 ea
424 4952 499 5001 utero
519 4946 639 5003 divinum
654 4944 772 5000 distinxit

77 5028 130 5089 nl
147 5040 179 5088 ut
194 5032 269 5086 illam
300 5038 401 5086 tautum
426 5034 629 5105 praecognitam,
646 5034 725 5089 istam
744 5041 772 5089 et

77 5120 124 5179 tiit
142 5134 257 5174 munere
275 5127 453 5190 praeornatam
475 5121 629 5176 ostenderet
642 5138 649 5175 :
663 5137 696 5176 ne
709 5120 772 5193 quis

77 5216 114 5267 ιε
126 5209 335 5282 praerogativam
351 5208 383 5264 de
399 5209 688 5281 solapraescieutinseu
699 5226 770 5282 praa-

77 5296 155 5355 lione
172 5293 259 5352 1⁷0
273 5297 409 5367 putaverit
422 5298 620 5354 aestimandam.

77 5384 128 5444 lato
157 5395 251 5442 tumen
279 5391 309 5440 ut
323 5387 375 5440 boc
402 5385 436 5441 de
449 5385 565 5442 teremia
580 5387 769 5444 concedamus.

77 5472 271 5548 »pendentum
284 5474 319 5529 de
327 5474 434 5531 loanne
447 5475 575 5547 Baptista,
587 5491 670 5548 quem
683 5491 769 5552 euge·

824 4512 851 4561 et
866 4504 978 4574 justitiae
989 4505 1116 4559 omnibus
1128 4504 1271 4559 obtineret.
1296 4505 1415 4560 Sanctus
1434 4505 1516 4576 igitur
1530 4511 1614 4568 ortus,

825 4595 953 4667 quoniam
968 4595 1098 4649 immensa
1124 4592 1253 4665 prodiens
1276 4609 1309 4648 ex
1323 4601 1404 4649 utero
1417 4595 1543 4649 sanctitas
1556 4607 1618 4648 san-

825 4691 897 4740 ctum
911 4682 974 4739 lecit
987 4683 1075 4739 iilum.

860 4771 888 4830 6.
903 4771 973 4841 Quid
984 4772 1073 4829 adbuc
1086 4772 1238 4829 addendum
1253 4770 1296 4824 bis
1309 4776 1436 4841 putamus
1449 4767 1616 4824 honoribus?

825 4860 861 4915 Ut
876 4864 1032 4928 bonoratur,
1048 4860 1183 4931 inquiunt,
1199 4868 1226 4912 et
1240 4865 1398 4928 conceptus,
1414 4855 1460 4924 qul
1474 4855 1614 4909 honorau-

825 4947 889 5001 dum
908 4947 1013 5017 praeivit
1032 4956 1136 5019 parturn
1153 4963 1159 4998 ε
1176 4946 1302 5016 quoniam
1322 4942 1344 4996 si
1368 4940 1414 4995 ille
1429 4954 1483 4995 uon
1498 4954 1616 5009 praeces·

825 5033 912 5099 sisset,
927 5050 978 5092 nec
992 5034 1042 5089 iste
1056 5039 1128 5089 esset
1154 5033 1200 5103 qui
1227 5035 1385 5089 bonoratur.
1401 5026 1472 5096 Quid
1501 5028 1523 5082 si
1536 5028 1617 5099 alius,

824 5130 936 5195 propter
948 5121 1068 5180 eamdem
1084 5136 1201 5189 nnumin,
1217 5120 1297 5175 etiam
1312 5117 1420 5188 utrique
1433 5119 1538 5187 parenti
1556 5119 1618 5187 ejus

824 5210 909 5268 lestos
924 5212 1042 5268 honores
1065 5218 1166 5266 asserat
1185 5207 1373 5265 deferendos?
1394 5205 1449 5260 Sed
1467 5205 1501 5260 de
1515 5209 1574 5261 avis
1588 5216 1616 5263 et

824 5303 936 5372 proavis
957 5299 1075 5370 idipsum
1104 5308 1194 5367 posset
1219 5311 1268 5369 pro
1292 5295 1371 5351 simili
1399 5311 1479 5352 causa
1502 5296 1617 5367 quilibet

823 5388 945 5465 flagitare
962 5405 968 5443 :
984 5395 1011 5444 et
1025 5387 1063 5443 sio
1077 5386 1229 5441 tenderetur
1241 5385 1269 5440 iu
1283 5383 1430 5458 inlinitum,
1446 5393 1472 5442 ot
1486 5384 1617 5442 festorum

822 5493 877 5537 uon
893 5488 966 5536 esset
978 5491 1116 5535 numerus.
1129 5475 1225 5532 Patriae
1242 5482 1295 5545 est,
1309 5489 1364 5534 non
1384 5474 1472 5533 emilii
1491 5475 1617 5548 trequen-
