3728 5940
159 162 213 224 t55

628 162 656 221 S.
676 159 844 222 taddeam
862 161 1002 223 mettis
1026 159 1340 224 cmer-ttbtltltffls

160 254 166 260 -
195 295 222 349 9
238 291 354 363 Propter
367 290 439 362 quod
454 290 549 345 horum
562 286 645 344 vultis
659 288 783 344 recedere
793 287 826 343 ab
841 289 956 389 amicisi
971 320 995 398 st

1754 158 1813 222 456

1010 289 1172 346 oalunmiam
1186 287 1299 363 struitis.
1315 285 1400 355 Quasi
1423 298 1489 343 vero
1505 285 1550 342 rel
1563 282 1591 340 in
1606 293 1697 340 mutua
1712 293 1812 342 nostra

157 381 295 454 Numquid
316 378 438 435 redditur
452 392 500 447 pro
516 377 588 432 bono
609 376 719 444 malum,
735 376 798 447 qnia
816 377 953 433 minamrm
1009 379 1186 436 conventione
1196 377 1222 432 id
1233 376 1400 449 prohibitum
1410 371 1560 430 fueritzvel
1569 374 1752 444 emancipatio
1761 371 1812 432 lilii

158 471 260 530 violare
290 476 395 542 pactum
420 467 507 536 (68ι),
533 465 683 521 valedicere
705 467 775 535 paci,
799 467 954 523 societatem

159 560 293 626 deserere,
319 553 396 612 251
425 554 549 611 scindere
572 553 727 610 unitatem?
747 555 798 610 Sed
822 563 890 612 esto.
916 556 955 613 De

159 646 230 702 bono
244 660 326 715 opere
347 660 402 699 non
416 659 460 700 me
481 643 617 716 lapidatis,
634 643 682 698 sed
706 643 739 699 de
758 642 867 713 iniuria,
882 644 954 718 qnod

156 733 267 788 fratrem
286 734 443 799 llobertum,
460 739 606 789 comesset
625 733 659 787 de
673 740 761 789 vestra
777 732 952 804 professione,

159 821 337 894 susceperim,
355 821 482 877 babitnm
504 823 529 878 ei
543 823 731 879 monachicum
752 824 870 879 tradens.
892 825 953 880 Non

157 909 272 976 inficior,
290 909 361 980 apud
381 926 431 966 nos
455 919 505 966 cst.
522 912 678 967 Putaveram
697 918 786 967 autem
811 928 854 966 me
873 929 955 984 super

157 998 211 1055 hoc
230 997 391 1055 satisfecisse
407 1000 496 1065 vobis,
513 1015 574 1055 cum
587 999 763 1070 snsceptionis
779 999 850 1056 illius
869 1001 954 1057 ratio·

157 1101 230 1158 nem,
251 1086 383 1152 ordinem,
409 1075 611 1152 necessitatem,
626 1086 685 1144 viva
709 1095 736 1142 et
756 1087 875 1144 veridica
890 1105 955 1146 voce

157 1173 280 1247 exposui,
297 1174 379 1247 idque
395 1190 448 1230 non
463 1176 556 1231 semel.
568 1172 639 1242 Quia
652 1190 719 1231 vero
733 1176 849 1233 necdum
863 1181 955 1250 quies·

1010 471 1043 524 ad
1051 467 1210 539 capitulum,
1221 473 1306 535 elnon
1315 463 1405 535 potius
1415 462 1448 517 ad
1462 462 1552 518 solnm
1561 463 1811 534 spectetabbatam.

1044 560 1071 612 6.
1095 553 1219 625 adjicitis
1237 560 1265 609 et
1287 553 1320 608 de
1339 553 1420 608 domo
1443 551 1557 623 quadam
1572 551 1685 608 fratrum
1698 560 1810 609 vestro-

1009 662 1066 700 rum
1083 644 1118 700 de
1138 641 1332 712 Basso-Fonte,
1348 640 1421 712 qnod
1436 656 1495 696 eam
1511 655 1562 697 nos
1577 640 1718 696 demedio
1740 641 1810 699 tuli-

1009 749 1079 797 mus,
1111 731 1172 786 licet
1207 737 1282 785 estre
1319 738 1433 785 statutm
1461 728 1592 784 terminos
1619 728 1808 785 constitutam.

1007 823 1096 895 Atque
1124 820 1225 875 utinam
1251 817 1407 890 priusquam
1430 831 1481 874 nos
1505 818 1667 890 argueretis,
1693 820 1809 873 eosdem

1009 909 1227 983 interrogassetis
1240 906 1346 971 fratres,
1362 921 1416 962 non
1427 905 1515 962 solum
1524 905 1586 978 quis
1600 920 1661 961 earn
1670 906 1705 961 de
1715 906 1809 962 medio

1009 999 1110 1065 tulerit,
1126 997 1175 1053 sed
1193 997 1274 1052 otiam
1289 1013 1341 1068 qua
1359 995 1393 1051 de
1416 1010 1507 1052 causa.
1521 994 1617 1067 Neque
1631 994 1705 1052 enim
1718 995 1809 1052 celas-

1008 1097 1068 1144 sent
1082 1086 1171 1150 vobis,
1189 1089 1219 1141 ut
1232 1082 1403 1151 confidimus,
1427 1085 1508 1154 buius
1526 1083 1565 1140 rei
1580 1083 1729 1140 veritatem.
1750 1084 1809 1140 Ce-

1009 1186 1097 1232 terum
1112 1176 1202 1230 audite
1212 1190 1270 1230 eam
1286 1189 1357 1229 nunc
1371 1170 1413 1230 vel
1425 1188 1441 1228 a
1455 1172 1545 1238 nobis,
1560 1188 1592 1229 ac
1604 1170 1715 1241 deinde,
1730 1172 1756 1227 si
1770 1173 1809 1229 ita

1008 1268 1107 1339 piacet,
1127 1279 1175 1320 eos
1199 1263 1372 1335 interrogate.
1389 1261 1532 1333 Coeperam
1552 1258 1687 1318 edificare
1703 1263 1807 1329 locum,

1009 1353 1055 1409 nbi
1078 1353 1180 1425 aliquas
1206 1368 1222 1408 e
1249 1350 1390 1408 sororibus
1416 1350 1472 1406 suis
1498 1349 1698 1417 consdtuereot,
1722 1352 1808 1426 longe
1838 1380 1842 1386 ·

157 1263 228 1335 citis,
247 1279 301 1320 non
316 1263 366 1319 erit
380 1263 446 1319 milri
462 1264 570 1337 pigrum
589 1263 739 1319 rescribere
753 1267 824 1337 quod
838 1282 953 1339 respon-

159 1351 261 1418 derem,
277 1352 387 1425 quando
406 1352 484 1410 vobis
502 1353 600 1410 durum
620 1368 675 1408 non
689 1361 731 1409 est
745 1364 867 1426 repetere
881 1356 953 1426 quod

157 1457 356 1499 excusaveram.
1007 1441 1116 1511 quidem
1140 1440 1173 1495 ab
1194 1439 1301 1495 abbatia
1324 1453 1382 1506 sua,
1404 1436 1433 1491 in
1453 1436 1572 1494 confinio
1586 1437 1805 1497 autemduarutn

193 1529 219 1588 3.
235 1530 345 1586 Minime
359 1545 425 1603 ergo
440 1532 595 1603 praedictum
612 1530 722 1587 fratrem
738 1532 884 1588 liebertum
899 1532 951 1588 ali·
1007 1529 1181 1603 grangiarum
1206 1526 1304 1583 domus
1327 1533 1427 1583 nostrae
1443 1532 1470 1583 et
1495 1542 1580 1600 prope
1595 1541 1694 1599 pascua
1711 1529 1805 1585 ovium

155 1620 274 1693 quando,
289 1628 319 1675 ιιι
342 1636 356 1674 ι
379 1622 456 1676 vobis
470 1620 567 1686 exiret,
583 1620 744 1679 sollicitavi:
763 1621 851 1693 magis
865 1630 952 1679 autem
969 1602 1170 1681 flnostrarum.
1205 1616 1370 1690 Rogavimus
1397 1630 1445 1672 eos
1480 1624 1607 1687 tanquam
1633 1615 1747 1682 unicos,
1777 1628 1806 1674 et

154 1724 170 1781 a
189 1709 280 1765 multis
295 1708 372 1765 annis
389 1708 415 1763 id
435 1709 599 1781 cupientem,
620 1724 673 1765 non
697 1710 789 1779 semel,
806 1710 854 1765 sed
875 1727 950 1780 saepe
1004 1710 1102 1781 quibus
1122 1706 1190 1762 forte
1206 1721 1260 1761 non
1280 1704 1391 1760 inutiles
1406 1701 1559 1772 fuissemus,
1576 1720 1611 1761 ne
1624 1705 1805 1763 seminarium

154 1796 314 1868 compressi.
329 1797 455 1866 Quonam
469 1799 585 1869 denique
599 1797 681 1854 modo
700 1805 844 1869 suspectus
858 1798 951 1853 haberi
1003 1795 1131 1865 scandali,
1153 1803 1180 1851 et
1198 1794 1408 1860 dissensionum,
1432 1792 1555 1851 fomitem
1578 1794 1636 1850 suis
1656 1794 1760 1867 pariter
1777 1803 1806 1854 ot

154 1900 276 1956 possum,
293 1887 364 1956 quod
385 1885 494 1943 fratrem
508 1887 656 1943 liebertum
671 1887 843 1943 subduxerim
863 1886 950 1958 vobis,
1004 1886 1103 1943 nostris
1116 1892 1250 1956 pararent,
1267 1883 1381 1955 posteris
1396 1881 1612 1954 relinquendum.
1629 1887 1662 1940 tt
1677 1883 1714 1941 illi
1728 1885 1804 1942 nibi-

154 1973 235 2042 cujus
249 1972 360 2030 consilio
379 1981 406 2029 et
421 1974 528 2029 hortatu
544 1975 700 2045 magistrum
712 1974 847 2031 Othonem
864 1976 951 2030 bube-
1004 1976 1135 2032 lorminus
1146 1973 1326 2030 aedificabant.
1342 1972 1405 2029 Haee
1416 1973 1465 2028 init
1476 1977 1531 2028 tola
1546 1973 1674 2031 violentia
1689 1984 1802 2033 nostra:

154 2060 212 2116 tis?
236 2061 264 2116 Si
289 2062 409 2132 nescitis,
429 2061 517 2133 ipsum
543 2063 705 2136 interrogate
727 2080 734 2120 ε
762 2065 785 2119 si
800 2064 869 2119 bene
889 2064 952 2120 nori
1005 2064 1044 2121 sic
1053 2079 1103 2121 nos
1116 2064 1150 2119 de
1160 2062 1249 2118 medio
1259 2063 1370 2118 tulimus
1383 2061 1494 2118 domum
1508 2061 1590 2118 illam.
1602 2062 1805 2123 lneucusabiles

155 2149 304 2220 hominem,
320 2165 374 2208 non
390 2153 509 2223 negabit,
526 2151 634 2208 Possem
650 2160 676 2207 et
691 2153 760 2208 alios
772 2151 884 2208 forsitan
898 2169 952 2208 non
1002 2169 1110 2222 sumna,
1124 2151 1149 2207 si
1164 2167 1270 2226 rogare,
1286 2151 1339 2210 vim
1355 2151 1477 2223 irrogare
1491 2161 1542 2207 est.
1562 2192 1565 2197 -

157 2253 258 2310 paucos
282 2238 435 2306 nominare,
456 2240 512 2298 sive
535 2255 680 2298 conversos
701 2241 735 2296 ad
756 2256 813 2308 vos,
834 2242 890 2301 sive
906 2258 952 2298 re·
1041 2239 1127 2298 aba
1147 2244 1174 2297 7.
1200 2242 1304 2298 Revera
1326 2239 1469 2311 episcopus
1482 2239 1566 2313 (quod
1577 2241 1733 2313 negandum
1748 2260 1803 2302 non

156 2341 247 2383 versos
262 2342 270 2384 ι
287 2342 358 2399 qnos
372 2328 453 2385 hodie
467 2342 520 2385 noa
532 2329 677 2396 haberetis,
693 2329 746 2386 nisi
760 2346 776 2385 a
790 2330 870 2387 nobis
880 2330 952 2387 suasi
1004 2333 1065 2400 est)
1091 2330 1254 2403 indignatus,
1271 2344 1325 2384 non
1350 2329 1430 2386 modo
1443 2330 1518 2402 qnod
1541 2329 1692 2388 oratorium
1707 2331 1734 2387 in
1750 2348 1801 2391 sno

158 2414 282 2481 fuissent,
297 2417 339 2472 vel
358 2416 455 2472 coacti.
474 2417 557 2472 Pareo
571 2428 672 2484 autem,
693 2434 747 2474 non
766 2418 846 2490 inops
863 2429 951 2476 mate·
1005 2420 1171 2491 episcopatu,
1188 2418 1236 2475 sed
1251 2418 1359 2491 etquod
1374 2418 1483 2474 domum
1498 2416 1525 2472 iu
1540 2417 1625 2476 fundo
1637 2419 1760 2476 ecclesiae
1775 2430 1803 2478 et

156 2501 214 2568 rite,
226 2502 274 2560 sed
289 2504 458 2560 verecundie
472 2504 641 2562 satisfaciens
659 2507 744 2566 dives.
760 2507 853 2563 lnvoui
863 2523 914 2581 ego
926 2511 953 2564 in
1005 2514 1077 2565 terra
1090 2506 1164 2563 feudi
1179 2505 1220 2562 sui
1231 2505 1366 2563 aedificare
1375 2522 1405 2564 se
1413 2506 1564 2564 inconsulto
1578 2507 1804 2579 praesnmpisscnt

155 2589 280 2647 claustris
295 2593 457 2666 vestris,qui
473 2595 505 2649 ad
520 2596 633 2650 verbum
645 2595 841 2666 predicationis
854 2605 953 2653 nostrae
1005 2607 1095 2669 ooepto
1114 2595 1257 2652 intervenit
1280 2595 1366 2666 operi,
1391 2595 1513 2667 quamvis
1535 2595 1647 2666 frustra,
1675 2613 1738 2653 nam
1754 2614 1804 2655 nec

157 2679 314 2750 compuncti
331 2691 358 2736 et
372 2682 494 2738 conversi
513 2682 546 2736 ad
566 2698 618 2738 nos
631 2686 723 2741 venire
739 2684 951 2757 disposuerant:
1004 2685 1076 2744 vetiti
1091 2685 1125 2740 ab
1139 2699 1172 2741 eo
1196 2684 1366 2743 destiterunt.
1388 2684 1493 2741 Exinde
1508 2684 1659 2740 transeunti
1672 2685 1737 2741 mibi
1754 2702 1803 2757 per

156 2782 218 2822 oum
233 2783 297 2823 ecce
324 2767 529 2826 sollicitantibus
551 2771 649 2827 vestris
668 2773 832 2828 retrahentes
847 2774 952 2845 pedem,
1009 2780 1106 2830 terram
1127 2773 1209 2840 illam,
1231 2772 1253 2828 is
1278 2773 1325 2846 qui
1344 2782 1408 2831 tnnc
1423 2782 1480 2829 erat
1498 2775 1593 2844 obbas,
1623 2775 1801 2832 Bassi-Fontis

157 2857 256 2926 recepti
271 2863 298 2913 et
322 2858 417 2914 retenti
440 2868 503 2913 sunt
524 2859 552 2915 in
575 2860 677 2916 Ordine
699 2870 725 2918 et
738 2861 831 2917 babitu
849 2869 951 2922 vestro.
1007 2877 1163 2932 occurrens,
1179 2862 1307 2921 indicavit
1320 2864 1392 2937 quod
1403 2865 1436 2918 ab
1450 2863 1626 2921 edificatione
1640 2875 1801 2922 cessassent.

157 2942 330 3000 Postmodum
349 2962 425 3013 vero,
441 2947 610 3004 remordente
630 2963 678 3005 eos
691 2950 864 3018 conscientia,
878 2952 952 3008 crire
1003 2952 1196 3008 Verumtamen
1222 2968 1276 3009 non
1297 2958 1350 3007 tam
1378 2963 1487 3025 propter
1508 2967 1567 3018 nos,
1590 2953 1658 3010 sicut
1685 2971 1719 3011 ex
1743 2955 1804 3026 ejus

91 3110 97 3119 .
155 3030 301 3089 voluerunt
316 3053 323 3092 :
340 3048 378 3106 et,
394 3036 422 3090 ni
437 3035 526 3107 fallor,
540 3039 667 3107 exissent,
683 3038 736 3095 nisi
751 3047 845 3096 nostro
859 3039 951 3101 firma·

155 3129 246 3178 rentur
260 3138 314 3178 non
329 3140 439 3180 assensu
452 3134 565 3194 tantum,
585 3127 631 3182 sed
646 3136 672 3182 et
688 3129 806 3183 hortatu.

1004 3040 1132 3098 relatione
1146 3041 1273 3116 cognovi,
1298 3057 1378 3113 quam
1392 3050 1502 3114 propter
1525 3042 1634 3098 militem
1650 3044 1735 3117 illum,
1755 3042 1803 3116 qui

1002 3136 1102 3186 terram
1122 3129 1162 3187 eis
1181 3131 1255 3186 visus
1274 3129 1381 3185 dedisse
1399 3130 1528 3204 gravabat
1541 3145 1587 3186 eos
1607 3129 1635 3185 in
1649 3131 1751 3197 multis,
1766 3130 1803 3187 itt

192 3209 217 3264 l.
233 3209 286 3266 Sed
298 3214 354 3284 jam
372 3213 462 3269 audite
476 3214 553 3286 (quia
566 3215 662 3270 iterum
677 3216 756 3273 vultis
766 3217 871 3288 audire)
882 3234 951 3290 quo·

135 3297 236 3354 ‘ruodo
251 3301 357 3358 tandem
378 3300 487 3357 fratrem
505 3303 653 3358 liebertum
678 3304 837 3376 receperim.
854 3307 949 3362 florui-

154 3400 206 3442 nus
225 3404 294 3460 papa
319 3389 456 3462 praecepit,
472 3405 568 3463 nempe
592 3400 702 3462 rogatus
720 3393 754 3448 ab
780 3394 825 3449 illo
844 3396 950 3464 atejus

152 3476 256 3532 amicis.
273 3477 382 3534 Dicebat
401 3489 521 3535 vestrum
536 3494 597 3537 sese
611 3490 637 3536 et
656 3482 761 3537 abbatis
780 3483 839 3552 ejus
853 3499 948 3539 assen-

153 3582 212 3624 sum
228 3585 306 3641 prece
321 3586 368 3626 sua
387 3569 545 3635 obtinuisse,
565 3587 598 3626 ne
621 3571 682 3644 quis
701 3571 772 3628 dicat
791 3574 863 3644 quod
878 3590 948 3646 pree·

153 3663 233 3727 cepto
247 3662 369 3715 extorsit.
386 3658 517 3733 Negatis:
534 3659 597 3730 quid
617 3660 650 3714 ad
669 3662 737 3717 nos?
761 3660 819 3731 ipse
838 3663 946 3719 viderit.

153 3738 183 3799 Si
205 3745 283 3800 vobis
305 3762 439 3802 summum
463 3757 491 3803 et
506 3756 629 3803 sanctum
651 3747 807 3806 Pontificem
827 3750 949 3806 falsitatis

153 3847 269 3904 arguere
287 3833 360 3901 libet,
376 3832 507 3905 ignoscite
523 3835 623 3892 nobis:
645 3836 708 3906 qnia
724 3851 773 3892 uos
792 3846 871 3893 tantae
886 3855 949 3895 sau·

152 3919 237 3977 clitati
252 3937 305 3979 non
320 3923 438 3991 credero,
459 3933 486 3979 et
508 3932 589 3979 tantae
614 3924 747 3994 majestati
765 3940 819 3983 non
838 3927 949 3984 obedire

151 4011 228 4069 nefas
243 4012 376 4071 ducimus.
392 4012 553 4087 Quanquam
574 4023 602 4072 et
618 4015 779 4072 venerabilis
793 4018 876 4073 abbas
889 4016 947 4074 Go-

1003 3219 1078 3274 uide
1091 3234 1124 3274 eo
1140 3217 1285 3289 plurimum
1298 3224 1483 3287 quererentur.
1500 3216 1668 3290 Quamquam
1685 3221 1736 3277 etsi
1752 3235 1803 3294 pro

1002 3307 1062 3362 sola
1075 3304 1203 3362 charltme
1227 3313 1320 3361 nostra
1336 3303 1365 3359 id
1379 3304 1531 3361 voluntarie
1553 3304 1734 3372 dimisissent,
1750 3325 1804 3367 nse

1002 3394 1160 3468 religionem
1175 3407 1268 3448 eornm
1286 3390 1465 3464 dedecuisset,
1486 3407 1536 3448 nec
1554 3391 1693 3449 immeritis
1715 3393 1805 3452 forsi-

1002 3491 1045 3540 tan
1075 3481 1233 3556 prestitisse
1257 3479 1417 3539 beneficium
1435 3481 1598 3539 viderentur.
1624 3483 1707 3540 bliror
1734 3500 1804 3542 sano

1002 3572 1073 3631 unde
1095 3572 1152 3630 baec
1172 3571 1281 3628 tandem
1300 3572 1408 3644 querela
1426 3573 1576 3640 emerserit,
1593 3589 1655 3629 cum
1674 3581 1702 3629 et
1716 3574 1802 3631 abbas

1000 3662 1046 3719 ille
1072 3662 1100 3717 iu
1118 3662 1198 3730 bona,
1215 3661 1268 3717 nisi
1281 3660 1370 3727 fallor,
1390 3667 1418 3716 et
1433 3660 1530 3717 devota
1549 3677 1614 3736 erga
1630 3677 1681 3717 nos
1700 3663 1801 3719 volnu-

1001 3757 1057 3806 tate
1071 3757 1233 3820 praesentem
1249 3746 1349 3805 finierit
1363 3746 1445 3803 eitam
1459 3766 1466 3803 ε
1482 3760 1509 3804 et
1524 3748 1570 3820 qui
1586 3749 1747 3805 substitutus
1760 3758 1801 3807 est

1002 3840 1038 3904 ei,
1058 3838 1211 3908 frequenter
1238 3846 1266 3893 et
1298 3836 1465 3894 familiariter
1495 3837 1660 3896 conveniens
1688 3853 1737 3895 nos
1771 3839 1800 3895 in

1002 3925 1210 3984 necessitatibus
1224 3925 1290 3992 suis,
1307 3925 1406 3981 nnllam
1421 3925 1500 3982 nobis
1522 3925 1700 3998 querimoniae
1718 3926 1801 3997 hujus

1001 4016 1147 4088 aliquando
1173 4014 1266 4072 fecerit
1285 4014 1460 4072 mentionem.
1484 4016 1608 4088 Denique
1621 4024 1649 4071 et
1662 4016 1690 4072 in
1704 4016 1813 4073 eadem·

149 4097 290 4159 descalcus
303 4102 386 4174 (688),
404 4103 451 4174 qni
465 4103 499 4158 de
513 4104 609 4159 vestris
624 4115 665 4159 est
679 4108 752 4175 (uam
767 4105 792 4160 is
807 4123 823 4160 a
837 4107 948 4162 domino
1001 4114 1096 4176 postea
1114 4107 1195 4160 domo
1215 4103 1407 4160 humanissime
1431 4112 1573 4177 susceptus
1588 4104 1716 4176 hospitio,
1733 4105 1800 4160 nihil

153 4190 226 4261 Papa
240 4190 275 4244 ad
291 4205 340 4246 vos
354 4191 437 4260 hujus
450 4193 490 4246 rei
507 4195 591 4263 gratia
606 4192 693 4248 fuerat
705 4193 876 4265 destinatus),
893 4210 947 4249 noo
965 4172 1066 4250 [lirino
1079 4193 1112 4247 ab
1135 4192 1195 4264 ipso
1211 4192 1316 4258 abbate,
1340 4194 1382 4248 vel
1400 4191 1453 4248 alio
1472 4208 1606 4264 quoquam
1624 4192 1726 4250 andivi.
1745 4192 1799 4249 Sed

151 4276 232 4346 plana
253 4278 393 4351 negaverit
416 4285 567 4349 reportasse
590 4294 618 4334 se
641 4294 657 4333 a
680 4281 768 4348 vobis,
791 4291 818 4338 et
837 4282 948 4338 liberam

150 4349 240 4420 fratris
268 4364 520 4436 emancipationem,
543 4376 570 4422 et
591 4377 706 4423 uestram
732 4369 815 4440 ipsius
834 4379 947 4443 sponta-

151 4466 228 4508 neam
243 4453 445 4510 concessionem
463 4455 526 4526 (αι,
540 4456 626 4525 mole,
642 4456 867 4529 consessionem).

186 4545 213 4597 6.
238 4544 295 4597 lam
319 4542 353 4597 de
376 4541 457 4599 fratre
481 4543 633 4598 Fromundo
658 4559 710 4600 non
736 4548 873 4618 estquod
895 4564 946 4602 nos

150 4631 301 4701 lacessatis,
328 4646 388 4687 cnm
416 4646 584 4704 nequaquam
613 4649 676 4688 enm
707 4634 767 4689 sino
794 4636 946 4692 voluntaria

150 4720 257 4776 abbatis
270 4720 311 4775 sui
322 4718 496 4776 concessione
507 4721 655 4790 receperim
672 4739 678 4778 :
692 4721 763 4792 quod
778 4722 886 4794 quidem
898 4739 946 4780 nee

150 4823 199 4868 ros
222 4807 332 4866 latuisse
354 4824 446 4865 amera
464 4809 508 4864 illu
528 4810 643 4880 epistola
663 4812 827 4866 demonstrat
845 4810 873 4866 in
893 4828 945 4883 qun

149 4899 229 4955 nobis
254 4899 288 4954 de
311 4900 368 4954 sola
390 4899 500 4972 capituli
524 4915 579 4955 non
602 4907 756 4970 exspectata
774 4899 945 4957 conniventia

185 5019 260 5092 (687)
288 5023 396 5078 Pactum
424 5025 475 5079 froc
502 5023 628 5080 describit
655 5023 821 5095 Manriquez,
851 5023 944 5079 initum

150 5106 222 5148 anno
238 5093 318 5157 ιιιι,
334 5093 402 5150 inter
422 5095 616 5151 Cistcrcienses
634 5105 659 5150 et
679 5097 946 5152 Praemonstratenses

150 5163 303 5219 concordie
326 5181 416 5233 causa,
441 5174 470 5221 ut
494 5167 564 5222 inter
588 5177 764 5238 utrorumque
785 5167 946 5222 monasteria

151 5233 235 5289 leucae
253 5236 334 5303 duae3
354 5236 424 5292 inter
438 5237 567 5310 grangias
581 5253 630 5294 seu
644 5238 718 5294 villas
730 5253 783 5293 una
801 5237 947 5293 intercede-

152 5312 204 5359 ret.
224 5304 292 5362 ilinc
310 5307 461 5363 bernardus
480 5309 591 5365 domum
610 5308 792 5366 Bassi-Fontis
812 5309 849 5364 ait
864 5309 946 5365 fuisso

146 5382 226 5457 ¹entra
253 5384 369 5432 statutos
393 5378 523 5436 terminos
552 5384 736 5437 constitutam.
764 5380 832 5437 Erat
856 5390 945 5439 autem

147 5451 202 5505 arta
215 5460 243 5500 ιιι
257 5446 370 5505 dioecesi
383 5448 521 5518 i'recensi,
536 5450 645 5508 fundata
658 5465 730 5509 anno
745 5454 826 5508 itit.

1002 4288 1030 4337 et
1042 4282 1181 4337 vobiscum
1201 4280 1228 4336 in
1244 4281 1410 4338 Clara-Valle
1425 4280 1597 4352 postmodum
1613 4296 1733 4352 presens
1747 4281 1800 4338 fnit

1002 4368 1097 4438 abbas,
1125 4377 1152 4425 et
1180 4369 1334 4438 nuperrimo
1354 4369 1439 4438 iiarri,
1461 4369 1517 4438 jam
1537 4370 1652 4426 instante
1678 4369 1799 4441 capitulo

1001 4465 1103 4523 vestro,
1126 4456 1198 4512 uude
1214 4457 1308 4513 litterae
1323 4456 1374 4512 illae
1389 4457 1518 4528 querulae,
1534 4472 1568 4512 ne
1582 4457 1669 4513 dicam
1691 4456 1799 4513 calum·

1001 4545 1096 4616 niosae,
1110 4552 1260 4602 venerunt:
1276 4555 1302 4601 et
1319 4561 1370 4602 nec
1385 4547 1438 4613 hic,
1453 4559 1502 4602 nec
1517 4545 1553 4600 ibi
1570 4547 1724 4616 superbos,
1738 4545 1801 4603 sive

1000 4637 1086 4698 abeo,
1108 4633 1192 4689 sires
1208 4636 1293 4702 vobis,
1309 4635 1353 4691 vel
1368 4635 1485 4692 tenuiter
1502 4633 1610 4707 quidem
1626 4631 1736 4690 memini
1750 4649 1799 4689 me

999 4722 1081 4779 fuisse
1096 4730 1269 4778 conventum.

1036 4815 1063 4866 8.
1079 4812 1213 4868 Praeterea
1222 4810 1382 4881 causamini,
1396 4810 1469 4882 quod
1481 4811 1670 4868 domunculam
1683 4807 1799 4868 fratrum

1000 4912 1153 4960 vestrorum
1164 4900 1198 4955 de
1209 4903 1293 4957 Breoa
1304 4900 1379 4971 (689)
1390 4915 1540 4957 conversus
1549 4900 1714 4973 lguiacensis
1726 4915 1801 4958 oom-

1037 5026 1114 5098 (688)
1127 5025 1165 5081 De
1181 5041 1214 5081 oo
1228 5025 1291 5083 vide
1306 5025 1447 5095 epistolam
1465 5026 1509 5081 tt.

1035 5100 1111 5168 (688)
1122 5098 1217 5153 Brenae
1231 5113 1278 5153 seu
1290 5097 1394 5166 lirense,
1406 5100 1477 5169 qnod
1488 5097 1618 5180 oppidum
1628 5107 1669 5154 est
1683 5095 1799 5181 addan·

1001 5175 1243 5297 ”multitia
1256 5168 1800 5296 'ltldtbiltittatttttt

1001 5255 1051 5368 {iai
1063 5329 1069 5367 :
1089 5327 1174 5384 aqua
1186 5327 1241 5367 non
1257 5311 1336 5394 longe
1351 5314 1432 5367 distat
1445 5281 1593 5394 igniacum,
1607 5281 1718 5393 bediqis
1730 5311 1798 5367 Cis·

1002 5382 1146 5439 terciensis
1161 5385 1187 5438 in
1206 5382 1318 5440 ditecesr
1333 5383 1468 5439 ilamensi.
1484 5382 1577 5439 lilibus
1590 5383 1692 5457 lgnracr
1707 5382 1798 5438 llum·

989 5451 1103 5521 bertus,
1118 5455 1152 5512 ad
1166 5470 1248 5527 quem
1263 5453 1378 5527 epistola
1393 5455 1453 5510 ιιι.
