3728 5940
77 230 142 289 filil

733 215 807 274 VlTh
826 215 853 273 S.
874 213 1063 275 hmtdfltnt.

1651 231 1720 297 {1⁰2

73 358 188 411 alterum
217 354 242 409 ei
260 355 392 409 toannctn
416 349 537 406 eslrilmit
562 366 568 404 :
593 369 604 398 ι
629 347 690 401 Non
721 344 784 400 licet
803 342 861 406 tibi,
920 343 970 397 hus
985 357 1092 413 repens.
1110 349 1171 416 post
1181 360 1211 400 sa
1227 346 1351 404 trahebat
1362 349 1445 419 pedes
1456 360 1596 412 emortuos
1612 377 1619 416 :
1637 373 1720 432 quam

72 445 206 516 inquiens,
230 443 433 498 «concubinam
449 441 548 494 habere
563 435 654 493 fratris
670 434 745 490 tul·
762 434 797 487 nt
816 431 862 488 ille
879 394 902 472 fl

71 534 185 589 alterum
201 531 253 604 ipsi
272 530 447 587 nihilominus
472 527 607 585 Herodem
631 524 785 592 redhibens,
809 536 863 576 non

71 623 152 678 modo
167 638 221 676 uon
236 621 340 678 audivit
354 636 426 688 enm,
443 623 490 674 sed
505 625 532 674 et
549 615 666 686 superbe
677 611 823 683 respondit,
838 618 864 665 et

70 727 162 767 coram
174 711 300 767 omnibus
312 710 384 780 jurat
396 722 533 779 nunqnam
545 722 574 761 se
583 704 756 760 dimissuram
767 702 862 772 (licre.

71 817 108 870 vr,
125 800 234 871 tr-us).
265 801 333 854 Turn
362 806 515 853 commotus
533 795 688 865 hialachias,
716 793 787 848 sicut
808 796 865 847 erat

71 904 121 959 pro
133 888 239 958 justitia
248 889 419 944 vehementer
430 887 520 941 zelans
538 902 544 937 ι
562 906 574 933 ι
591 884 626 938 Et
639 883 723 948 Deus,
739 901 752 932 s
769 877 863 948 inquit,

73 999 84 1028 ι
106 986 132 1035 te
147 979 180 1032 ab
195 977 243 1032 illa
268 984 376 1048 separet
404 975 446 1034 vel
460 974 583 1029 invitum.
615 971 720 1028 »Parvi
744 970 865 1042 pendeas

69 1069 125 1137 ille,
141 1084 178 1123 ex
194 1068 303 1124 instanti
320 1065 388 1121 abiit
410 1064 639 1140 indignabundus.
660 1061 864 1130 Offendeusque

69 1158 210 1214 mulierem
225 1172 279 1213 non
303 1157 384 1228 longe
403 1171 421 1212 a
452 1154 530 1210 turba
544 1153 689 1209 constituta
702 1152 730 1206 in
745 1150 822 1217 loco,
837 1149 862 1206 ai

68 1245 204 1319 oppressit
220 1262 299 1312 -eam,
324 1246 394 1301 sicut
419 1253 477 1301 erat
498 1250 599 1297 satanae
625 1248 707 1304 totus,
724 1239 767 1294 cai
781 1238 862 1309 paulo

67 1346 129 1390 ante
147 1336 261 1391 traditus
283 1335 381 1391 fuerat.
411 1334 467 1388 Nec
494 1331 572 1386 latuit
590 1328 731 1401 flagitium.
749 1326 861 1394 Ancilla,

68 1442 128 1498 quac
143 1425 277 1481 dominam
288 1425 480 1493 comitabatur,
495 1435 635 1476 recurrens
644 1417 753 1474 domam
768 1418 859 1488 (nem-

67 1530 101 1588 pe
125 1515 197 1569 fraud
225 1514 318 1587 procul
346 1512 441 1568 aberat
459 1511 533 1581 loco)
552 1509 656 1564 nuntiat
678 1506 775 1562 anhela
795 1504 860 1577 quid

67 1603 132 1662 mali
146 1602 283 1660 acciderit.
298 1601 342 1656 Ad
356 1617 436 1674 quarn
451 1615 546 1658 vocem
572 1596 696 1669 gerranni
711 1596 794 1664 illius,
811 1593 858 1666 qui

919 431 1092 503 dicquadarn
1111 442 1172 489 ante
1196 436 1292 492 cellam
1319 454 1398 496 suam
1421 440 1565 500 Malachias
1590 456 1721 507 moeslum

918 527 944 576 et
959 530 1119 576 moerentem
1132 522 1270 581 inveniens
1282 541 1393 584 causam
1409 539 1592 599 percontatur.
1608 536 1643 591 Et
1656 539 1719 596 ille:

920 628 932 660 a
951 609 1041 676 Vides,
1057 633 1068 661 a
1084 612 1182 682 inquit,
1201 637 1211 664 a
1228 632 1309 686 quam
1321 619 1576 692 exlongomisellus
1595 624 1720 691 afflicter,

919 707 945 753 et
959 715 1056 754 manus
1082 701 1189 756 Domini
1209 720 1290 776 super
1303 722 1347 761 me
1363 725 1368 763 :
1386 716 1412 763 et
1436 725 1500 765 ecce
1522 711 1555 766 ad
1580 715 1722 770 cumulum

918 803 1057 853 aerumnae,
1079 791 1213 864 homines,
1225 794 1271 865 qui
1285 796 1408 853 miserari
1423 799 1581 868 debuerant,
1606 803 1722 863 irrident

919 893 962 933 me
986 879 1086 948 potius,
1103 881 1239 937 miseriam
1265 886 1471 954 exprobrantes.
1501 888 1589 958 Quem
1604 892 1650 950 ubi
1670 910 1721 952 au·

917 965 993 1032 divit,
1012 967 1108 1035 pietate
1123 963 1214 1026 motus
1230 974 1351 1043 suspexit
1370 974 1397 1029 in
1411 977 1522 1047 coelum,
1540 995 1636 1036 manus
1651 981 1722 1052 pari·

917 1061 957 1109 ter
971 1053 1073 1110 levans.
1090 1056 1169 1114 Facta
1186 1069 1276 1115 autem
1289 1062 1364 1118 brevi
1382 1065 1514 1135 oratione,
1531 1067 1590 1138 ipsa
1610 1069 1719 1129 intravit

916 1143 1022 1210 cellam,
1039 1152 1065 1200 et
1080 1145 1123 1201 ille
1142 1149 1269 1205 surrexit.
1292 1152 1326 1207 Et
1348 1161 1423 1210 stans
1438 1172 1521 1226 super
1546 1159 1630 1231 pedes
1653 1176 1718 1218 suos

916 1227 1064 1284 mirabitur
1089 1230 1112 1283 si
1132 1248 1196 1288 vera
1217 1243 1289 1289 esset
1307 1238 1379 1306 quod
1399 1248 1456 1295 erat
1483 1256 1554 1312 pene
1579 1245 1717 1303 somnium

916 1316 1077 1386 suspicatus.
1087 1319 1175 1392 Coepit
1193 1329 1282 1379 tamen
1298 1341 1328 1380 se
1342 1327 1509 1396 pedetentim
1530 1347 1659 1392 movere:
1673 1349 1718 1391 ne·

916 1420 969 1476 que
984 1406 1056 1460 eninr
1067 1424 1149 1477 posse
1174 1408 1214 1465 ire
1238 1409 1303 1465 salis
1318 1413 1453 1471 credebat.
1470 1418 1590 1475 Tandem
1609 1423 1716 1493 quasis

914 1493 990 1563 gravi
1015 1509 1120 1550 sommo
1153 1495 1285 1566 evigilans
1324 1504 1464 1575 cognoscit
1502 1507 1715 1565 misericordiam

913 1583 1021 1637 Domini
1037 1601 1117 1656 snper
1139 1601 1183 1654 se,
1201 1585 1314 1644 tirmiter
1328 1592 1458 1661 graditur,
1475 1603 1502 1651 et
1528 1595 1556 1650 in
1570 1597 1715 1670 pistrinum

65 1694 139 1749 domi
154 1700 239 1761 emm,
256 1692 377 1748 mames
390 1690 491 1746 gomis
504 1697 638 1759 smmum,
655 1694 709 1741 gog,
723 1685 769 1740 5110
785 1683 860 1738 resq.
875 1685 898 1763 g
917 1671 1066 1739 revertitur,
1082 1673 1219 1730 exsilliens
1234 1682 1261 1732 et
1276 1678 1425 1748 exsultans,
1445 1692 1472 1738 ct
1487 1684 1602 1740 laudans
1616 1687 1712 1744 Deum.

65 1783 156 1840 nantia
187 1781 335 1853 pervolant,
365 1776 503 1850 pudicitia
530 1778 645 1845 lrostcm,
674 1773 732 1844 ipso
760 1773 789 1826 in
803 1773 862 1830 1000
919 1760 1035 1830 Visoeo,
1063 1762 1110 1834 qui
1136 1772 1197 1820 ante
1212 1764 1335 1823 viderant
1351 1776 1377 1824 et
1400 1781 1596 1844 cognoverant,
1620 1777 1715 1848 repleti

64 1879 91 1927 et
106 1886 188 1941 opere
215 1868 323 1925 sceleris
337 1867 549 1939 deprehensum,
565 1863 656 1919 multis
688 1859 778 1919 679
791 1876 859 1916 eon·

64 1959 170 2017 fossam
200 1957 358 2015 vulneribus
375 1956 542 2013 interimunt.
571 1954 695 2009 Necdum
711 1958 859 2009 conventus

62 2052 169 2106 solutus
184 2057 252 2116 erat,
270 2063 332 2103 cum
361 2062 424 2102 ecce
439 2045 557 2117 armiger
573 2044 652 2111 illius,
674 2042 747 2114 quod
762 2056 859 2098 evene·

64 2148 117 2207 rat,
134 2137 277 2196 nuntiavit.
293 2137 328 2192 Et
342 2135 432 2190 mirati
444 2143 507 2190 sunt
520 2133 646 2205 universi,
663 2132 735 2204 quod
749 2139 857 2188 senteu-

65 2228 104 2283 tia
119 2227 255 2284 biadachiae
271 2234 326 2282 tarn
353 2225 472 2283 celerem
498 2223 640 2278 habuisset
653 2221 791 2278 effectum.
809 2220 857 2275 Ti-

64 2328 191 2373 mnerunt
208 2318 309 2391 quique
339 2315 469 2390 flagitiosi
497 2312 589 2370 audito
618 2313 671 2368 hoc
686 2314 769 2368 verbo
783 2313 857 2380 (uam

63 2408 142 2463 multi
157 2416 233 2463 crant
248 2407 275 2461 in
292 2408 384 2476 terra),
402 2414 428 2461 et
456 2404 541 2461 territi
554 2403 663 2474 purgati
678 2410 749 2469 sunt,
764 2402 859 2460 lavan-

64 2505 105 2552 tes
120 2512 216 2553 manus
231 2511 294 2552 suas
310 2496 337 2549 in
351 2493 482 2567 sanguine
496 2491 655 2562 peccatoris.

359 2584 474 2639 CAPUT
491 2582 594 2638 XXIII.

135 2677 217 2733 Vario
231 2676 391 2731 sanitatum
404 2674 538 2744 beneficio
547 2672 635 2728 cumis
642 2672 785 2745 prestita.

96 2768 141 2821 ts.
158 2763 328 2821 Diarmitium
345 2763 482 2830 comitem,
499 2763 586 2817 multo
598 2762 656 2831 jam
672 2769 794 2832 tempore
809 2759 856 2815 de·

61 2856 236 2912 cimbentem
264 2854 346 2920 lecto,
363 2853 467 2908 duriter
489 2852 599 2923 quidem
615 2851 769 2923 increpans,
784 2851 857 2920 quod

60 2941 148 2996 malus
175 2942 258 2996 homo
273 2946 356 3005 esset,
379 2937 585 2993 immoderatius
600 2936 719 2993 serviens
732 2934 818 2992 ventri
832 2943 859 2990 et

58 3030 140 3104 gulae,
155 3028 301 3084 benedicta
314 3043 456 3098 aspersum
485 3041 566 3098 aqua,
591 3041 705 3096 surgere
720 3024 780 3080 fecit
794 3023 851 3079 sinc

56 3134 145 3185 mora,
163 3118 201 3173 ita
215 3116 360 3182 valentem,
379 3122 409 3170 ut
436 3131 534 3186 equum
551 3115 705 3170 ascenderet
727 3112 809 3177 illico,
824 3120 851 3166 et

56 3204 151 3274 utique
166 3211 264 3274 praeter
278 3217 355 3273 spem
371 3215 448 3255 suam
464 3199 549 3272 ipsius
562 3207 589 3254 et
603 3213 725 3254 suorum.
737 3198 768 3252 In
782 3197 850 3251 urbe

57 3290 193 3348 Caselensi
212 3291 284 3346 venit
299 3291 381 3346 horno
392 3300 453 3343 ante
468 3304 531 3344 cum
546 3303 608 3342 cum
622 3286 677 3342 filio
694 3285 848 3357 paralytico,

55 3374 156 3448 rogans
175 3377 252 3432 illum
268 3375 379 3432 sanari:
396 3374 441 3447 qui
456 3389 536 3430 orans
558 3373 683 3438 breviter,
701 3392 713 3424 r
739 3371 847 3436 Vadas

57 3467 154 3537 inquit,
173 3466 270 3520 «filius
285 3475 347 3521 tuus
362 3464 510 3520 sanabitur.
528 3483 541 3515 a
558 3464 590 3527 lt,
606 3472 632 3518 et
646 3461 764 3518 crastino
780 3461 850 3517 redit

57 3571 120 3612 cum
134 3553 198 3621 filio,
216 3554 263 3609 sed
292 3552 403 3607 minime
433 3564 537 3606 sanato.
553 3550 621 3605 Tum
635 3566 750 3621 surgens
763 3550 850 3604 hiala-

55 3646 142 3711 chius,
157 3650 184 3698 et
199 3650 275 3697 stans
290 3655 373 3711 super
387 3656 451 3695 eum
463 3637 464 3641 ’
475 3637 575 3695 diutius
598 3638 696 3706 oravit,
707 3645 734 3692 et
748 3637 791 3692 illc
805 3653 849 3691 sa-

55 3740 135 3788 natus
148 3732 241 3787 est.Et
255 3745 405 3787 conversus
420 3730 453 3784 ad
467 3736 591 3799 patrem:
605 3747 618 3778 <‹
634 3726 718 3797 Offer,
728 3748 739 3777 a
751 3725 847 3796 inquit,

58 3821 172 3876 «illum
196 3820 263 3876 Deo.
281 3841 293 3870 a
311 3821 416 3875 Annuit
439 3819 531 3886 homo,
553 3819 599 3873 scd
628 3831 683 3872 uon
705 3815 808 3872 tonuit:
824 3823 851 3872 et

55 3918 120 3983 post
134 3910 238 3982 aliquot
253 3923 338 3965 annos
354 3908 397 3964 ille
422 3908 480 3977 iam
506 3905 613 3977 juvenis
645 3905 742 3962 recidit
762 3904 791 3959 in
805 3902 849 3962 id-

55 4002 161 4073 ipsum,
179 4000 238 4055 sine
252 3997 336 4054 dubio
351 4004 460 4068 propter
488 3994 699 4051 inobedientiam
713 3993 807 4066 patris,
823 4001 850 4048 et

54 4089 126 4163 pacti
143 4087 396 4161 transgressionem.
408 4086 486 4142 filius
499 4085 609 4161 quidam
622 4084 733 4140 veniens
746 4083 780 4137 de
790 4081 850 4137 lon·

53 4175 169 4247 ginquo,
192 4180 339 4230 comesset
361 4172 505 4229 Malachias
533 4169 673 4226 infinibus
691 4167 847 4234 Mumoniae,

916 1856 978 1903 suut
993 1857 1105 1921 stupore
1119 1860 1146 1908 et
1161 1854 1269 1923 ecstasi,
1285 1859 1461 1928 phanstasma
1471 1869 1605 1932 putantes.
1617 1864 1713 1924 Virum

912 1937 978 1992 item
989 1939 1168 2011 hydropicum
1184 1945 1293 2000 orando
1308 1950 1412 2005 sanavit
1427 1970 1434 2007 :
1451 1951 1496 2022 qui
1514 1950 1587 2011 illice
1607 1969 1714 2013 reman-

913 2027 948 2083 sit
962 2028 990 2082 in
1006 2032 1184 2100 monasterio,
1202 2043 1294 2104 pastor
1309 2037 1400 2094 ovium
1414 2038 1514 2096 factus.

948 2121 992 2174 st.
1031 2120 1132 2178 Civitas
1160 2121 1301 2191 Hiberniae,
1317 2128 1427 2186 nomina
1443 2129 1572 2204 Carsagis
1593 2131 1643 2205 [ot.
1663 2135 1712 2193 Co

912 2207 1010 2280 reaval,
1024 2211 1137 2266 vacabat
1150 2212 1289 2285 episcopo.
1306 2217 1462 2275 Tractatum
1472 2228 1513 2277 est
1523 2220 1557 2275 dc
1566 2221 1711 2281 electione:

911 2297 1062 2355 dissensere
1079 2308 1177 2370 partes,
1203 2302 1370 2375 quibusque,
1387 2315 1416 2362 ut
1436 2308 1547 2374 assolet,
1563 2311 1712 2382 praesulam

911 2386 1063 2442 volentibus
1088 2389 1250 2448 constituere
1278 2410 1367 2459 suum,
1397 2398 1520 2453 nonDei.
1544 2399 1625 2454 Venit
1649 2400 1713 2460 illuc

912 2474 1065 2544 hfalachias,
1093 2477 1181 2535 audita
1202 2478 1384 2537 dissensione.
1409 2483 1562 2542 Convocato
1587 2488 1661 2544 clero
1686 2499 1713 2546 et

911 2563 1020 2634 populo,
1048 2565 1125 2621 etiam
1153 2568 1238 2625 corda
1261 2580 1288 2624 et
1308 2579 1371 2626 vota
1395 2573 1612 2632 discordantium
1631 2579 1709 2636 unire

910 2654 1023 2710 curavit.
1039 2655 1071 2712 ttt
1086 2658 1224 2729 persuasis
1238 2659 1292 2714 illis
1319 2666 1405 2718 totum
1421 2664 1564 2737 negotium
1583 2666 1635 2722 sibi
1665 2668 1712 2724 de·

909 2741 974 2797 bere
1002 2744 1084 2811 credi,
1101 2746 1144 2801 cui
1172 2747 1345 2819 potissimum
1367 2751 1520 2809 sollicitudo
1544 2755 1712 2812 incumberet

910 2830 992 2899 itlius,
1016 2833 1084 2889 sieut
1104 2842 1129 2889 el
1139 2836 1254 2892 aliarum
1272 2855 1320 2908 per
1346 2840 1504 2897 Hiberniam
1527 2843 1709 2901 Ecclesiaruru

909 2919 1084 2977 incontinenti
1107 2925 1227 2980 nominat
1241 2927 1290 2994 eis,
1308 2945 1362 2982 non
1392 2931 1547 3004 qnempiam
1562 2933 1597 2988 de
1611 2934 1708 2989 nobili-

909 3009 960 3064 bus
976 3019 1062 3078 terrau,
1082 3013 1130 3066 sed
1143 3015 1232 3084 magis
1248 3017 1392 3086 quemdam
1410 3018 1547 3076 hominem
1561 3036 1709 3092 pauperem

905 3113 986 3168 quern
1002 3099 1083 3155 sciret
1103 3110 1226 3157 sanctum
1242 3112 1268 3158 et
1285 3105 1395 3161 doctum
1412 3128 1418 3166 :
1436 3115 1463 3162 et
1486 3109 1529 3165 hic
1543 3117 1601 3165 arat
1614 3109 1708 3166 alieni·

905 3202 982 3259 gena.
1005 3187 1139 3256 Quaeritur
1154 3190 1198 3246 illo
1219 3209 1224 3248 :
1243 3193 1385 3249 nuntiatur
1408 3196 1574 3254 decumbere
1589 3198 1667 3267 fecto,
1680 3207 1707 3254 et

907 3275 944 3329 ita
964 3276 1105 3332 debilisut
1129 3280 1203 3335 nullo
1233 3290 1310 3352 pacto
1332 3293 1417 3352 exeat,
1447 3287 1500 3341 uisi
1528 3287 1557 3341 in
1580 3271 1708 3344 manibus

904 3375 1025 3435 portatus
1044 3367 1263 3425 ministrantium.
1280 3373 1313 3427 Et
1337 3372 1481 3430 Malachias
1504 3378 1544 3435 :e
1560 3376 1672 3450 Surget,
1691 3398 1703 3428 s

904 3453 998 3525 inquit,
1029 3456 1056 3510 in
1082 3459 1191 3515 nomine
1213 3459 1332 3526 Domini,
1361 3477 1414 3535 ego
1442 3465 1588 3538 praecipio;
1620 3466 1708 3528 080

904 3543 1059 3598 obedientia
1083 3546 1189 3600 salvum
1217 3548 1296 3602 faciet
1311 3565 1408 3621 eume
1431 3552 1497 3618 Quid
1521 3555 1620 3615 faceret
1640 3560 1707 3618 illel

905 3630 1002 3684 Parere
1018 3632 1134 3701 volebat,
1152 3636 1200 3689 sed
1220 3635 1387 3706 imparatum
1412 3655 1441 3694 se
1454 3643 1608 3703 sentiebat:
1627 3649 1704 3720 quod

904 3718 955 3772 etsi
983 3726 1077 3789 posset
1096 3721 1144 3786 ire,
1170 3721 1323 3794 episcopari
1352 3724 1558 3786 reformidabat.
1575 3733 1616 3788 lta
1641 3751 1705 3792 cum

903 3808 1041 3863 voluntate
1064 3809 1217 3873 obediendi,
1246 3823 1385 3884 pugnante
1399 3815 1509 3887 gemino
1525 3819 1613 3891 hoste,
1629 3839 1703 3897 pon·

903 3894 968 3950 dere
986 3896 1136 3968 languoris,
1154 3906 1180 3953 et
1194 3908 1268 3954 melu
1294 3901 1404 3956 honoris
1430 3902 1479 3977 [cl.
1499 3907 1621 3983 'onemsl
1641 3914 1705 3971 vicit

903 3983 949 4039 illa
965 3985 1136 4050 tanreu,data
1150 3987 1200 4042 sihi
1220 3988 1247 4043 in
1269 3988 1436 4059 adiutorium
1457 4010 1506 4067 spe
1525 3998 1629 4056 salutis.
1646 4002 1703 4058 lta·

904 4089 957 4146 que
976 4082 1099 4141 conatur,
1121 4085 1210 4134 movet
1233 4095 1303 4145 sese,
1333 4087 1418 4138 tentat
1442 4083 1525 4151 vires,
1547 4086 1648 4146 invenit
1672 4109 1703 4149 se

905 4163 984 4217 solito
999 4163 1146 4222 fortiorem.
1164 4167 1267 4221 (irascit
1289 4168 1390 4239 pariter
1408 4170 1476 4227 fides
1505 4190 1567 4231 curn
1587 4177 1699 4247 viribus,

56 4260 143 4316 attulit
158 4259 192 4314 ad
207 4275 268 4314 eunt
280 4258 375 4324 tilium,
390 4257 486 4331 pedum
503 4257 610 4328 penitus
625 4254 714 4312 officio
732 4253 846 4310 destitu-
863 4261 886 4337 ῃ
903 4260 930 4308 et
942 4269 1049 4307 rursum
1064 4253 1134 4311 facta
1152 4254 1247 4311 fortior
1258 4256 1325 4313 fides
1341 4259 1387 4313 dat
1402 4260 1523 4318 vicissim
1538 4265 1641 4322 viribus
1655 4268 1700 4326 in-

55 4353 125 4401 tum.
140 4345 331 4401 Percunctatus
344 4357 464 4417 quonam
479 4344 560 4399 niodo
577 4343 616 4398 illi
635 4342 663 4398 id
676 4341 824 4399 accedisset
839 4355 846 4392 :

58 4455 70 4488 ι
88 4435 123 4490 Ut
137 4434 275 4505 suspicor,
294 4434 415 4505 »inquit
433 4455 444 4484 ι
466 4434 620 4489 daemonum
643 4431 845 4505 malignitate.»

54 4525 88 4581 Et
104 4524 193 4580 addit:
210 4543 221 4573 x
235 4522 351 4579 Ludenti
363 4525 389 4578 in
400 4530 477 4594 prato
488 4522 586 4595 ipsi,ni
610 4522 699 4586 fallor,
710 4521 848 4575 immisere

55 4626 190 4683 soporem,
207 4607 394 4680 evigilansque
418 4611 556 4678 puerulus,
572 4607 612 4666 sie
639 4624 669 4663 se
691 4605 804 4663 invenit.
831 4622 845 4656 s

56 4701 119 4755 Haec
133 4699 237 4770 dicens,
253 4713 316 4755 curn
334 4698 460 4769 lacrymis
473 4715 581 4770 precem
604 4697 702 4763 fundit,
718 4694 848 4769 efflagitat

53 4796 144 4860 opem.
160 4789 285 4845 bliserlas
297 4790 356 4859 ejus
370 4787 617 4855 oravitlfalachias,
628 4786 727 4857 jubens
742 4800 846 4857 aegram

53 4873 162 4929 interim
177 4874 299 4932 dormire
313 4875 414 4931 ibidem
429 4874 622 4947 supersedium
637 4875 717 4947 [sort.
733 4872 843 4946 soluml.

51 4958 202 5029 Dormivit3
233 4968 261 5014 et
285 4961 400 5015 surrexit
421 4978 511 5017 santis.
538 4962 615 5016 Hunc
639 4962 707 5032 ipse,
730 4960 845 5031 quiade

50 5044 131 5116 longo
155 5052 278 5110 venerat,
293 5044 449 5115 aliquandiu
464 5046 491 5101 in
508 5047 638 5104 comitatu
653 5061 702 5103 suo
722 5047 842 5119 retinuit,

52 5135 80 5183 et
92 5137 149 5183 erat
165 5129 310 5183 ambulans
325 5145 386 5184 cum
400 5146 442 5186 eo.

81 5220 126 5273 50,
149 5219 178 5272 ln
206 5219 371 5274 monasterio
395 5220 575 5277 Benchorensi
602 5240 704 5295 pauper
734 5223 842 5298 quidam

45 5307 159 5362 fratrum
194 5307 376 5380 elecmosynis
390 5311 604 5367 sustentabatur.
620 5313 654 5368 Et
678 5321 737 5370 erat
754 5316 843 5384 quoti-

44 5397 158 5453 dianam
184 5396 323 5467 aecipiens
337 5396 446 5471 stipem,
462 5398 566 5471 aliquid
578 5399 660 5456 officii
675 5400 800 5456 factitans
814 5401 842 5455 in

42 5485 170 5558 pistrino.
185 5487 213 5541 ls
225 5484 339 5542 cfattdus
351 5488 387 5542 ab
401 5488 479 5545 annis
488 5487 650 5563 duodecim,
666 5490 740 5548 humi
754 5490 840 5546 mnni-

903 4349 1084 4396 crementum.
1111 4344 1172 4398 Janr
1188 4361 1302 4418 surgere
1315 4364 1366 4419 per
1386 4366 1416 4406 se
1431 4352 1509 4421 valet,
1530 4353 1589 4424 jam
1604 4357 1700 4414 meliu-

902 4430 974 4486 scule
988 4432 1078 4505 gradi,
1089 4433 1147 4503 jam
1159 4450 1210 4492 nea
1225 4437 1324 4493 sentire
1338 4439 1365 4492 in
1384 4441 1549 4498 ambulando
1559 4444 1699 4502 lassitudi-

901 4534 963 4575 nem
971 4537 979 4588 ;
995 4522 1104 4577 demum
1119 4525 1260 4595 espiedilus
1274 4534 1301 4583 et
1315 4527 1404 4584 alacer
1414 4532 1555 4601 pervenire
1569 4533 1604 4588 eti
1618 4535 1699 4591 hiala·

900 4609 990 4664 chiam
1007 4611 1064 4667 sinc
1080 4613 1196 4668 hominis
1211 4615 1355 4685 adiutorio.
1378 4617 1430 4686 Qui
1456 4634 1600 4678 assumens
1621 4639 1696 4692 eum,

900 4698 974 4754 misit
1002 4700 1029 4756 in
1053 4702 1220 4770 cathedram,
1243 4704 1317 4760 clero
1338 4714 1365 4761 et
1387 4709 1489 4779 populo
1512 4710 1695 4770 collaudante.

898 4788 957 4844 Hoc
971 4789 1008 4845 ita
1032 4790 1059 4844 in
1074 4807 1141 4863 pace
1162 4791 1263 4850 factum
1279 4803 1329 4858 est,
1353 4795 1418 4868 quia
1430 4813 1480 4856 nco
1500 4798 1541 4856 ilfi
1556 4801 1617 4857 ausi
1631 4813 1696 4861 sunt

899 4877 1038 4934 Malachiae
1054 4881 1184 4936 voluntati
1207 4882 1233 4937 in
1249 4883 1340 4955 aliquo
1365 4885 1485 4957 obviare,
1512 4890 1634 4948 videntes
1658 4894 1696 4950 si·

898 4982 992 5039 gutum,
1014 4969 1087 5040 quod
1103 4968 1225 5030 fecerat:
1243 4989 1295 5029 nec
1309 4973 1354 5029 ille
1368 4991 1464 5046 parere
1482 4977 1621 5050 dubitavit,
1638 4990 1692 5038 tam

898 5056 1015 5112 evidenti
1039 5067 1204 5130 argumento
1221 5059 1308 5118 factus
1332 5065 1452 5120 seetrrior
1465 5066 1499 5122 de
1520 5068 1627 5124 Domini
1644 5088 1692 5128 vo·

896 5146 1012 5204 luntatc.

931 5239 975 5292 52.
993 5236 1088 5291 Mulier
1103 5241 1229 5311 quandam
1244 5241 1346 5297 fluxum
1360 5245 1501 5316 sanguinis
1517 5249 1672 5319 patiebatur
1684 5269 1697 5307 :¹

895 5334 923 5380 et
935 5327 993 5380 trac
1009 5326 1115 5392 nobilis,
1134 5328 1293 5386 altarissima
1308 5331 1458 5401 blalachia,
1476 5337 1535 5406 ptus
1553 5345 1641 5396 umen
1656 5341 1692 5396 ob

895 5430 1003 5471 morum
1018 5431 1100 5488 quam
1117 5419 1224 5490 generis
1240 5419 1417 5481 nobilitatem.
1427 5421 1493 5494 Qua
1507 5440 1542 5482 ex
1570 5434 1626 5486 toto
1639 5430 1691 5486 de·
1764 5462 1767 5469 t

895 5502 1000 5575 ficiens,
1026 5505 1153 5563 obnixum
1172 5519 1241 5566 cum¹
1256 5510 1391 5586 sangnine
1409 5512 1549 5573 exhaustis
1575 5517 1691 5590 viribrxs,
