3728 5940
159 218 226 280 tttt

437 337 552 395 CAPUT
569 335 674 393 XXIX.

160 434 253 490 claret
273 429 429 502 prophetice
452 429 568 500 spirite,
603 431 631 482 et
653 426 732 482 omni
755 425 961 481 mirer-entorses

516 518 621 589 pratia.
991 579 993 582 ι

194 611 237 664 st.
258 607 425 663 Transeunte
447 603 494 661 illo
513 621 563 674 per
593 603 737 676 quemdam
770 602 912 663 civitatem,
934 609 961 656 et

156 694 328 753 multitudine
347 710 448 768 magne
466 700 645 749 concurrente
669 691 702 743 ad
726 707 798 755 earm,
814 705 878 744 casu
892 688 960 742 vidit

154 785 284 855 juvenem
296 783 367 839 inter
385 782 452 838 alios
467 779 576 837 videndi
589 797 617 835 se
631 779 777 837 curiosum.
795 777 959 834 ascenderat

157 873 282 944 lapidem,
303 880 330 927 et
344 881 417 928 stans
440 887 524 944 super
550 886 672 926 summes
691 869 828 934 articulos,
854 875 960 922 extento

156 962 239 1032 collo,
255 961 340 1019 oculis
357 973 383 1016 et
411 960 501 1016 animo
523 959 661 1015 intendens
679 958 707 1013 ia
721 973 792 1021 6666,
816 953 959 1029 quemdam

157 1049 197 1104 illi
212 1050 245 1106 de
264 1065 334 1105 nevo
348 1050 505 1106 zacchaeum
529 1047 681 1103 exhibebat.
703 1046 758 1101 Nec
773 1045 851 1100 latuit
875 1041 960 1098 llata-

157 1141 256 1206 obiam,
281 1149 374 1195 saneto
387 1137 497 1210 quidem
512 1137 613 1208 Spiritu
638 1134 783 1197 revelante,
807 1148 871 1188 vere
887 1132 959 1187 illum

157 1229 263 1284 venisse
278 1229 305 1283 iu
320 1226 415 1298 spiritu
425 1227 557 1281 etvirtute
573 1224 692 1280 Zaecbaei
708 1225 787 1291 (tec.
809 1239 868 1288 xxx,
884 1221 959 1289 2-9).

158 1315 342 1374 Dissimulavit
356 1326 420 1370 tunc
435 1321 534 1379 666666,
551 1313 700 1383 tacitusque
714 1311 868 1383 pertransiit
897 1310 959 1364 (166-

154 1416 244 1458 terum
258 1403 285 1457 in
308 1403 426 1474 hospitio
441 1409 521 1457 noete
541 1401 599 1456 iasa
612 1400 732 1456 narravit
744 1398 873 1454 iratribus
889 1413 959 1468 qaro-

158 1491 239 1547 modo
257 1491 333 1545 ilum
348 1490 469 1558 vidisset,
485 1497 512 1545 et
525 1489 590 1560 quid
601 1488 768 1559 preevidisset
792 1487 826 1541 de
840 1485 895 1541 illo.
912 1487 960 1540 [lie

158 1587 246 1635 autem
262 1579 349 1645 tertia,
366 1593 400 1633 en
409 1577 455 1635 ille
468 1594 530 1633 eum
539 1577 598 1633 viro
607 1577 721 1648 quodam
737 1576 831 1641 nobili,
851 1574 960 1628 domine

632 211 659 270 S.
680 208 846 271 lilllllldlilll
862 206 998 269 tonans
1015 202 1336 269 uttam-vlutttttsts

1749 198 1820 264 lili

1017 333 1060 388 vel
1073 331 1191 391 illomm,
1208 345 1325 401 quornm
1339 329 1390 383 sub
1403 328 1479 383 altari
1493 327 1540 382 ille
1555 345 1669 401 corpora
1691 331 1819 402 menies·

1017 429 1117 479 nerent.
1135 434 1261 485 currens,
1277 427 1348 472 etse
1367 417 1461 472 mediis
1489 418 1655 494 immergens
1686 420 1820 490 dammis,

1015 508 1139 581 expansis
1167 507 1287 563 brachiis
1321 521 1428 560 sacram
1456 506 1628 578 amplexatus
1653 516 1698 566 est
1728 526 1818 565 eram.

1013 601 1085 673 Quid
1095 600 1132 656 ibi
1148 597 1357 670 lecerit,quidve
1368 598 1491 662 senserit,
1501 613 1583 654 nemo
1598 601 1645 670 qui
1660 599 1752 655 sciat:
1773 600 1820 656 sed

1013 690 1085 761 quod
1101 687 1216 760 amplius
1232 684 1321 751 solito,
1338 686 1444 742 coelesti
1463 687 1526 759 igne
1541 703 1696 746 succensus
1720 705 1756 744 ex
1777 691 1820 749 ille

1014 779 1078 852 igne
1094 777 1200 843 exierit,
1219 775 1331 830 lratrum
1350 775 1396 846 666
1412 790 1475 831 eum
1490 790 1523 832 6ο
1538 783 1603 833 tunc
1631 789 1723 847 erant,
1758 798 1820 837 reor

1015 865 1147 922 neminem
1162 878 1223 918 esse
1242 861 1288 933 qui
1303 862 1417 918 nesciat.

1049 953 1174 1010 eettaee
1189 950 1347 1016 dictasunt,
1363 967 1451 1022 panea
1478 952 1589 1024 quidem
1617 955 1651 1011 de
1681 957 1820 1029 pluribus,

1015 1043 1060 1099 sed
1076 1044 1160 1097 multa
1173 1059 1223 1115 pre
1244 1051 1379 1112 tempore.
1395 1042 1457 1096 Nou
1472 1040 1544 1096 eninr
1572 1043 1716 1115 signorum
1750 1056 1819 1104 tem·

1015 1145 1081 1202 pora
1096 1132 1164 1199 baec,
1179 1130 1328 1187 secundum
1342 1129 1405 1184 illud
1423 1150 1429 1185 :
1447 1129 1596 1200 Sipncnon
1606 1132 1745 1201 vidimus,
1759 1138 1820 1209 jam

1015 1236 1070 1275 noa
1087 1223 1128 1276 est
1140 1220 1279 1292 propbeta
1295 1219 1381 1287 (Pscl.
1397 1233 1497 1283 axani,
1509 1218 1548 1288 9).
1561 1219 1639 1278 Unde
1655 1223 1722 1279 setis
1738 1240 1822 1296 appa·

1015 1316 1065 1374 ret,
1081 1308 1320 1364 llalecleiasmeus
1348 1315 1465 1379 quantus
1492 1308 1520 1363 in
1545 1310 1648 1368 meritis
1681 1313 1745 1381 luit,
1776 1318 1819 1387 qui

1015 1404 1067 1452 tam
1083 1397 1223 1453 multusin
1238 1398 1325 1470 signis
1353 1396 1465 1462 exstitit,
1495 1405 1523 1453 et
1551 1397 1578 1452 iu
1600 1401 1714 1458 raritate
1736 1412 1820 1461 tenta

1014 1483 1074 1553 Quo
1090 1486 1162 1542 enim
1178 1487 1350 1560 6666666666
1380 1500 1481 1559 genere
1510 1487 1702 1544 miraculorum
1735 1492 1820 1548 tlala-

1015 1574 1089 1631 clrias
1102 1590 1158 1631 non
1172 1575 1290 1630 claruit?
1305 1574 1332 1629 Si
1362 1574 1432 1628 beue
1448 1575 1612 1631 advertimus
1644 1594 1734 1649 peuce
1763 1581 1819 1655 ipsa

156 1682 206 1724 sue
223 1667 295 1739 :eui
309 1667 434 1739 apericus
453 1676 544 1722 vetum
557 1675 584 1721 et
597 1665 760 1719 desiderium
779 1662 896 1733 juvenis,
914 1677 959 1717 ro·
977 1657 998 1733 Β
1015 1678 1075 1735 quae
1090 1664 1158 1719 dieta
1174 1672 1244 1730 suut,
1261 1678 1315 1718 nen
1332 1663 1473 1735 prephetia
1487 1663 1572 1719 deluit
1597 1665 1648 1732 illi,
1666 1675 1724 1724 non
1742 1687 1818 1726 reve·

1018 1751 1092 1817 latio,
1109 1768 1163 1809 non
1192 1752 1257 1808 ultio
1284 1751 1439 1822 impioram,
1471 1767 1524 1808 neu
1551 1755 1642 1825 gratie
1663 1758 1818 1829 sanitatum,

1017 1855 1072 1896 nou
1087 1840 1199 1896 mutatio
1214 1841 1358 1905 mentium,
1370 1856 1424 1897 non
1439 1839 1555 1912 denique
1577 1853 1752 1901 mertuorum
1780 1867 1818 1903 su·

1016 1929 1131 1984 scitatis.
1147 1929 1197 1985 Per
1211 1930 1303 1986 omnia
1319 1928 1476 1984 benedictus
1492 1929 1575 1999 Deus,
1592 1933 1637 2003 qui
1653 1934 1696 1989 sic
1721 1939 1818 1991 amavit

1015 2026 1042 2072 et
1056 2019 1161 2075 ornavit
1174 2035 1236 2074 eum
1253 2036 1260 2072 ε
1276 2018 1321 2090 qui
1338 2026 1366 2074 et
1379 2016 1560 2090 magnificavit
1575 2036 1637 2076 eum
1652 2022 1679 2076 iu
1694 2038 1816 2097 conspe-

158 1755 249 1828 gabet,
264 1762 293 1810 nt
316 1772 331 1810 a
346 1771 375 1811 sc
388 1755 603 1811 commendatum
621 1753 742 1824 recipere
756 1752 923 1824 dignaretur,
935 1760 961 1805 et

157 1843 259 1899 babere
274 1844 417 1900 decaetero
431 1844 500 1899 inter
514 1858 589 1898 suos.
607 1843 637 1896 Et
653 1841 799 1896 Malachias
812 1854 963 1910 agnoscens

159 1947 220 1987 eum
239 1951 245 1986 ε
264 1954 275 1983 e
292 1934 350 1988 Neu
359 1940 399 1988 est
413 1949 492 2003 opus.
511 1955 522 1983 ι
539 1932 635 2001 inquit,
654 1952 665 1980 e
684 1938 802 2001 utquem
819 1928 875 1998 jam
890 1930 962 1983 Dens

157 2021 363 2085 commendavit,
373 2021 457 2077 hemo
470 2021 651 2077 commendet.
669 2039 680 2069 a
704 2018 962 2089 Apprebensnmque

158 2122 239 2163 manu
268 2124 316 2164 sua
337 2109 444 2165 tradidit
466 2110 556 2164 abbati
589 2109 719 2183 Congere
742 2113 841 2174 nostro,
867 2113 893 2160 et
915 2104 961 2160 ille

158 2195 295 2253 frutribus.
310 2199 370 2269 lpse
386 2213 450 2255 vero
464 2197 582 2266 juvenis,
599 2198 687 2252 adhue
701 2196 740 2268 (ni
756 2195 845 2267 latter)
869 2194 961 2251 vivens

1015 2113 1058 2161 ctu
1074 2123 1178 2179 regum,
1194 2114 1220 2161 et
1234 2105 1308 2162 dedit
1322 2105 1359 2160 illi
1374 2121 1502 2162 coronam
1518 2107 1621 2181 gloriae.
1638 2107 1729 2166 Amor
1760 2130 1818 2184 pro

1015 2194 1098 2262 batur,
1113 2196 1140 2249 iu
1156 2195 1270 2260 meritis,
1286 2203 1396 2251 ornatus
1424 2194 1450 2249 in
1467 2195 1551 2269 siguis
1581 2197 1764 2272 magnificatio
1792 2203 1816 2257 iu

158 2284 263 2356 primus
273 2287 427 2342 Conversus
441 2286 523 2342 laicus
538 2285 674 2341 Suriensis
694 2281 860 2347 monasterii,
882 2281 960 2337 testi·
1013 2281 1115 2338 ultione
1129 2283 1311 2352 inimicorum,
1327 2282 1490 2361 glorificatio
1507 2285 1534 2340 ia
1563 2286 1746 2355 praemiorum
1778 2306 1817 2344 re·

159 2374 278 2430 monium
289 2375 370 2430 babet
387 2376 421 2430 ab
438 2376 573 2439 omnibus,
586 2375 658 2446 quod
671 2380 770 2429 sanetae
786 2378 961 2430 conversetur
1012 2371 1167 2427 triburiens.
1184 2372 1285 2439 llabes,
1301 2371 1415 2444 diligens
1432 2370 1527 2440 lector,
1544 2372 1570 2427 io
1587 2373 1724 2430 llaleobia
1754 2374 1817 2448 quid

158 2463 226 2519 inter
244 2464 341 2520 iratres
370 2467 519 2520 secundum
542 2464 666 2521 ordinem
692 2462 911 2518 cisterciensem.
928 2460 961 2514 Et
1013 2460 1133 2530 mireris,
1150 2461 1235 2516 habes
1250 2461 1356 2532 etquid
1370 2460 1495 2518 imiteris.
1518 2462 1662 2533 Nencjam
1682 2463 1753 2535 quid
1769 2463 1819 2518 tibi

158 2559 343 2623 cognoverunt
357 2553 492 2623 discipuli,
507 2555 587 2609 etiam
609 2552 636 2606 ia
653 2553 705 2607 boc
719 2548 880 2606 Malachiam
894 2564 960 2619 pro-
1011 2563 1044 2604 ex
1059 2549 1101 2603 bis
1115 2550 1279 2621 sperandum
1294 2551 1339 2615 sit,
1356 2549 1493 2606 studiosus
1510 2549 1624 2606 attende.
1651 2551 1720 2605 Nam
1753 2550 1820 2606 finis

158 2640 616 2711 pbetiaespiritumbabuisse3non
637 2640 723 2697 solum
748 2644 847 2703 autem,
877 2638 962 2692 sedet
1013 2638 1253 2709 bomm,pretiosn
1268 2646 1410 2694 morsest.

158 2727 186 2781 in
200 2743 244 2796 eo,
255 2730 327 2799 quod
342 2730 512 2800 subjuncturi
536 2744 640 2785 sumus.
1301 2727 1411 2784 CAPUT
1426 2727 1523 2783 XXX.

194 2819 238 2871 65·
254 2817 321 2872 Cum
336 2819 508 2875 Sacramenta
535 2817 658 2883 offerret,
688 2814 956 2887 ⁶²³l1l‘1'0l2iassetti
1013 2819 1112 2876 iocum
1123 2822 1152 2875 et
1167 2818 1242 2875 diem
1255 2819 1356 2876 mertis
1370 2835 1427 2875 sura
1441 2817 1583 2892 praedicit,
1593 2822 1723 2875 arcessa
1738 2821 1818 2893 pallii

158 2904 297 2973 diaconus,
312 2907 429 2964 tacturus
457 2907 561 2979 aliquid
588 2923 639 2978 pro
658 2905 749 2962 elfieio
768 2921 828 2969 suo,
845 2904 958 2959 intuitus
1098 2907 1188 2965 66666
1202 2908 1260 2964 iter
1274 2907 1311 2962 ed
1323 2923 1429 2981 666666
1446 2909 1602 2979 Eapeaium
1612 2909 1747 2981 suscipit.

157 3007 219 3048 eum
234 2995 371 3061 sacerdos,
387 2995 518 3067 ingemuit
545 2995 615 3066 quod
632 2994 762 3050 sensisset
776 3008 860 3065 penes
883 2990 959 3047 illum
1052 2996 1097 3050 ot.
1114 2997 1310 3052 Pcrcuactetus
1324 2995 1477 3067 aliquando,
1494 3011 1613 3068 quonam
1639 2995 1666 3050 in
1695 2996 1767 3063 loeo,
1796 2996 1816 3050 si

158 3079 240 3137 latere
250 3085 323 3155 quod
335 3084 562 3140 aoncenveuiret.
576 3085 686 3139 Peracto
696 3081 839 3150 sacrificio,
857 3088 960 3136 secreto
1014 3083 1088 3151 optio
1104 3084 1191 3151 detur,
1214 3091 1367 3140 extremum
1381 3085 1457 3139 malit
1485 3099 1566 3158 agere
1590 3082 1663 3140 diem
1694 3083 1741 3156 (de
1769 3084 1817 3141 hoe

157 3179 343 3242 percunctatus
369 3172 404 3228 de
431 3172 593 3229 conscientia
608 3188 667 3236 sua,
693 3170 834 3227 consessus
857 3177 908 3235 ost,
934 3175 960 3223 et
1013 3170 1147 3243 siquidem
1175 3172 1271 3228 fratres
1294 3172 1451 3243 quaerebaat
1477 3172 1548 3228 iuter
1576 3189 1618 3243 se,
1649 3188 1735 3245 quem
1765 3173 1815 3228 sibi

157 3265 213 3313 don
239 3260 347 3333 negavit
360 3261 469 3317 illusum
489 3260 540 3315 sibi
570 3260 765 3332 persomnium
787 3265 866 3314 nocte
889 3258 956 3328 ipsa.
1012 3261 1128 3333 quisque
1156 3261 1312 3335 deligeret);
1341 3270 1493 3330 cunctatur,
1520 3270 1546 3318 et
1567 3277 1622 3319 nou
1654 3263 1816 3332 respondet.

158 3346 206 3403 Cui
221 3347 368 3423 iniungens
381 3348 586 3420 poenitentiam:
600 3349 659 3404 Neu
670 3349 840 3413 debueras«
861 3347 957 3419 inquit,
1013 3350 1180 3408 Instantibus
1194 3351 1246 3405 illis
1262 3371 1267 3409 :
1289 3371 1302 3402 e
1319 3352 1347 3407 Si
1363 3352 1427 3406 hine
1442 3351 1538 3424 migro,
1557 3370 1568 3402 r
1589 3350 1686 3423 inquit,
1705 3372 1717 3401 ι
1742 3367 1815 3406 nus·

160 3435 270 3492 «bodie
295 3436 479 3503 ministrasse;
509 3437 557 3491 sed
572 3437 722 3492 verecunde
750 3444 777 3491 et
791 3434 957 3489 subtrahere·
1013 3455 1094 3512 quam
1110 3439 1246 3504 libentius,
1261 3456 1341 3513 quam
1365 3439 1510 3496 6666666
1536 3454 1600 3496 cum
1623 3445 1718 3495 nostre
1748 3440 1819 3511 666

158 3522 252 3591 sacris,
271 3532 298 3578 et
323 3523 428 3580 deterre
452 3523 533 3579 tantis
561 3534 667 3595 tamque
694 3522 955 3595 divinismysteriis,
1012 3526 1083 3583 stole
1097 3543 1240 3600 resurgere
1270 3527 1383 3599 possim.
1403 3527 1544 3583 »Dicebat
1570 3533 1663 3583 autem
1693 3535 1816 3583 6666666

158 3617 188 3668 ut
199 3613 248 3668 bac
258 3611 408 3668 bumilitate
423 3623 564 3685 purgatus,
581 3612 690 3684 dignius
702 3611 801 3668 exinde
820 3611 958 3666 ministra·
1012 3615 1165 3673 Patricium.
1185 3636 1196 3667 ι
1209 3616 1238 3671 Si
1253 3615 1420 3690 peregrinari
1435 3619 1554 3687 opertet,
1569 3615 1650 3670 etita
1673 3616 1814 3688 permittit,

157 3716 210 3758 res.
230 3701 318 3756 »trem
337 3701 390 3756 alia
404 3701 462 3759 vice
489 3701 656 3758 sacrificante
671 3701 726 3769 illo,
742 3710 769 3757 et
781 3708 876 3758 orante
892 3703 957 3756 bora
1012 3704 1092 3771 Deus,
1117 3704 1339 3761 clarem-Vallem
1367 3704 1467 3777 delegi.
1485 3724 1497 3755 a
1513 3702 1671 3776 Requisitus
1705 3704 1774 3762 item
1788 3707 1817 3762 66

157 3788 293 3856 sacrificii,
322 3805 354 3845 ea
369 3790 480 3863 quidem
509 3791 649 3847 sanctitate
676 3799 702 3845 et
717 3791 834 3862 puritate
854 3789 954 3860 cordis,
1011 3800 1143 3863 tempore,
1173 3793 1244 3849 diem
1274 3793 1416 3862 respoudit
1444 3793 1591 3848 solemnem
1615 3793 1748 3851 omnium
1776 3796 1818 3850 de-

157 3893 211 3948 qna
223 3877 319 3935 solitus
333 3887 400 3946 erat,
430 3881 528 3936 astanti
552 3881 666 3937 diacono
693 3880 804 3938 visaest
831 3878 954 3935 columba
1010 3879 1173 3938 tunctorum.
1190 3881 1219 3937 Si
1234 3882 1347 3953 simplex
1370 3890 1463 3937 vetum
1479 3888 1598 3952 putatur,
1615 3880 1767 3952 impletum
1782 3892 1819 3939 est

157 3967 256 4023 intrare
272 3984 318 4038 per
343 3965 491 4024 fenestram
505 3971 532 4023 ia
547 3968 666 4025 claritate
680 3984 789 4041 magua.
809 3967 845 4023 Ea
861 3983 953 4021 sacer·
1009 3969 1031 4024 si
1048 3970 1198 4042 prophetia,
1215 3987 1250 4025 ne
1265 3970 1319 4025 iota
1338 3968 1480 4042 praeteriit.
1496 3969 1570 4026 Sicut
1584 3970 1759 4039 audivimus,
1781 3975 1817 4030 sio

157 4057 207 4112 dos
221 4057 388 4128 pertunditur
402 4063 484 4124 totus,
513 4074 543 4112 66
567 4057 756 4114 subobscurior
775 4056 884 4112 basilica
899 4064 954 4112 tota
1008 4056 1125 4113 vidimus
1140 4058 1248 4114 deloco
1265 4058 1372 4128 pariter,
1387 4061 1415 4113 et
1428 4058 1462 4114 de
1476 4056 1529 4113 die.
1538 4058 1669 4114 Dicemus
1682 4060 1817 4126 breviter,

156 4145 280 4217 relulget.
295 4146 425 4202 Columba
451 4161 515 4202 vero
543 4146 699 4217 aliquandiu
722 4145 951 4210 circumvolitans,
1008 4163 1062 4218 quo
1082 4147 1176 4203 ortine
1191 4147 1273 4212 istud,
1289 4163 1376 4220 quave
1391 4147 1532 4203 occasione
1546 4149 1721 4217 provenerit.
1739 4152 1817 4225 AEgre

156 4234 265 4289 tendam
280 4232 379 4290 residet
389 4249 470 4305 super
489 4249 596 4291 erucem
611 4243 671 4289 ante
685 4234 780 4290 taciem
795 4233 952 4290 sacerdotis.
970 4213 993 4289 ii
1010 4235 1075 4290 satis
1103 4235 1217 4305 terebat,
1234 4235 1388 4290 llibemiam
1417 4249 1504 4306 usque
1532 4235 1621 4290 adbuc
1651 4235 1741 4308 pallio
1771 4254 1816 4295 ea·

156 4320 298 4390 Obstupuit
310 4318 395 4378 681
417 4322 566 4391 diaconus3
583 4331 609 4377 et
625 4337 724 4392 pavens
735 4330 791 4378 tum
808 4338 856 4394 pro
880 4322 958 4379 lumi·
1011 4324 1109 4389 ruisse,
1124 4331 1219 4396 utpote
1235 4325 1375 4381 aemulator
1403 4331 1660 4381 sacramentorum:
1695 4342 1814 4399 qnorum

154 4409 208 4474 nis,
224 4413 281 4465 tum
297 4425 345 4481 pro
358 4410 475 4468 volucris
489 4411 615 4480 novitate,
631 4413 703 4483 quod
718 4411 764 4466 illa
778 4411 811 4466 sit
823 4425 882 4466 rara
896 4411 954 4466 avis
1008 4427 1043 4466 ne
1058 4414 1240 4484 unoquolibet
1255 4421 1365 4486 gentem
1374 4428 1449 4467 suam
1464 4413 1544 4468 vellet
1554 4412 1667 4469 omnino
1679 4413 1813 4472 fraudari.

155 4499 183 4554 ia
197 4507 277 4566 terre,
292 4498 386 4556 cecidit
399 4515 481 4568 super
496 4498 590 4556 lactem
606 4517 692 4568 suram,
708 4510 734 4556 et
757 4501 800 4555 vix
817 4501 952 4571 palpitans
1008 4500 1040 4557 Et
1056 4501 1213 4558 recordatus
1229 4501 1281 4557 sibi
1296 4517 1389 4573 apepa
1404 4501 1564 4558 innocentio
1580 4499 1667 4558 luisse
1702 4507 1814 4576 promis-

153 4601 215 4644 6666
229 4587 335 4659 erigere
348 4604 431 4646 ausus
441 4597 489 4654 est,
505 4589 664 4660 volquaade
675 4588 757 4645 cilicii
772 4590 815 4644 sui
837 4589 954 4647 necessi·
1008 4607 1067 4645 sum
1084 4609 1090 4655 ς
1107 4590 1170 4646 inde
1184 4591 1270 4662 magis
1284 4591 1394 4659 tristari,
1410 4590 1482 4663 quod
1498 4592 1562 4646 dum
1576 4589 1668 4647 adbuc
1696 4592 1748 4651 ille
1767 4612 1815 4652 su·

125 4671 127 4674 ⁴
154 4683 196 4732 tes
224 4675 379 4744 postulavit.
406 4678 469 4733 Post
493 4677 600 4734 elissam
614 4693 735 4734 seersum
762 4685 912 4735 conventus
938 4695 954 4735 a
1006 4677 1115 4749 perluit,
1133 4693 1185 4734 666
1202 4678 1251 4734 luit
1266 4680 1381 4735 missum
1394 4695 1445 4752 pre
1458 4694 1501 4735 eo.
1517 4678 1551 4735 Et
1566 4688 1664 4737 nactus
1687 4685 1815 4741 occasio·

153 4765 295 4832 llalachia,
311 4766 361 4820 sub
374 4766 952 4836 periculovitaejubeturaullatenussecre·
1007 4782 1079 4834 nem,
1110 4769 1182 4841 quod
1222 4784 1293 4843 papa
1334 4768 1473 4841 Eugenius
1508 4783 1641 4824 summam
1666 4773 1815 4848 regiminis

152 4862 211 4910 tom
225 4853 343 4926 6666666
356 4856 428 4926 qnod
444 4854 564 4925 vidisset,
580 4856 668 4927 66666
692 4855 792 4911 viveret
806 4855 874 4925 ipse.
890 4854 952 4913 ati·
1006 4862 1110 4913 teneret
1122 4865 1148 4913 et
1163 4873 1195 4914 ee
1211 4857 1343 4928 temporis
1375 4873 1462 4930 usque
1486 4857 1514 4913 iu
1542 4857 1690 4916 emacem
1717 4877 1815 4937 eppre

151 4941 259 5014 qnando
273 4957 334 4998 cum
351 4942 379 4997 in
393 4941 546 5000 ardmacha
560 4952 631 5000 esset
644 4959 705 5000 eum
725 4945 842 5016 quedam
859 4944 951 5018 coepi·
1005 4943 1094 5017 plesse
1122 4946 1290 5002 nuntiaretur
1318 4945 1546 5016 opportunitatem
1589 4945 1761 5017 requirendi
1787 4967 1815 5007 se

151 5032 235 5103 scopo
258 5046 319 5096 suo,
343 5031 378 5087 de
419 5041 498 5089 noete
525 5047 649 5105 surgens,
683 5032 766 5102 eoepit
806 5034 951 5091 memorias
1004 5033 1141 5091 invenisse
1155 5035 1281 5108 gravism
1295 5042 1346 5090 est.
1364 5035 1547 5091 Praesumebat
1575 5042 1669 5092 autem
1702 5037 1742 5095 de
1757 5039 1812 5107 illo,

151 5126 315 5187 6666666666,
331 5119 604 5190 quaeiucoemeterio
619 5121 833 5179 Sancti-Patrieii
857 5121 950 5178 multae
1005 5123 1240 5195 utiquevirotali,
1258 5123 1332 5181 etde
1360 5123 1407 5179 tali
1437 5131 1578 5196 assumpto
1609 5124 1809 5196 professione:

151 5216 224 5275 snat,
248 5209 351 5266 orando
366 5209 481 5266 lustrare
496 5230 504 5270 t
522 5220 550 5268 et
571 5226 633 5267 ecce
656 5227 741 5268 uuum
756 5212 790 5269 de
821 5210 949 5268 altaribus
1005 5211 1554 5287 6666666666,666666661666Ναη6
1575 5213 1712 5284 specialis
1740 5216 1811 5275 etms

150 5298 240 5356 subito
249 5298 345 5355 ardere
356 5298 536 5372 conspiciunt.
548 5299 636 5357 Ambo
648 5299 720 5357 enim
729 5301 855 5358 viderunt
865 5301 949 5359 visio·
1003 5301 1159 5362 exstitisset.
1173 5316 1224 5359 aec
1239 5301 1344 5358 timeret
1358 5301 1428 5373 apud
1442 5301 1519 5357 illum
1534 5317 1564 5357 66
1577 5302 1663 5361 ullam
1674 5307 1810 5365 sustinere

150 5397 212 5442 uem
226 5386 296 5443 banc
310 5403 448 5461 66666666,
466 5400 493 5444 et
512 5389 592 5446 ambo
606 5388 696 5446 mirati
721 5389 946 5447 6666666616-
1002 5387 1195 5446 difficultatem.
1226 5391 1317 5464 ltaque
1346 5397 1529 5446 convocantur
1557 5389 1699 5465 episcopi,
1715 5396 1808 5454 cenci·

149 5473 224 5532 eletas
238 5473 395 5549 intelligens
408 5477 516 5550 signum
543 5494 605 5536 esse
629 5478 720 5551 magni
747 5478 837 5535 meriti
862 5478 946 5546 illius,
1002 5480 1067 5535 lium
1083 5478 1190 5551 cogitur
1205 5495 1212 5533 6
1229 5485 1338 5537 tractata
1354 5478 1454 5550 triduo,
1470 5494 1532 5552 qua
1560 5483 1681 5554 temperi
1711 5484 1806 5544 imrat-
