3728 5940
176 182 245 242 1135
536 173 704 236 dPPssNlllX
724 173 767 232 hll
785 167 973 232 interlitis
993 167 1145 228 hortatus
1159 169 1200 230 ΕΤ
1222 170 1456 232 DOC'llllNthS.
1660 146 1665 156 Ι
1767 175 1831 235 titt

177 320 203 365 er
220 323 316 380 gressu
333 321 387 378 quo
402 303 476 375 potui
499 302 534 355 ad
548 301 693 356 Dominum
717 316 806 354 meum
823 298 889 353 ilena
912 310 972 365 per·
987 307 1010 385 Α
1026 292 1074 347 Fili
1094 304 1120 350 et
1138 296 1263 351 indulcor
1278 297 1365 362 unice,
1377 297 1516 368 singulare
1525 297 1657 368 gaudium
1673 298 1742 355 vitae
1756 315 1828 362 meae,

175 396 248 453 reni.
270 395 391 464 Cumque
405 391 482 445 illum
498 391 608 446 luisscrn
631 389 726 444 intuita
738 389 837 460 pugnis
856 384 969 456 percuti,
1025 384 1122 437 animae
1145 394 1170 439 et
1189 399 1269 440 ornne
1291 385 1466 454 desiderum,
1497 386 1588 443 etiae
1615 397 1644 441 ut
1669 388 1732 458 ipsa
1763 406 1828 446 nune

178 483 264 554 alapis
282 481 359 552 caedi,
375 477 470 536 faciem
486 478 610 550 conspui,
622 478 708 549 spinis
732 475 855 532 coronari
872 481 898 530 et
923 490 971 543 op·
1025 471 1127 526 moriar
1142 482 1228 529 tecum
1242 490 1302 544 qnae
1316 481 1342 528 te
1356 475 1437 546 genui
1452 476 1485 529 ad
1509 484 1637 544 mortem,
1654 478 1720 533 sine
1743 488 1830 536 matre

178 569 316 642 probrinm
334 570 472 624 hominum
487 566 555 635 heri,
574 571 793 623 conrmotasant
808 565 904 621 omnio
917 563 972 617 aia·
1025 559 1080 614 noli
1094 562 1173 616 mori.
1189 561 1363 635 Recognosce
1385 579 1427 617 me
1450 564 1577 619 miseram
1596 571 1720 621 matrem
1748 577 1828 635 tuan,

179 674 316 714 aeramen
332 659 412 727 (Gen.
426 673 506 726 xtrn,
520 656 575 727 30),
592 662 620 711 at
633 656 732 727 deiecit
742 657 773 711 in
791 671 836 710 nae
852 651 972 724 spiritus
1026 659 1051 702 et
1061 649 1155 703 exaudi
1171 665 1279 717 precem
1290 666 1397 715 meam;
1414 653 1493 708 decet
1505 652 1576 707 euim
1591 651 1681 709 tilium
1696 658 1829 714 exaudire

178 764 258 803 meas
273 747 361 819 (Psoi.
377 763 468 810 nxxvr,
486 746 513 815 l)
528 753 555 801 et
578 760 633 800 uon
657 757 713 800 erat
736 743 800 799 mihi
825 741 883 795 lere
908 754 970 811 yox,
1026 743 1150 792 matrem.
1181 740 1281 794 Exaudi
1306 756 1359 806 me,
1379 741 1504 806 obsecro,
1530 741 1558 795 iu
1582 752 1629 798 tuo
1648 759 1697 799 me
1721 747 1830 818 suscipe

178 851 266 909 neque
281 851 387 891 sensus.
402 835 485 890 Erant
503 842 530 889 et
549 849 652 889 mecum
668 848 736 886 meae
752 846 861 902 sorores
884 836 910 882 et
931 825 972 881 ie·
1026 825 1155 896 patibulo,
1173 828 1262 899 utqui
1276 844 1329 883 uua
1343 843 1423 884 carne
1438 828 1565 895 vivimus,
1580 847 1635 887 una
1660 847 1750 888 came
1773 850 1831 905 per·

178 925 259 980 minae
273 926 375 990 multae,
392 939 496 979 nrecrrm
513 923 670 995 plangentes
694 938 755 977 cum
782 919 858 989 quari
877 917 974 989 uuige·
1028 929 1133 970 eamus.
1825 977 1831 987 .

180 1015 275 1081 nitum,
290 1014 361 1070 inter
372 1030 440 1086 quas
455 1020 511 1067 erat
524 1011 608 1066 Maria
627 1010 797 1083 Magdaleno‚
813 1022 873 1079 quae
887 1019 972 1076 super
1064 1003 1206 1073 Oludaei,
1236 1004 1288 1076 ipsi
1311 1005 1393 1061 nolite
1421 1005 1486 1059 mihi
1513 1022 1632 1077 parcere,
1658 1008 1709 1079 qui
1739 1017 1830 1064 natum

179 1118 275 1159 omnes
289 1102 364 1167 alias,
381 1109 495 1171 excepto
511 1098 559 1154 illa
575 1115 635 1171 quar
649 1098 768 1168 loquitur
783 1103 881 1160 tecum,
896 1091 973 1148 dole·
1030 1107 1122 1146 meum
1138 1092 1319 1149 crucifixistis.
1336 1095 1451 1150 blatrem
1465 1092 1626 1167 crucifigite,
1638 1094 1748 1150 autaliu
1767 1112 1831 1167 qna·

181 1191 238 1256 hat,
266 1200 293 1245 et
320 1189 384 1243 dum
411 1187 534 1242 Christus
558 1188 638 1257 Deua,
669 1186 803 1241 clamante
837 1194 974 1253 precone,
1029 1196 1136 1252 cunque
1158 1196 1202 1237 me
1220 1190 1394 1239 aaevamorte
1418 1182 1553 1253 perimite.
1577 1184 1648 1238 Dum
1679 1199 1746 1239 meo
1772 1200 1830 1240 cun

181 1278 328 1349 imperante
345 1276 437 1344 Pilato,
448 1275 498 1330 sibi
515 1275 638 1343 baiulans
652 1288 759 1328 crucem
769 1271 802 1327 ad
814 1267 974 1341 supplicium
1029 1265 1083 1324 filio
1097 1267 1175 1324 finiar
1188 1272 1278 1340 simul,
1291 1270 1363 1326 male
1377 1271 1452 1327 solus
1465 1271 1590 1330 moritur.
1605 1271 1629 1327 0
1644 1288 1734 1338 mors,
1747 1274 1831 1330 orbas

180 1367 340 1431 traheretur,
357 1374 383 1419 et
398 1365 486 1419 iactans
505 1373 546 1418 est
565 1377 714 1418 concursus
731 1359 892 1431 populorum
916 1362 976 1426 post
1029 1357 1124 1411 orbem
1134 1358 1220 1425 radio,
1231 1374 1264 1414 ne
1280 1357 1386 1415 rideam
1401 1357 1650 1431 filium,gaudium‚
1666 1360 1828 1417 dulcorem!

180 1453 268 1524 ipsum
282 1462 387 1516 euntes,
404 1453 448 1506 alii
463 1466 546 1522 snper
560 1451 646 1519 ipsunr
663 1450 830 1520 plangentes,
851 1441 973 1515 aliiicod.
1030 1445 1083 1501 vita
1097 1463 1167 1513 mea,
1179 1451 1253 1503 salua
1267 1464 1326 1503 mea
1340 1449 1491 1518 perimitur,
1507 1465 1540 1505 ac
1564 1451 1600 1506 de
1626 1458 1701 1505 terra
1729 1451 1832 1506 tollitur

182 1539 295 1611 oileum
311 1539 457 1594 illudentes
471 1527 606 1594 ridebant.
632 1537 800 1608 Sequebatur
822 1544 849 1589 et
876 1533 973 1601 ipsum,
1029 1550 1091 1605 spes
1105 1552 1174 1592 mea.
1186 1537 1315 1608 Curergo
1325 1537 1555 1609 vivitposttitium
1570 1547 1661 1594 mater
1671 1537 1831 1595 indoleret

180 1638 262 1701 prout
278 1637 391 1701 poterat,
408 1631 467 1696 eius
482 1627 659 1683 moestissima
677 1634 762 1681 mater
781 1640 841 1680 curn
857 1620 974 1676 mulieri·
991 1578 1013 1655 Β
1030 1622 1136 1690 Tollite,
1153 1625 1309 1695 suspendite
1325 1634 1442 1681 matrem
1460 1642 1522 1683 curn
1538 1643 1590 1684 suo
1614 1629 1745 1702 pignore.
1772 1628 1829 1683 Nou

179 1718 240 1787 bus,
256 1735 317 1790 quae
332 1728 433 1773 secuta
448 1717 582 1772 lucrante
599 1716 704 1772 Golilea
719 1707 903 1770 ministrantes
913 1710 974 1775 ei,a
1027 1713 1115 1781 parcis
1133 1713 1212 1785 proli,
1228 1729 1283 1769 non
1308 1730 1404 1787 parcas
1426 1722 1453 1771 et
1476 1715 1565 1785 mihi;
1592 1724 1620 1772 tu
1639 1717 1720 1786 mihi,
1746 1733 1827 1781 mora,

179 1808 276 1880 quibus
304 1807 467 1871 trahebatur,
497 1813 523 1860 et
558 1806 699 1861 tenebatur
728 1805 802 1858 velut
840 1808 971 1864 emortua,
1027 1808 1191 1858 estoserva.

174 1911 321 1968 quousque
333 1905 490 1966 perventum
504 1902 546 1949 est
558 1893 591 1948 ad
607 1893 694 1949 locum
718 1893 765 1948 ubi
784 1888 974 1947 crucifixerunt
1062 1889 1137 1947 Tunc
1160 1909 1267 1949 summe
1293 1896 1452 1967 gauderem,
1468 1896 1491 1950 si
1519 1897 1589 1952 mori
1607 1912 1720 1968 possem
1742 1895 1818 1953 simul

181 2000 251 2041 cum.
267 1985 338 2041 Ante
353 1985 448 2039 oculos
458 1984 516 2052 ejus
532 1983 582 2038 luit
595 1982 622 2036 in
638 1997 719 2037 cruce
734 1983 845 2046 levatas,
859 1987 886 2034 ct
899 1977 972 2051 liguo
1025 1994 1086 2033 cum
1101 1980 1210 2036 Christo
1224 1998 1284 2038 rneo
1298 1982 1379 2048 dulci,
1405 1993 1432 2038 et
1446 1984 1526 2041 simul
1549 1986 1619 2041 mori
1633 1986 1748 2043 misera.
1767 1986 1816 2042 Sed

176 2072 329 2127 durissimis
344 2071 428 2126 clavis
442 2070 547 2135 allixus,
560 2078 586 2124 et
600 2070 659 2139 ipse
674 2073 809 2139 tanquam
824 2083 914 2138 agnos
928 2082 972 2121 co·
1024 2081 1101 2123 mora
1115 2077 1206 2140 optata
1224 2071 1337 2128 recedit.
1358 2072 1405 2127 Vae
1423 2071 1491 2128 mihi
1503 2072 1606 2130 infelici
1619 2074 1625 2131 l
1645 2073 1721 2142 Tibi,
1745 2076 1817 2140 Jesu,

182 2179 245 2216 rom
261 2161 606 2217 tondentesevocencnorr
620 2157 776 2222 delatam
791 2155 971 2227 opericbotos
1024 2162 1161 2227 praecepta
1190 2158 1271 2215 uincit
1298 2175 1379 2215 mors.
1411 2163 1497 2218 Morte
1524 2164 1594 2218 mori
1624 2164 1722 2220 melius
1751 2164 1819 2232 {mihi

176 2266 259 2305 snum
286 2250 364 2320 (lsai.
386 2249 498 2314 urrist).
524 2245 678 2315 Aspiciebat
704 2244 801 2298 ancilla
824 2244 968 2298 Dominum
1022 2260 1104 2314 quam
1134 2245 1215 2300 vitam
1244 2247 1346 2303 dulcem
1371 2249 1486 2319 mortis;
1512 2252 1560 2305 aed
1590 2250 1816 2322 lugitamisera,

173 2353 262 2403 suurn,
284 2334 436 2389 intuebatur
455 2342 540 2388 mater
557 2333 643 2386 lilium
659 2348 738 2386 suum
757 2331 784 2385 in
799 2346 879 2386 cruce
899 2347 968 2403 pen·
1023 2343 1050 2390 et
1065 2351 1108 2390 me
1124 2336 1260 2392 infelicem
1275 2338 1412 2410 relinquit,
1428 2339 1472 2395 cui
1487 2340 1545 2412 ipsa
1558 2350 1736 2414 morsoptata
1751 2357 1821 2398 nuuc

178 2426 297 2490 dentem,
312 2436 399 2478 morto
419 2422 578 2492 impiissima
592 2422 763 2486 morientem,
783 2428 810 2474 et
826 2430 897 2475 tanto
920 2422 969 2477 do·
1021 2432 1100 2479 esset.

170 2514 226 2568 lere
240 2512 386 2570 vexabatur
405 2513 432 2566 in
448 2521 549 2577 mente,
572 2518 674 2582 quanto
689 2512 743 2565 non
765 2517 856 2581 posset
881 2509 966 2580 expli·
1057 2510 1080 2565 0
1095 2511 1130 2564 tili
1146 2513 1239 2580 chare,
1252 2528 1268 2567 o
1283 2514 1408 2586 benigne,
1421 2531 1523 2571 summe
1533 2525 1603 2579 uate,
1620 2515 1733 2572 miserae
1760 2535 1821 2575 ma-

169 2602 224 2658 cari
240 2616 375 2657 sermone.
392 2600 448 2656 Nec
472 2599 582 2663 mirum,
597 2599 723 2653 manabat
737 2601 796 2666 ejns
810 2597 920 2669 sanguis
935 2614 965 2653 ex
1020 2600 1066 2654 tris
1082 2601 1189 2671 suscipe
1206 2617 1307 2672 preces.
1324 2602 1425 2658 Desine
1440 2603 1514 2659 matri
1533 2619 1603 2658 nunc
1626 2620 1688 2658 esse
1715 2607 1820 2671 durus,

170 2699 284 2762 quatuor
299 2691 420 2760 partibus
443 2688 592 2761 rigantibus
615 2688 704 2753 nudis,
729 2688 803 2761 ligno
827 2687 963 2756 manibus,
1021 2688 1069 2758 qui
1084 2705 1192 2760 sempor
1209 2688 1282 2744 inisti
1303 2691 1436 2763 benignus
1455 2692 1485 2747 in
1501 2692 1612 2747 cunctis.
1626 2693 1745 2764 Suscipe
1767 2710 1820 2749 ma.

173 2780 342 2851 pedibusque
359 2778 440 2834 clavis
454 2777 585 2845 confixus,
601 2778 635 2831 de
654 2777 731 2834 vultu
755 2776 825 2831 illius
847 2774 966 2847 pulchri·
1023 2784 1089 2831 trem
1106 2780 1132 2831 in
1145 2793 1233 2833 morte
1245 2789 1344 2845 tecum,
1361 2788 1390 2834 ut
1404 2781 1477 2835 vivat
1499 2789 1588 2836 tecum
1612 2791 1676 2851 post
1701 2790 1817 2837 mortem

173 2866 767 2940 tndoetllnxeratomnis.thaicrntproe
785 2865 853 2933 filiis
872 2863 964 2919 honri·
1021 2880 1140 2935 semper.
1165 2866 1236 2920 Nihil
1272 2867 1360 2924 rivere
1395 2866 1500 2924 dulcius
1529 2867 1700 2941 mihiquem
1730 2879 1818 2925 tecum

171 2974 242 3013 rium
268 2959 405 3028 speciosus
422 2958 509 3028 (Paul.
530 2971 608 3024 xnrv,
624 2959 661 3025 2),
682 2954 823 3008 ridebatur
844 2954 963 3009 omnium
1020 2955 1088 3008 niori
1103 2965 1130 3010 et
1145 2956 1244 3012 risere.
1256 2957 1326 3012 Nihil
1340 2957 1429 3013 vivere
1443 2958 1563 3013 amarius
1577 2968 1620 3014 est
1630 2974 1713 3030 qnam
1727 2959 1818 3016 virere

168 3044 324 3100 indecorus.
345 3044 474 3102 Videbam
490 3043 561 3116 quod
581 3043 767 3115 complebatur
783 3041 968 3113 propheticum
985 3015 1085 3097 cmihi
1101 3056 1163 3115 post
1177 3051 1250 3099 tuam
1264 3054 1387 3100 mortem.

175 3133 280 3189 illudio
297 3150 329 3189 eo
346 3134 564 3202 judicium,cunr
585 3138 613 3189 et
632 3149 689 3188 non
712 3132 835 3186 eratilli
852 3130 967 3202 species,
1060 3130 1157 3187 ⁷⁰2³
1181 3133 1221 3187 Tu
1244 3133 1308 3188 mihi
1329 3143 1414 3203 pater,
1439 3142 1468 3189 tn
1497 3133 1564 3188 mihi
1586 3142 1683 3200 mater,
1705 3145 1734 3189 tu
1756 3135 1817 3189 mihi

172 3239 262 3293 neque
277 3223 445 3290 decor(lsai.
462 3238 519 3286 arn,
537 3222 575 3293 ι),
590 3221 716 3291 quoniam
730 3218 969 3276 inimicorumrul·
1022 3237 1149 3293 sponsus,
1166 3220 1368 3289 cohibilius,
1393 3230 1423 3277 tu
1446 3223 1512 3277 mihi
1527 3222 1618 3278 omnia
1640 3238 1712 3279 eras.
1738 3224 1817 3279 Nunc

171 3321 231 3364 tum
248 3310 320 3364 illius
334 3312 479 3368 arueram
496 3310 638 3363 taedarcrat
651 3307 728 3375 livor,
745 3321 771 3362 et
789 3309 913 3362 ridebam
925 3322 969 3360 mc
1024 3313 1107 3366 orbor
1119 3320 1195 3380 patro
1214 3318 1240 3364 et
1255 3319 1352 3382 matre,
1364 3310 1461 3366 viduor
1471 3326 1584 3383 sponso,
1600 3319 1625 3367 et
1634 3311 1742 3366 desolor
1757 3328 1817 3382 prae

174 3397 263 3450 deseri
279 3397 312 3449 ab
326 3397 384 3466 ipso
398 3414 476 3467 quern
492 3398 585 3466 genui,
598 3411 647 3449 nec
661 3394 888 3465 supereratalius,
902 3411 968 3465 quo-
1022 3398 1158 3464 omnibus,
1175 3399 1265 3453 omnia
1278 3402 1374 3469 perdo.
1394 3400 1417 3455 0
1432 3399 1468 3453 lili
1485 3402 1532 3465 mi,
1542 3397 1817 3472 ultraquitliaciam‘l

173 3484 244 3538 niam
266 3485 333 3537 mihi
349 3492 405 3538 erat
420 3484 523 3549 unicus,
541 3494 568 3539 et
583 3483 642 3539 ideo
667 3498 721 3537 non
747 3490 849 3552 poterat
872 3499 966 3553 capere
1022 3483 1068 3537 Vae
1091 3483 1155 3537 mitri
1173 3483 1178 3538 l
1195 3486 1266 3570 vergi,
1284 3487 1330 3541 lili.
1358 3486 1417 3555 Quo
1431 3487 1551 3542 vadam?
1567 3487 1621 3543 Ubi
1645 3503 1688 3543 me
1712 3495 1815 3549 vertar,

170 3572 197 3627 in
214 3589 257 3629 me
271 3573 350 3629 dolor
362 3589 455 3643 meos3
469 3588 520 3629 vox
536 3588 594 3627 rnea
609 3572 665 3627 lare
681 3573 796 3643 perierat
811 3572 909 3643 omnis,
920 3573 967 3627 srd
1021 3572 1196 3628 dulcissime?
1208 3574 1274 3643 Quis
1289 3575 1353 3631 mihi
1368 3575 1499 3643 solamen,
1512 3577 1657 3647 piissime?
1672 3574 1743 3646 Quis
1754 3577 1816 3632 mihi

175 3662 273 3716 dabam
293 3664 409 3735 gemitus
424 3662 594 3734 suspiriaque
608 3662 717 3716 doloris.
733 3661 863 3716 Volebam
884 3661 967 3734 toqui,
1021 3661 1169 3719 decaetero
1189 3665 1340 3720 subsidium
1361 3674 1388 3720 ct
1406 3665 1548 3720 consilium
1571 3665 1642 3720 ultra
1665 3667 1816 3738 praestabit,

167 3752 212 3806 sed
240 3751 318 3806 dolor
340 3753 421 3806 verba
445 3755 596 3824 rumpebat,
620 3751 742 3822 qnoniam
771 3753 885 3805 verbum
911 3755 967 3820 jam
1024 3748 1063 3803 iili
1094 3750 1390 3809 charissimeiOmnia
1414 3753 1553 3824 possibilia
1568 3762 1632 3809 sunt
1646 3753 1706 3809 tibi.
1723 3754 1781 3811 Sed
1798 3755 1818 3809 si

175 3851 265 3896 mente
279 3849 448 3910 conceptum,
464 3841 528 3897 dum
550 3844 584 3894 od
606 3839 792 3896 formationem
817 3842 967 3910 praetende·
1021 3854 1076 3894 non
1091 3839 1171 3894 visat
1185 3841 1287 3895 moriar
1301 3850 1400 3907 tecum,
1415 3841 1480 3898 mihi
1499 3840 1625 3914 relinque
1648 3843 1760 3917 aliquid
1773 3846 1817 3902 be-

173 3937 214 3984 ret
229 3929 295 3999 oris,
313 3930 346 3984 ad
370 3945 400 3984 se
425 3931 612 4002 imperiectum
636 3929 779 3985 revocabat
802 3928 889 3998 dolor,
912 3945 967 3985 non
1020 3928 1103 4000 nigne
1117 3930 1267 3988 consilium.
1289 3931 1336 3984 Cui
1355 3931 1442 3987 oculis
1463 3940 1490 3987 at
1512 3930 1597 3999 vultu,
1613 3931 1750 4002 Domine,
1770 3945 1818 3990 tan

170 4019 278 4075 inimica
296 4018 385 4074 cordis
400 4034 451 4073 rox
467 4019 551 4074 tristis
571 4018 684 4072 sonabat
708 4017 774 4073 ioris
797 4018 893 4072 uulnus
915 4018 966 4074 de·
1020 4016 1098 4069 anxie
1113 4015 1140 4069 in
1155 4031 1236 4073 cruce
1250 4018 1372 4073 annues?

174 4108 303 4163 nuntians
331 4109 437 4172 mentis,
461 4108 543 4162 verba
571 4108 651 4162 dabat
679 4123 764 4170 amor,
789 4107 835 4178 qui
854 4122 965 4162 raucum
1055 4108 1095 4186 De
1109 4106 1289 4176 loanne,ait:
1307 4107 1415 4173 Mulier,
1443 4123 1506 4165 cccc
1527 4107 1605 4176 filius
1632 4113 1705 4165 tuus
1726 4111 1819 4183 (loon.

166 4197 289 4263 sonabat,
304 4211 359 4255 non
374 4196 465 4267 lingua
479 4196 553 4253 vocis
570 4196 696 4267 rrragistra
708 4195 862 4266 perdiderat
875 4211 964 4251 usum.
982 4184 1005 4261 {i
1021 4211 1082 4265 mx,
1099 4196 1155 4267 26),
1170 4203 1197 4250 et
1211 4205 1269 4252 erat
1282 4195 1339 4267 ipse
1354 4211 1476 4267 praesens
1488 4198 1606 4253 loannes
1622 4197 1703 4255 rulru
1727 4201 1820 4269 tristis,

172 4286 317 4357 Loquendo
332 4284 452 4339 videbant
469 4284 640 4351 morientem,
656 4300 736 4355 quern
751 4285 880 4358 ditigebat
902 4285 962 4339 aui·
1023 4285 1151 4355 lacrymis
1167 4300 1276 4356 semper
1285 4287 1406 4356 plorans,
1422 4301 1453 4342 ao
1467 4286 1489 4339 si
1503 4285 1606 4341 diceret
1622 4305 1629 4340 :

172 4388 299 4437 mamea,
316 4381 341 4428 et
365 4382 422 4427 tota
437 4372 605 4444 liquefiebam
629 4391 684 4445 prae¹
705 4373 806 4429 doloris
830 4374 962 4445 :trigustia
1054 4375 1077 4429 0
1092 4376 1218 4430 homolus
1233 4373 1301 4447 [cod.
1319 4374 1463 4446 lromulusl,
1480 4374 1513 4430 ad
1526 4373 1649 4431 flendum
1662 4379 1774 4445 molliS,
1791 4379 1821 4434 ad

170 4462 371 4531 Aspiciebatet
397 4462 664 4536 ipsehcnignissimn
685 4463 759 4518 vultu
784 4479 826 4516 me
850 4473 964 4516 matrem
1020 4463 1184 4520 dolenduml
1202 4465 1242 4519 Τιι
1271 4463 1323 4520 sois
1349 4463 1411 4535 quia
1436 4463 1470 4519 ad
1498 4463 1640 4521 haerent
1664 4467 1692 4522 ei
1715 4468 1823 4525 decar-

174 4553 337 4622 plorantem‚
366 4561 393 4605 et
417 4566 461 4604 mo
480 4551 571 4605 rer-bis
594 4553 685 4621 paucis
707 4553 842 4606 consolari
870 4552 962 4606 uoluit.
1020 4569 1081 4608 nem
1096 4553 1241 4623 assumpsi,
1270 4561 1300 4608 ut
1327 4568 1377 4623 per
1398 4552 1488 4609 crucis
1505 4553 1657 4624 patibulum
1684 4557 1822 4615 salvarem

175 4639 224 4694 Sed
256 4639 321 4708 ipsis
344 4640 475 4695 consolari
501 4657 555 4694 non
578 4648 711 4709 poteram,
734 4642 781 4694 sed
802 4639 898 4696 llebanr
921 4641 964 4695 di·
1021 4658 1106 4712 genus
1120 4643 1278 4697 humanum.
1291 4641 1434 4711 Quomodo
1449 4642 1636 4715 implebuntur
1647 4642 1825 4717 scripture!

171 4728 269 4795 cendo,
284 4737 310 4783 et
326 4729 447 4783 dicebam
464 4731 612 4798 plorando:
638 4727 687 4784 Fili
708 4729 755 4792 mi,
771 4728 809 4784 frli
835 4730 881 4794 mi,
904 4731 966 4802 quis
1019 4730 1078 4786 Scis
1093 4730 1166 4784 enim
1180 4731 1244 4801 quia
1257 4740 1366 4802 oportet
1380 4747 1423 4787 me
1446 4731 1502 4801 pati
1525 4746 1574 4802 pro
1598 4732 1692 4788 salute
1717 4735 1826 4807 generis

171 4818 238 4872 mihi
262 4818 343 4881 (iabit,
361 4827 390 4872 ut
412 4835 464 4889 ego
485 4818 584 4873 moriar
605 4835 653 4888 pro
673 4819 723 4873 toi
746 4819 859 4874 lloritar
881 4820 963 4887 lilius,
1020 4821 1140 4887 humani,
1158 4821 1206 4876 sed
1221 4821 1263 4875 die
1278 4821 1356 4875 tertia
1369 4820 1527 4891 iresurgam
1549 4819 1608 4887 tibi,
1623 4829 1651 4877 et
1676 4822 1825 4897 discipulis

173 4924 223 4962 cur
239 4923 289 4962 nec
310 4924 401 4962 secani
423 4909 522 4962 misera
537 4911 652 4962 moritur
666 4915 753 4962 mater
776 4910 859 4978 ejus?
882 4913 965 4966 Amor
1021 4909 1089 4963 aneis
1104 4917 1227 4981 patenter
1241 4925 1387 4980 apparens.
1406 4909 1505 4964 Desine
1529 4907 1602 4978 llere,
1624 4909 1761 4970 dolorem
1777 4918 1824 4972 de·

171 4996 259 5059 unice,
276 4996 323 5050 tilii
340 4996 376 5050 mi
395 4997 563 5063 dulcissime,
580 4997 683 5051 nolifle
703 4997 890 5070 derelinquere
905 5008 967 5071 post
1019 5013 1103 5070 pone,
1117 4997 1181 5070 quia
1205 4998 1237 5053 ad
1259 4999 1362 5055 Patrem
1377 5000 1456 5066 vado,
1472 4997 1585 5071 gloriam
1610 5007 1744 5069 paternae
1766 5021 1823 5060 rna·

169 5097 206 5158 to,
222 5086 302 5145 trabe
316 5104 360 5142 me
375 5088 411 5143 ad
427 5092 454 5144 te
475 5089 563 5157 ipsum
580 5089 673 5144 (Cereri.
687 5087 784 5157 ι,3),ιιι
794 5088 851 5159 ipsa
868 5089 967 5145 moriar
1017 5084 1123 5158 jestatis
1132 5086 1338 5158 percipiendam
1351 5085 1478 5145 ascendo.
1493 5085 1619 5155 Quinimo
1635 5093 1663 5142 et
1680 5094 1825 5163 mantare

169 5186 259 5232 tecum
293 5179 586 5240 ntalesotusmorrrrz,
608 5185 696 5231 tecum
715 5182 966 5247 mortoperimatur
1022 5175 1263 5247 mihi‚quianune
1283 5175 1373 5234 inveni
1396 5190 1474 5232 ovem
1496 5170 1744 5249 errantem‚quarn
1774 5191 1824 5238 tarn

171 5263 223 5318 ista
241 5274 285 5318 tua
302 5265 428 5334 genitrix,
446 5276 471 5321 et
486 5281 569 5333 mor··=,
586 5266 651 5320 mihi
666 5266 774 5322 miserae
790 5283 898 5336 parcere
913 5282 966 5323 no·
1022 5265 1104 5337 longo
1115 5273 1235 5336 tempore
1250 5264 1366 5337 perdidi,
1380 5264 1497 5320 Moritur
1511 5280 1593 5333 rruus,
1604 5271 1631 5320 et
1646 5276 1680 5323 ut
1696 5268 1823 5327 idemto·

171 5351 199 5417 ti,
217 5364 244 5406 tu
269 5355 334 5408 mihi
360 5355 416 5410 sola
438 5371 493 5425 pree
519 5357 625 5412 cunctis
648 5357 768 5426 placens,
794 5371 873 5414 exere
892 5357 964 5413 vires
1021 5366 1062 5413 tus
1078 5355 1266 5411 reminiscatur
1278 5355 1405 5420 mundus,
1422 5354 1458 5409 ob
1472 5354 1600 5409 meritum
1621 5353 1745 5432 Christi,
1761 5376 1823 5435 pee-

174 5446 242 5504 tuas,
259 5443 366 5498 trucida
394 5452 518 5513 matrem,
535 5449 563 5505 et
591 5460 655 5500 cum
678 5443 733 5499 lilio
756 5446 858 5516 perime
872 5445 963 5514 simul,
1019 5454 1124 5503 catores
1139 5443 1381 5502 salvanturcuncti
1408 5458 1492 5513 nunc,
1507 5441 1587 5499 auitae
1613 5442 1652 5499 ob
1675 5447 1821 5508 meritam.
