3728 5940
99 160 156 233 lli
568 168 597 228 S.
616 165 783 228 bendhhbl
800 165 936 230 sanans
952 161 1271 229 thRAE·VALLBliSlS
1698 170 1760 233 ug

101 303 298 362 animadverti?
313 300 403 360 Semel
418 293 575 363 excessisse,
591 293 672 349 etiam
686 291 773 349 virtus
786 299 894 364 poterat
910 309 934 387 g
948 291 1055 362 Quanto
1068 300 1159 350 vestra
1171 296 1291 362 potestas
1305 296 1334 345 et
1360 288 1481 365 dignitas
1500 286 1602 364 maior,
1619 299 1699 353 tanto
1722 293 1758 355 e'a

101 396 234 468 reputari,
250 394 273 448 ei
288 395 322 448 de
336 397 434 455 vestro,
451 400 503 441 non
520 384 553 438 de
565 382 640 439 vultu
651 380 822 437 inimieorum
835 383 894 451 ejus
948 399 1009 455 qum
1023 381 1100 440 vobis
1113 380 1182 436 lorte
1204 379 1344 450 subreptio
1368 378 1408 448 fit,
1428 394 1483 434 non
1505 381 1587 436 modo
1613 383 1757 452 periculo-

97 482 230 553 iudicium
253 479 407 551 prodiisset.
427 472 531 530 Deinde
546 471 610 543 quid
635 471 661 525 in
676 479 748 526 arcto
770 469 816 525 illo
836 468 896 526 fieri
949 474 1013 538 sior,
1030 472 1078 528 sed
1097 480 1123 526 et
1144 468 1248 538 turpior
1271 473 1323 538 est,
1339 468 1489 540 praesertim
1509 468 1538 525 in
1560 469 1757 534 ecclesiasticis

100 569 262 642 oportebat?
285 566 350 622 Dies
372 562 497 627 celebris,
523 559 652 616 solemnis
679 561 764 623 curia,
787 560 896 630 juvenis
949 561 1048 617 causis.
1075 559 1104 613 Si
1130 559 1208 613 verbi
1235 557 1332 632 gratia,
1357 557 1496 632 sagiensis
1521 557 1581 616 haec
1603 561 1754 635 vulpecula

101 673 164 723 rex;
188 664 225 723 et,
254 655 327 727 quod
355 654 397 708 his
425 651 512 720 majus
538 657 589 715 est,
618 648 666 704 Dei
695 647 842 720 negotium,
862 648 896 704 de
948 648 1128 714 frandulenta,
1152 646 1318 703 concinnans
1345 646 1423 703 dolos
1447 646 1533 713 vobis,
1557 647 1627 705 sicut
1649 652 1754 711 callide

99 743 328 815 ierosolymitana
353 741 455 798 scilicet
478 737 660 810 expeditione,
685 745 796 808 propter
824 737 896 808 quod
948 739 1050 810 cogitat
1059 736 1183 801 illudere,
1195 735 1294 805 poterit
1308 737 1377 791 etad
1392 736 1498 792 vineam
1509 737 1755 811 bominisahacrh,

99 848 194 890 omnes
208 838 399 900 convenerant;
427 844 541 899 prorsus
560 829 618 883 haec
639 827 730 882 omnia
743 826 894 893 blissarum,
949 841 1029 898 quam
1044 823 1118 881 brevi
1138 832 1259 894 ternpore
1274 831 1349 893 parte
1368 837 1422 878 non
1437 822 1543 878 modica
1557 824 1687 891 demolita
1699 838 1754 893 eet,

99 929 126 979 et
139 936 246 978 coronae
261 921 343 995 regiae
362 916 491 975 solemnis
506 915 644 986 debitique
657 915 769 971 honoris
785 914 897 969 lrnstra-
949 920 1039 969 vestra
1055 911 1213 969 auctoritate
1233 910 1337 979 redire3
1352 920 1453 984 quanta
1471 912 1572 982 putatis
1585 914 1756 988 malignitate

100 1010 201 1066 tionem
224 1009 378 1065 nullatenus
398 1006 583 1063 admittebant.
604 1004 654 1059 Sed
671 1020 721 1058 nac
742 1003 794 1074 ipsi
822 1004 896 1058 llitu·
950 1002 1094 1057 decaetero
1110 999 1372 1056 saevituramlllenl
1393 1000 1467 1071 quod
1481 1001 1617 1072 reliquum
1631 1013 1685 1071 eet,
1701 1009 1755 1065 de.

100 1097 196 1155 deensi
219 1096 423 1170 archiepiscopo
438 1095 549 1150 omnino
571 1092 741 1163 expediebat,
761 1100 790 1147 ut
811 1093 897 1147 honor
948 1089 1065 1147 vorabit.
1081 1090 1186 1161 Nempe
1199 1087 1245 1160 qui
1268 1087 1342 1144 veuit
1356 1086 1511 1161 vulpecula,
1527 1091 1628 1148 redibit
1642 1093 1729 1152 leena
1747 1113 1753 1151 :

101 1188 320 1259 Regispereum
336 1183 522 1257 impediretur.
949 1186 976 1234 et
999 1178 1026 1233 in
1044 1193 1175 1250 quosque,
1202 1184 1254 1233 tam
1277 1175 1352 1242 cleri,
1377 1191 1458 1247 quam
1482 1177 1589 1251 populi,
1612 1195 1668 1238 non
1698 1184 1756 1253 Jam

137 1281 163 1331 2.
180 1275 248 1343 Quae
271 1290 331 1331 oum
351 1273 388 1328 ita
403 1289 432 1327 se
456 1270 609 1336 habuerint,
625 1270 789 1326 aestimamus
808 1271 895 1325 locum
947 1267 1091 1324 calliditate
1113 1273 1213 1331 utetur,
1238 1264 1285 1321 sed
1305 1264 1475 1322 crudelitate.
1501 1265 1678 1341 vigilandum
1701 1271 1755 1328 ita-

101 1362 290 1419 miserieordiae
300 1376 353 1418 non
366 1361 471 1426 deesse,
484 1359 530 1413 uhi
544 1366 615 1413 tanta
626 1357 772 1414 necessitas
783 1358 895 1427 typhum
949 1371 1002 1430 qne
1016 1356 1146 1412 adversus
1161 1353 1296 1419 astutiam,
1307 1370 1342 1410 ne
1356 1354 1391 1410 ad
1402 1360 1504 1412 tantam
1513 1357 1644 1414 saevitiam
1658 1360 1753 1418 denuo

101 1451 176 1522 (668)
213 1459 320 1506 excusat
355 1445 543 1503 contumacia.
572 1445 708 1517 Numquid
737 1451 894 1514 potestatem
951 1458 1127 1516 prorumpere
1142 1442 1240 1512 possit.

101 1539 203 1593 habetis
231 1545 332 1592 tantum
357 1543 506 1606 percutere,
532 1540 560 1588 et
585 1548 759 1604 nequequam
783 1532 894 1588 sanaret
986 1537 1012 1588 2.
1027 1534 1088 1587 Nou
1102 1546 1167 1602 ergo
1178 1545 1227 1586 vos
1241 1537 1351 1587 moveat
1360 1530 1478 1587 hominis
1491 1531 1754 1608 leciesmiseranda,

100 1625 247 1697 Nostisqui
263 1624 382 1679 dixerit:
399 1624 573 1688 Parentium,
585 1627 612 1679 et
622 1638 668 1694 epo
683 1621 787 1678 secubo
801 1620 894 1691 (Dent.
950 1621 1010 1676 vilis
1038 1619 1154 1685 habitus,
1183 1619 1276 1675 vultus
1296 1620 1425 1690 supplex,
1441 1620 1570 1677 *demissa
1595 1626 1754 1694 supercilia,

100 1730 194 1785 xxxn,
210 1715 266 1784 ³9).
290 1714 370 1770 dbsit
389 1721 419 1768 ut
432 1713 512 1782 cujus
526 1712 624 1767 tenetis
637 1711 733 1780 vicem,
749 1725 806 1765 non
817 1726 897 1766 usur·
950 1710 1096 1767 verborum
1110 1709 1246 1765 humilitas
1260 1723 1267 1760 a
1282 1710 1331 1764 sed
1346 1724 1397 1765 uec
1411 1710 1477 1779 ipsae
1491 1711 1602 1781 quidem
1618 1712 1755 1786 lacrymu-

100 1801 169 1872 petis
183 1809 210 1855 et
228 1816 332 1871 vocem,
347 1814 441 1855 vocem
463 1797 598 1869 praecipue
611 1797 730 1867 pietatis.
754 1796 826 1867 Ergo
840 1795 897 1850 sola
951 1799 994 1864 lae,
1011 1807 1163 1864 currentes,
1178 1805 1207 1854 ιιι
1221 1798 1308 1865 aium,
1326 1799 1357 1853 ad
1379 1806 1474 1854 nutum
1488 1802 1560 1871 ejus,
1574 1800 1664 1859 doctae
1677 1819 1756 1861 men-

104 1891 154 1945 hac
171 1889 229 1945 vice
258 1890 350 1944 redeat
376 1886 475 1960 sagitta
492 1887 614 1942 lonathae
637 1893 797 1953 retrorsum,
821 1892 847 1942 et
874 1900 887 1939 s
904 1884 915 1942 i
951 1887 1005 1945 tiri.
1023 1885 1190 1943 haecomnia
1213 1887 1242 1942 in
1262 1886 1329 1942 lacis
1343 1896 1428 1945 sunt:
1450 1894 1478 1943 et
1489 1888 1564 1944 scitis
1577 1890 1625 1961 qui
1642 1890 1753 1963 dixerit,

102 1993 209 2034 neeesse
233 1972 323 2045 luerit,
344 1975 370 2031 in
391 1991 433 2031 me
448 1977 536 2048 magis
557 1975 684 2031 mittatur.
707 1974 895 2041 Tolerabilius,
952 1975 1042 2032 Nolite
1056 1975 1214 2031 secuudum
1228 1977 1331 2045 sociem
1342 1976 1473 2047 judicare
1489 1976 1754 2054 (tormentatum

101 2066 197 2134 fateor,
217 2065 381 2132 habuissem,
399 2065 521 2120 interdici
536 2063 601 2118 mihi
617 2064 758 2120 blissarum
777 2064 899 2119 celebra·
951 2064 994 2118 his
1014 2070 1093 2136 atque
1112 2062 1246 2119 similibus
1269 2063 1355 2119 torma
1377 2064 1483 2135 pietatis
1505 2065 1606 2136 existit,
1627 2069 1677 2125 sed
1697 2085 1753 2128 non

103 2157 215 2221 tionem,
234 2170 313 2228 quam
327 2154 534 2225 archiepiscopo
555 2152 630 2208 Pallii
645 2167 737 2209 usum.
757 2151 806 2208 Est
820 2152 897 2207 etiam
952 2168 1060 2222 semper
1073 2159 1099 2208 et
1122 2151 1218 2214 virtus.
1234 2151 1399 2209 Vestimenta
1417 2155 1510 2211 ovium
1534 2163 1596 2211 sunt
1610 2156 1680 2224 haec,
1700 2158 1754 2217 tre·

101 2245 172 2315 quod
188 2259 242 2300 uon
259 2244 430 2299 mediocriter
441 2249 531 2298 vestro
543 2241 590 2312 pio
605 2239 689 2313 n‘gori
703 2240 794 2295 obviat
808 2240 835 2295 ln
849 2241 899 2298 hac
952 2247 1075 2313 nuenton,
1090 2241 1160 2298 sicut
1174 2240 1325 2313 designavit
1339 2241 1482 2309 Dominus,
1498 2255 1630 2317 usurpata
1652 2246 1753 2320 alupis

102 2341 186 2406 parte,
207 2332 278 2405 quod
303 2330 358 2388 filio
381 2338 474 2386 vestro
502 2330 559 2402 regi
576 2329 715 2385 Ludovico
734 2329 823 2401 possit
837 2330 900 2388 hinc
952 2331 979 2385 in
994 2338 1113 2403 stragem
1128 2330 1271 2386 maximam
1296 2330 1399 2401 ovium,
1414 2332 1480 2387 dum
1503 2347 1557 2388 non
1580 2350 1610 2391 se
1632 2337 1752 2395 abscon-

100 2438 154 2479 non
172 2436 264 2493 parvae
285 2419 445 2476 ostensionis
460 2427 487 2473 et
509 2417 665 2474 irritationis
689 2417 797 2473 occasio
829 2415 897 2481 dari,
952 2418 1029 2487 dunt,
1046 2419 1173 2490 qnoniam
1187 2419 1225 2474 illi
1252 2419 1409 2476 abscondite
1430 2421 1545 2478 vomunt
1568 2423 1680 2492 (llntth.
1699 2438 1750 2482 vn.

100 2511 236 2581 cumipse
251 2509 301 2564 sibi
316 2516 371 2564 tota
384 2508 448 2563 mali
462 2505 543 2580 hujus
557 2505 679 2562 videatur
697 2522 757 2562 esse
780 2506 897 2562 occasio.
954 2510 1011 2577 ¹5l·
1024 2509 1089 2564 lnde
1110 2517 1152 2564 est
1174 2509 1246 2581 quod
1269 2509 1352 2580 aliqui
1376 2508 1457 2566 etiam
1476 2528 1508 2567 ex
1531 2513 1631 2568 nostris
1649 2528 1700 2584 pro
1718 2530 1751 2571 eo

101 2597 179 2667 Quod
199 2597 279 2669 plane
294 2606 413 2666 tempore
435 2595 487 2650 isto
509 2610 563 2651 non
587 2594 695 2665 expedit
712 2613 719 2649 :
734 2611 768 2650 ne
783 2596 893 2650 bonum.
951 2596 1128 2668 scripserunt,
1143 2598 1243 2653 talibus
1267 2597 1444 2656 circumventi
1466 2600 1627 2667 mendaciis,
1652 2617 1750 2675 purum

103 2683 191 2743 m
206 2685 279 2756 quod
294 2692 383 2741 vestro
407 2685 515 2739 hortatu
539 2684 611 2738 hono
636 2692 665 2738 et
690 2698 790 2756 magno
808 2683 899 2739 animo
952 2686 1119 2741 advertentes
1139 2685 1212 2756 quod
1231 2701 1247 2740 a
1269 2686 1397 2756 Sapiente
1420 2688 1555 2759 sapienter
1567 2704 1600 2746 ec
1618 2690 1748 2747 vemeiter

102 2773 195 2845 eoepit,
211 2772 321 2846 dignum
337 2771 420 2844 (quod
436 2771 514 2838 absit)
528 2787 582 2826 non
598 2770 695 2827 habeat
709 2771 820 2832 exitum,
835 2772 857 2825 si
872 2772 898 2826 in
952 2774 1050 2832 dieitur
1068 2793 1075 2830 :
1091 2778 1141 2831 Est
1154 2777 1202 2849 qui
1216 2791 1245 2832 aa
1256 2775 1392 2834 humiliot
1404 2780 1545 2852 nequiter,
1556 2784 1584 2836 ιι
1608 2779 1749 2837 interiora

101 2862 229 2918 scandalo
256 2870 283 2918 et
310 2860 392 2916 animi
429 2860 631 2932 perturbatione
659 2860 716 2932 hoc,
735 2861 831 2932 egerit.
860 2860 899 2915 De
913 2867 935 2945 g
949 2865 1105 2936 ejusplenn
1118 2870 1186 2922 sunt
1200 2864 1264 2924 dolo
1279 2866 1377 2935 (dccli.
1391 2882 1447 2936 arx,
1464 2870 1521 2939 23).
1541 2866 1597 2923 Vos
1614 2882 1680 2938 ergo
1694 2882 1749 2924 non

101 2959 201 3007 caetero
215 2948 363 3007 mandastis
376 2958 404 3006 et
417 2948 536 3015 obedivi,
558 2957 584 3005 et
599 2948 751 3004 fecundavit
766 2948 898 3004 obedien·
953 2951 1096 3009 attendatis
1111 2951 1147 3007 ad
1160 2954 1243 3008 verba
1257 2955 1281 3021 ej
1287 2970 1329 3017 ns,
1344 2970 1432 3025 neque
1446 2954 1480 3008 ad
1497 2955 1617 3026 corporis
1631 2962 1728 3028 gestus
1742 2972 1748 3010 :

102 3039 164 3096 tiam
178 3039 361 3113 precipientis
380 3038 537 3095 auotoritas.
553 3037 690 3110 Siquidem
706 3037 858 3092 annuntiavi
872 3046 900 3094 et
952 3057 1035 3111 opera
1047 3039 1259 3113 interrogated
1272 3040 1406 3097 fructibus
1419 3043 1478 3113 ejus
1489 3042 1661 3113 cognoscetis
1675 3058 1748 3099 euru.

100 3129 209 3188 loeutus
220 3145 291 3194 sum,
310 3127 479 3199 multiplicati
495 3135 559 3183 sunt
574 3142 658 3199 super
672 3142 825 3182 numerum.
842 3125 898 3181 Va·
951 3131 1034 3186 ldulta
1046 3137 1073 3187 et
1085 3131 1180 3201 gravia
1193 3130 1318 3186 dicuntur
1332 3129 1365 3185 de
1381 3147 1413 3186 eo
1431 3148 1438 3184 z
1453 3130 1577 3186 dicentur
1590 3140 1617 3188 et
1632 3131 1661 3188 in
1675 3147 1752 3203 eum,
1781 3195 1783 3199 7

99 3225 213 3273 euantur
227 3217 308 3272 urbes
322 3225 349 3272 et
362 3216 482 3283 castella,
497 3225 522 3271 et
535 3231 604 3287 pone
615 3216 672 3285 jam
688 3230 741 3271 non
757 3212 899 3270 inveniunt
952 3219 976 3275 si
990 3227 1030 3274 ost
1048 3219 1093 3291 qui
1106 3226 1208 3290 quaerat
1222 3226 1248 3273 et
1260 3216 1373 3287 judicet.
1388 3218 1458 3273 Nolo
1473 3217 1562 3273 dicere
1576 3221 1669 3275 omnia
1688 3237 1753 3293 qnae

100 3320 181 3377 quem
204 3306 403 3377 apprehendant
421 3312 526 3376 septem
546 3303 675 3360 mulieres
697 3302 897 3373 vimmacum,
951 3306 1049 3363 audivi.
1064 3306 1121 3361 Nec
1145 3304 1219 3359 enim
1234 3304 1359 3360 omnibns
1379 3304 1543 3361 credendum
1561 3314 1611 3369 est,
1627 3307 1677 3360 sed
1701 3325 1755 3366 nae

101 3393 168 3448 adeo
184 3393 283 3466 ubique
297 3391 386 3449 viduae
400 3391 468 3449 vivis
487 3401 627 3448 remanent
640 3390 719 3446 viris.
950 3393 1076 3452 omnibus
1098 3391 1304 3449 decredendum.
1320 3394 1407 3450 Unam
1432 3408 1502 3462 pono
1525 3391 1643 3448 breviter
1657 3408 1753 3450 meam

276 3512 444 3572 utute
467 3513 621 3572 uult
634 3514 720 3586 tu·
950 3481 1750 3642 eltutusullunti.{ultusultus

402 3617 438 3659 *Β
463 3618 592 3660 mm
950 3669 1032 3725 satur,
1048 3675 1103 3715 non
1127 3667 1204 3716 erant
1225 3659 1352 3730 suspecti.
1374 3659 1402 3715 Si
1427 3659 1478 3716 loci
1501 3658 1750 3731 importunitatem:

102 3695 263 3751 Premenct
287 3690 466 3764 Pontificem,
487 3709 523 3749 nc
549 3695 689 3766 Supieusi,
715 3694 898 3766 quantumvis
1089 3747 1095 3759 ,
1351 3747 1358 3759 .
1503 3748 1509 3760 .
1702 3748 1708 3760 .

137 3781 171 3846 ,p
189 3764 272 3836 ppei,
288 3765 411 3822 ,editum
425 3767 456 3821 ί..
472 3769 663 3839 ,pgcopatum
682 3765 824 3833 mouenti,
849 3766 897 3835 fa.
951 3755 1008 3806 erat
1020 3750 1074 3805 hoe
1088 3765 1115 3803 tn
1131 3759 1204 3805 terre
1228 3762 1288 3818 sua,
1310 3756 1378 3803 etun
1402 3756 1564 3821 cognatione
1587 3764 1645 3814 sua,
1661 3748 1710 3803 nbr
1724 3758 1752 3805 et

136 3780 204 3892 erga
218 3852 300 3893 aures
312 3836 443 3908 prebeat.
950 3837 1078 3912 expensis
1092 3837 1193 3909 pounb,
1208 3840 1236 3892 et
1251 3835 1349 3891 itinere
1366 3851 1420 3893 non
1440 3837 1533 3908 longo,
1549 3835 1628 3893 lacile
1644 3843 1671 3893 et
1684 3837 1752 3893 ahs·

139 3927 164 3978 1.
179 3925 238 3980 Non
266 3936 304 3980 est
319 3924 396 3991 mihi,
421 3940 497 3981 more
516 3925 671 3994 inultorum,
695 3924 835 3995 prooemiis
858 3920 897 3980 uti
952 3943 1005 3999 que
1020 3927 1115 3982 labore
1131 3933 1216 3982 totum
1230 3923 1366 3998 negotium
1383 3933 1487 3995 poterat
1502 3924 1641 3994 explicari.
1659 3927 1753 3983 Restat

101 4013 202 4082 advos,
214 4014 351 4072 ambituve
366 4015 511 4072 uerborum
522 4033 529 4069 ε
540 4032 556 4069 a
567 4015 665 4086 reipsa
678 4014 791 4086 incipio.
809 4015 896 4069 Homo
951 4013 1066 4086 proinde
1079 4013 1146 4069 nihil
1161 4012 1234 4068 alind
1257 4010 1457 4082 suspicandtun,
1472 4027 1557 4085 quem
1580 4012 1685 4085 lugisse
1700 4015 1752 4071 ho·

101 4102 183 4161 lallax
201 4103 274 4159 veuit
292 4105 324 4158 ad
353 4119 414 4176 vos,
437 4105 518 4160 credo
540 4112 570 4159 ut
599 4103 690 4175 lallat;
711 4102 758 4158 sed
781 4103 849 4159 absit
867 4109 896 4157 ut
911 4143 936 4220 n
951 4105 1052 4159 minem
1079 4102 1226 4158 subdolum
1254 4101 1436 4158 accusantium
1464 4101 1674 4170 multitudinem,
1703 4101 1752 4176 qui

100 4206 160 4256 vos,
178 4190 237 4246 lloe
264 4191 335 4247 enim
363 4207 417 4247 non
442 4192 494 4247 nisi
526 4191 553 4245 in
578 4193 723 4248 multorum
742 4191 894 4258 discrimen,
951 4197 1027 4248 extra
1042 4190 1154 4262 patriam
1167 4205 1230 4245 eum
1241 4188 1352 4245 minime
1368 4206 1423 4261 prae
1437 4189 1615 4264 inopiasequi
1630 4202 1750 4261 possent.

27 4293 35 4309 ι
102 4278 190 4347 idque,
216 4277 361 4333 maximum
376 4287 468 4348 posset
486 4278 618 4336 accidere.
640 4280 753 4349 Semper
775 4280 895 4351 quidem,
952 4280 1058 4337 Gratias
1071 4280 1177 4354 agimus
1193 4278 1304 4335 domino
1323 4279 1494 4345 Lexovionsi,
1509 4279 1556 4351 qui
1571 4279 1630 4336 zelo
1653 4281 1752 4337 domus

102 4366 173 4421 sicut
187 4364 278 4420 tallere
295 4366 404 4432 melum,
424 4367 460 4421 ita
484 4367 542 4423 lalli
561 4384 576 4423 a
592 4369 661 4424 malo
677 4376 717 4423 est
736 4368 897 4440 plerumque
952 4369 1061 4425 Domini
1074 4376 1226 4437 tectus,nec
1236 4367 1374 4439 marsupio
1384 4367 1511 4438 peporcit,
1519 4383 1569 4425 nec
1578 4369 1754 4440 corporibo

103 4464 131 4509 et
158 4454 265 4510 malum.
287 4453 341 4509 Sed
369 4455 482 4511 interest
513 4456 574 4525 quis
598 4466 625 4513 et
643 4457 670 4512 in
698 4470 753 4528 quo
782 4455 899 4512 fallatur.
953 4455 1755 4529 ausimfrater,ouistudiumestsemendelunctilblo).

139 4549 215 4623 (666)
240 4553 268 4605 ln
288 4550 404 4622 scriptis,
421 4556 530 4624 typum.
547 4553 580 4608 Et
599 4568 710 4623 prorsus
741 4554 777 4607 ita
795 4552 899 4608 scribe·
954 4554 1064 4626 negotio
1091 4568 1153 4608 eum
1178 4553 1315 4608 laborasse
1333 4568 1420 4609 annos
1443 4552 1503 4625 plus
1527 4553 1614 4608 minus
1633 4552 1754 4623 vigenti,

105 4623 169 4678 bant
180 4631 286 4679 veteres
300 4621 337 4676 illi
351 4637 411 4693 pro,
429 4623 522 4695 typho,
539 4621 564 4676 in
580 4634 622 4679 est
639 4624 776 4694 superbia.
955 4635 997 4682 est
1011 4624 1143 4693 suspicari
1165 4640 1198 4679 ex
1213 4624 1334 4692 ejusdem
1350 4624 1383 4679 ad
1406 4623 1588 4680 Alexandrum
1602 4623 1637 4677 lll
1653 4638 1755 4693 papam

139 4695 203 4758 (663
229 4693 334 4762 Scripta
346 4693 417 4750 circs
435 4710 534 4749 anorum
551 4697 630 4750 1116.
956 4713 971 4753 ι
991 4695 1072 4751 istola
1086 4711 1146 4766 quae
1162 4694 1215 4750 inci
1236 4694 1266 4758 it,
1285 4715 1296 4745 ι
1318 4694 1367 4750 Est
1389 4695 1510 4766 quidem,
1531 4696 1558 4750 in
1579 4708 1643 4766 quo,
1667 4704 1754 4750 xetc.

140 4766 204 4835 (blo
232 4770 337 4837 argute
350 4767 416 4820 scite
438 4780 469 4820 ue
484 4765 634 4836 antiquum,
650 4767 762 4834 jamque
777 4765 900 4835 antiqua·
981 4767 1024 4823 ide
1039 4774 1141 4822 tomum
1154 4711 1345 4821 dunifeeimum
1359 4765 1533 4823 Bibliothecae
1548 4767 1664 4822 Petrum.
1679 4766 1755 4821 llor-

105 4842 159 4890 tum
175 4837 225 4891 Dei
245 4782 491 4907 praeceptumffiquo
507 4843 680 4907 praeceperat,
698 4839 727 4890 nt
742 4836 896 4914 harricus·
957 4846 1018 4894 tuus
1037 4846 1077 4893 est
1091 4836 1162 4893 enim
1176 4836 1294 4893 loannes
1308 4834 1411 4892 arnulli
1428 4837 1512 4891 lrater
1525 4852 1596 4893 anno
1613 4837 1694 4907 1163,
1709 4837 1756 4893 cui

104 4921 159 4976 que
186 4906 278 4962 liberis
311 4906 451 4974 defuncto,
478 4906 561 4963 lruter
594 4915 734 4973 superstes
762 4912 903 4961 suscitaret
956 4909 1087 4964 successit
1102 4907 1233 4964 Girardus
1243 4909 1325 4976 hujus
1338 4906 1455 4964 nominis
1468 4908 1501 4973 11,
1514 4916 1592 4963 antea
1608 4910 1757 4964 cononicus

105 4980 208 5045 mmen)
231 4977 343 5034 hrnnllo
358 4977 535 5033 Lexoviorum
551 4976 671 5046 pontifici
687 4977 899 5031 accommodat:
957 4979 1103 5045 saecularis,
1120 4995 1211 5049 quem,
1232 4987 1264 5035 ut
1281 4978 1346 5034 dicit
1370 4978 1500 5033 Arnullus
1525 4979 1605 5034 citata
1628 4977 1753 5049 epistola,

144 5045 195 5102 ts,
213 5050 358 5120 Augustini
372 5048 539 5119 disciplinam
557 5048 688 5103 aloanue
707 5062 838 5119 germano
853 5062 902 5102 suo
957 5052 1077 5106 Romane
1097 5050 1216 5107 Ecclesia
1237 5049 1389 5121 episcopari
1419 5065 1471 5106 non
1498 5049 1640 5117 permisit,
1668 5049 1758 5106 donec

125 5119 246 5191 sgiovrtm
273 5119 391 5174 antistite
420 5119 543 5174 traditam
567 5118 743 5174 secularibus
767 5117 903 5172 canonicis
957 5122 1083 5177 eumdum
1112 5121 1240 5178 Ordinem
1269 5121 1294 5174 in
1330 5121 1438 5191 propria
1469 5135 1584 5190 persona
1613 5120 1755 5192 protessus

106 5189 174 5259 suis,
189 5199 244 5243 eta
263 5205 421 5245 successore
440 5189 770 5262 graxiterlnbelactatam,
787 5187 902 5243 sicsus·
957 5198 1007 5248 est.
1037 5191 1145 5259 Verum,
1174 5202 1203 5248 ut
1235 5192 1332 5248 ibidem
1366 5192 1498 5257 subditur,
1531 5192 1677 5262 episcopus
1705 5191 1759 5247 iste

107 5259 228 5325 tenuvit,
249 5268 303 5314 tum
332 5261 439 5333 scriptis
455 5263 486 5314 ad
511 5277 630 5317 sonamus
656 5259 799 5315 Pontifices
823 5257 900 5327 datis,
958 5262 1144 5319 detestabilem
1187 5263 1344 5335 concepisse
1383 5261 1579 5336 predicabatur
1618 5261 1758 5327 allectum,

109 5339 165 5382 tum
181 5329 307 5398 peculiarl
323 5332 422 5398 studio,
443 5341 472 5386 ut
496 5333 626 5403 praeclare
645 5333 716 5387 dicut
736 5333 778 5386 hie
793 5332 821 5386 S.
840 5331 903 5384 ller-
959 5334 1059 5390 scilicet
1078 5336 1269 5405 plantationem
1286 5336 1354 5391 hanc
1377 5334 1485 5405 penitus
1503 5332 1645 5397 evellendi,
1661 5349 1760 5403 nempe

110 5399 220 5464 nardus,
244 5416 306 5455 cum
327 5399 415 5457 lratris
434 5406 581 5459 suscitasse
605 5419 706 5466 semen,
725 5402 798 5467 quod
817 5401 904 5457 aliena
957 5407 1105 5463 canonicos
1119 5408 1266 5479 regulares.
1281 5406 1339 5474 Qua
1360 5407 1396 5462 de
1416 5420 1499 5478 causa
1521 5406 1598 5464 hica
1617 5406 1760 5461 Bernardo

111 5468 247 5527 temeritas
265 5471 424 5544 licentiaque
446 5473 529 5528 terme
555 5472 730 5531 suffocarent.
745 5473 857 5544 Hocque
876 5471 904 5527 in
958 5476 1128 5551 suggillatur.
