3728 5940
73 179 127 241 369

800 186 977 251 aramum

72 307 106 363 in
119 306 205 376 uobis,
220 307 403 383 quodeauscs
417 311 522 373 habeis
536 313 680 373 interme
700 315 789 386 Quare
807 332 865 375 non
882 329 906 410 Α
921 315 1000 385 Quod
1020 318 1043 376 si
1066 320 1203 380 modicum
1226 327 1278 391 est,
1299 324 1326 377 et
1343 317 1371 375 id
1393 317 1492 376 tribue.
1507 316 1613 376 Etenim
1625 316 1716 390 quiin

70 399 162 469 magis
175 398 306 469 fraudem
318 402 480 473 petimini?
499 405 526 472 (l
538 407 598 462 Cor.
614 419 654 474 vr,
673 404 714 476 7.)
732 404 866 478 Opposuit
920 406 1027 464 modico
1050 407 1139 466 tidelis
1161 424 1215 465 non
1235 415 1285 476 est,
1302 423 1351 463 nec
1369 406 1397 462 in
1409 405 1537 467 maximo.
1553 407 1653 463 'lotum
1667 407 1712 475 da,

70 485 225 557 speculum,
236 484 340 543 refulsit
349 490 458 558 justitia
473 491 523 557 sol,
534 491 643 549 emicuit
654 490 762 558 veritas,
773 508 867 549 naerus

69 573 208 645 apparuit.
234 571 332 642 Quanti
353 586 392 632 est
415 577 498 649 igitur
516 580 608 649 nescio
622 597 682 651 quae
694 581 739 637 illa
754 598 865 653 posses-

69 663 193 718 siunoula
207 664 359 730 maledicta,
376 672 407 720 ut
420 668 529 724 ulterius
542 670 597 738 jann
612 669 698 742 possit
711 678 757 726 aut
772 672 867 725 obum-

68 751 151 808 brare
165 759 219 805 tarn
241 752 408 808 manifestam
429 756 579 822 veritatem,
603 768 649 814 aut
667 758 797 830 impedire
812 767 865 814 tam

69 846 188 910 optatam
202 841 423 911 eorreptionem?
438 845 555 915 Inspiret
569 848 643 903 Deus
656 849 733 904 vobis
745 849 866 921 acquies-

68 943 131 984 cere
145 928 268 995 consilio,
286 938 315 986 ut
329 946 383 985 non
397 932 484 989 dicam
503 946 604 1002 nostro,
619 936 668 992 sed
683 939 803 994 omnium
818 939 864 1010 qni

67 1015 230 1071 aemulantur
248 1031 296 1072 eos
311 1018 361 1072 Dei
375 1021 556 1088 aemulatione,
573 1026 720 1081 reverende
741 1032 769 1082 et
790 1026 864 1083 ornni

921 497 984 567 quia
1008 504 1093 554 toturn
1121 497 1283 569 repetendus
1311 511 1340 552 es
1366 511 1453 566 usque
1479 494 1514 549 ad
1536 492 1715 551 novissimum

920 587 1119 654 quadrantem:
1136 584 1183 641 sed
1209 600 1273 640 sane
1296 585 1368 657 qnod
1392 585 1484 650 habes,
1504 597 1559 638 non
1573 581 1645 654 quod
1658 597 1713 640 non

920 673 1012 728 habes.

955 763 981 814 3.
998 759 1130 817 Memento
1149 759 1227 816 etiam
1251 759 1312 815 roci
1331 768 1384 814 tuae
1407 759 1471 814 dare
1485 773 1580 815 vocem
1594 756 1712 816 virtutis.

919 846 989 916 Quid
1009 848 1087 919 illud,
1102 848 1217 918 inquiet
1230 849 1263 904 Ut
1278 862 1361 917 opera
1378 853 1425 902 tua
1448 846 1538 901 verbis
1560 846 1712 913 concinant,

919 938 973 992 imo
992 939 1077 992 verba
1088 937 1228 1009 operibus
1245 945 1274 991 ιιι
1288 951 1367 991 cures
1383 932 1509 990 videlicet
1527 933 1601 1005 prius
1623 933 1712 991 iacere

918 1041 998 1097 quam
1012 1024 1120 1082 docere.
1135 1025 1335 1081 Pulcherrimus
1348 1024 1414 1079 ordo
1424 1030 1499 1078 estet
1508 1022 1711 1095 saluberrimus,

1662 188 1738 252 eto·
1792 242 1801 263 ,

67 1104 156 1176 gloria
171 1106 360 1177 prosequende
376 1117 460 1178 pater.
919 1121 947 1169 nt
971 1129 1040 1170 onus
1060 1114 1133 1185 quod
1147 1112 1309 1185 portandum
1324 1111 1453 1183 imponis,
1470 1117 1499 1165 tu
1512 1119 1603 1178 portes
1618 1108 1711 1181 prior,

344 1196 512 1254 EPlSTOLA
526 1199 590 1256 ccl.
918 1208 1001 1256 etex
1025 1210 1051 1256 te
1074 1201 1163 1258 discas
1187 1201 1301 1272 qualiter
1329 1206 1451 1271 oporteat
1482 1196 1542 1252 aliis
1564 1196 1710 1254 moderari.

65 1295 104 1334 nn
127 1295 286 1338 nmnmnurt
307 1297 437 1341 sanarent
460 1302 576 1343 nsxrrru
593 1303 761 1346 sonassnnn
777 1292 862 1365 (525).
917 1289 1041 1362 Alioquin
1064 1290 1238 1345 subsannabit
1255 1298 1282 1344 te
1302 1288 1420 1360 sapiens,
1442 1293 1534 1357 utpote
1549 1284 1656 1358 pigrum
1674 1283 1711 1339 il-

66 1371 207 1426 Hortutur
221 1375 253 1426 ut
268 1376 384 1429 strenue
397 1375 862 1446 incumbutosficiosuorltucuero
916 1378 982 1444 lum,
1007 1378 1050 1434 cui
1075 1379 1150 1435 labor
1173 1380 1208 1434 sit
1227 1392 1339 1432 manum
1361 1375 1500 1448 porrigere
1523 1373 1556 1428 ad
1571 1387 1603 1427 os
1617 1372 1709 1441 (Pron.

102 1458 224 1529 requirit
234 1459 350 1516 verbum
360 1462 579 1532 paredicationis,
587 1466 749 1540 exemptum
759 1470 859 1542 operis,
915 1482 998 1539 xxva,
1010 1470 1056 1539 lli)
1068 1485 1075 1523 ι
1087 1475 1181 1539 arguet
1191 1473 1248 1522 teet
1255 1465 1400 1537 Apostolus
1409 1464 1519 1519 dicens:
1534 1464 1572 1519 lu
1582 1461 1631 1535 qui
1639 1461 1709 1519 ulios

102 1548 132 1600 ct
144 1548 289 1619 praecipue
301 1549 432 1604 studium
446 1552 593 1609 credonis.
914 1556 1002 1622 doces,
1014 1557 1134 1627 teipsum
1144 1572 1202 1613 uon
1210 1554 1289 1611 doces
1299 1552 1487 1625 (Romanii).
1495 1548 1550 1605 Sed
1559 1557 1587 1604 et
1597 1547 1710 1606 notabe-

102 1635 128 1689 l.
148 1632 270 1704 Epistola
293 1651 372 1705 quam
391 1637 497 1706 misisti,
512 1638 640 1697 aiiectum
657 1648 731 1697 tuum
746 1643 858 1716 redolet,
875 1656 896 1734 g
912 1643 949 1700 ris
972 1642 1037 1699 nitio
1062 1641 1268 1708 Pharisaeorum,
1283 1641 1331 1713 qui
1351 1639 1462 1713 alligant
1474 1652 1557 1694 onera
1574 1635 1667 1707 grania
1681 1643 1709 1691 et

63 1728 157 1788 movet
175 1736 275 1779 meum.
302 1723 337 1778 Et
360 1724 438 1781 doleo
462 1728 534 1797 quod
559 1737 640 1800 prout
668 1745 782 1789 moveor
805 1749 859 1791 non
913 1728 1101 1801 importabilia,
1119 1737 1146 1785 et
1160 1729 1346 1799 imponantes
1364 1725 1390 1780 in
1415 1726 1541 1780 humeros
1555 1722 1706 1796 hominum,

64 1823 178 1879 possum
197 1810 355 1869 rescribere.
370 1814 426 1870 Nec
441 1814 571 1872 immoror
585 1818 613 1872 in
626 1819 794 1877 excusandis
807 1837 857 1878 ex·
913 1818 998 1892 digito
1021 1828 1110 1874 autern
1134 1831 1183 1873 suo
1207 1815 1301 1872 nolunt
1319 1830 1352 1871 en
1370 1828 1478 1869 movere
1493 1811 1601 1881 (natta.
1619 1825 1707 1878 xxnr,

64 1896 260 1966 cusationibus,
275 1900 364 1958 sciens
385 1904 458 1974 qnod
483 1905 577 1963 scienti
591 1922 634 1962 me
646 1907 753 1978 loquor.
768 1911 856 1982 Nosti,
913 1910 951 1980 t).
975 1909 1069 1964 Sermo
1087 1906 1198 1979 quidem
1220 1905 1299 1963 vivus
1317 1913 1344 1958 et
1368 1902 1475 1967 efficax,
1490 1897 1643 1969 exemplum
1665 1907 1708 1954 est

62 1983 183 2054 inquam,
199 1987 251 2043 sub
268 2005 321 2059 qua
344 1991 448 2047 sarcina
466 2008 546 2066 gemo
562 2004 610 2050 :et
625 1997 740 2069 gemitus
752 2014 859 2056 meusa
913 1995 1012 2069 operis,
1039 1995 1114 2052 lacile
1137 1993 1238 2050 iaciens
1260 1991 1392 2048 suadibile
1416 1987 1490 2061 quod
1515 1987 1624 2054 dicitur,
1639 1986 1704 2041 dnm

62 2080 90 2127 te
105 2087 160 2129 non
174 2082 217 2130 est
230 2076 460 2136 absconditus.Tu
478 2096 541 2137 vero
556 2097 604 2152 pro
617 2082 753 2140 schedulae
766 2087 856 2142 breri-
910 2090 1045 2142 monstrat
1058 2082 1177 2139 iactibile
1189 2082 1260 2154 quod
1272 2080 1409 2139 suadetur.
1421 2079 1494 2154 Ergo
1506 2075 1536 2130 in
1547 2075 1590 2132 bis
1600 2074 1707 2132 duobus

62 2168 117 2216 tate
139 2160 265 2220 ellectum
280 2180 335 2220 non
350 2167 476 2234 aestimes,
496 2186 574 2240 quem
595 2171 668 2226 nulla
683 2172 723 2227 sui
742 2176 857 2245 prolixi·
910 2173 1053 2243 mandatis,
1070 2172 1145 2227 verbi
1169 2170 1270 2227 scilieet
1282 2176 1363 2240 aque
1377 2165 1505 2239 exempli,
1521 2179 1653 2220 summare
1668 2161 1706 2218 tui

62 2256 115 2303 tate
130 2250 262 2320 explicare
275 2263 367 2323 posset
381 2256 478 2311 oratio.
492 2257 528 2312 Et
541 2258 639 2315 malitia
654 2260 761 2332 quidem
777 2278 856 2320 occu·
910 2260 993 2319 oflicii
1012 2262 1046 2317 ad
1065 2259 1238 2317 conscientiae
1257 2257 1424 2315 securitatem
1438 2255 1559 2328 pendere
1574 2251 1704 2325 intellige.

61 2336 199 2406 petionem
215 2348 303 2411 potest
317 2342 403 2399 lacere
422 2352 451 2401 nt
472 2347 565 2416 paucis
587 2348 713 2416 scribam,
730 2351 777 2406 sed
801 2369 855 2409 non
909 2352 950 2407 Tu
963 2358 1064 2422 tamen,
1079 2351 1102 2405 si
1115 2349 1197 2418 sapis,
1211 2349 1312 2423 junges
1327 2352 1354 2402 et
1368 2343 1484 2408 tertium,
1500 2341 1618 2398 studium
1632 2341 1706 2400 ride-
1729 2350 1734 2356 '

60 2433 90 2479 ut
103 2442 198 2496 parurn
213 2429 333 2502 diligam.
350 2433 446 2488 Actum
460 2450 526 2491 sane
548 2436 682 2505 excludat,
705 2439 747 2494 vel
766 2440 854 2512 impe-
908 2441 969 2497 licet
984 2437 1124 2508 orationis,
1148 2435 1183 2491 ad
1206 2434 1436 2505 complementum
1460 2431 1553 2503 utique
1576 2427 1654 2484 trinae
1667 2427 1704 2483 il-

59 2512 115 2570 diat
141 2523 217 2572 actus
239 2534 247 2572 :
273 2519 322 2574 sed
345 2523 474 2593 numquid
502 2523 654 2583 ellectum?
677 2526 753 2583 Sicut
771 2537 856 2586 mater
908 2529 960 2584 lius
985 2524 1152 2598 repetitionis
1175 2524 1204 2579 in
1226 2522 1374 2594 Evangelio
1395 2520 1430 2575 de
1451 2517 1595 2592 pascendis
1608 2516 1704 2573 ovibus

59 2603 174 2660 unicum
197 2616 268 2664 amat
295 2608 388 2677 tilium,
412 2610 448 2665 ita
475 2620 501 2667 te
519 2611 678 2686 diligebam,
707 2616 854 2673 herentem
908 2618 999 2688 (loun.
1022 2630 1083 2679 xxx,
1106 2607 1553 2684 ta-tt).1nnocnoverisitnas
1577 2604 1704 2661 trinitatis

58 2689 138 2746 lateri
154 2708 223 2762 meo,
240 2695 392 2766 placentem
410 2699 485 2755 cordi
500 2715 572 2756 meo.
589 2701 855 2773 Diligametabsen-
909 2714 1106 2762 sacramentum
1129 2702 1155 2758 in
1179 2701 1255 2756 nullo
1276 2699 1434 2756 frustratum
1454 2713 1471 2752 a
1495 2704 1532 2763 te,
1557 2696 1580 2750 si
1608 2709 1703 2767 pascas

59 2789 123 2851 teni,
149 2796 184 2836 ne
207 2784 331 2840 solatium
357 2801 446 2841 meum
464 2803 496 2842 ex
519 2797 554 2859 te,
579 2796 606 2844 et
632 2805 685 2846 non
712 2796 738 2846 te
764 2792 855 2850 videar
906 2795 1002 2859 verbo,
1018 2806 1116 2865 pascas
1139 2789 1273 2860 exemplo,
1291 2802 1385 2858 pascas
1403 2795 1431 2842 et
1444 2793 1598 2842 sanctarum
1611 2781 1703 2838 fructu

58 2867 198 2925 dilexisse.
223 2871 290 2927 Eras
317 2875 549 2941 perneccessarius
572 2876 648 2932 rnihi.
677 2879 766 2950 Atque
791 2881 854 2937 hinc
908 2881 1071 2940 orationum.
1086 2880 1197 2935 blanent
1211 2877 1301 2948 itaque
1315 2875 1366 2931 tria
1378 2875 1456 2929 haec:
1472 2873 1596 2941 verbum,
1610 2885 1702 2928 exem-

58 2957 101 3013 vel
125 2959 241 3016 maxime
266 2961 348 3017 claret
371 2979 449 3033 quam
472 2964 574 3022 sincere
593 2972 619 3023 te
633 2966 754 3041 diligam.
769 2969 854 3027 llodie
869 2981 891 3060 g
905 2971 991 3044 plum,
1007 2968 1111 3024 oratio:
1128 2968 1215 3036 major
1229 2976 1318 3020 autem
1333 2963 1374 3018 his
1388 2970 1430 3018 est
1444 2960 1541 3018 oratio.
1557 2959 1700 3029 Nemeaei,

57 3063 156 3119 nempe
177 3064 233 3104 non
257 3060 283 3106 te
305 3053 464 3120 caruissem,
480 3053 501 3108 si
526 3055 686 3126 quaesissem
708 3072 769 3129 qnae
791 3075 853 3116 mea
907 3067 936 3116 nt
950 3059 1050 3114 dictum
1065 3063 1116 3126 est,
1131 3053 1206 3113 nocis
1224 3054 1310 3109 virtus
1323 3052 1358 3106 sit
1371 3066 1461 3123 opus,
1476 3057 1503 3104 et
1516 3047 1594 3118 operi
1609 3055 1702 3103 tannen

56 3145 131 3193 sunt.
153 3139 233 3196 Nunc
255 3148 344 3196 autem
369 3141 442 3197 vides
465 3143 550 3214 quod,
574 3144 673 3216 spretis
694 3145 853 3203 utilitatibus
905 3155 932 3204 et
954 3144 1015 3202 voci
1039 3143 1154 3219 gratiam
1176 3139 1380 3210 efficaciamque
1408 3143 1577 3210 promeretur
1603 3134 1699 3193 oratio.

57 3223 136 3295 meis,
153 3227 205 3283 tuis
219 3229 385 3301 compendiis
399 3245 452 3286 non
471 3230 564 3299 invidi,
580 3247 684 3303 ponens
708 3242 735 3290 te
757 3237 851 3308 utique
904 3239 964 3293 Heu
987 3233 1096 3300 avellor,
1121 3229 1256 3302 abripiorl
1282 3244 1337 3285 non
1355 3228 1417 3284 licet
1431 3228 1509 3283 ultra.
1526 3223 1596 3282 lllud
1611 3234 1700 3280 amen
1803 3250 1806 3255 ·

55 3313 107 3381 ibi,
123 3316 194 3371 unde
216 3317 362 3390 aliquando
381 3321 566 3391 transponaris
580 3338 662 3394 super
674 3323 767 3381 omnia
779 3325 851 3381 bona
904 3323 1022 3383 breviter
1036 3320 1192 3378 admonitus
1205 3318 1253 3385 sis,
1264 3325 1303 3385 ut,
1313 3332 1393 3390 quam
1407 3314 1487 3372 citius
1500 3312 1612 3386 poteris,
1623 3311 1700 3384 gravi

55 3399 164 3457 ⁰0¹1¹ifli
179 3403 225 3460 lui·
904 3429 948 3469 me
968 3426 1047 3469 cures
1072 3410 1180 3466 solvere
1199 3422 1281 3476 cura;
1296 3403 1402 3477 etquid
1416 3403 1468 3459 sibi
1482 3402 1551 3474 vult,
1566 3400 1638 3472 quod
1653 3399 1698 3454 in-

92 3492 119 3544 a.
136 3491 177 3546 Tu
188 3500 276 3549 autem
287 3508 352 3550 cura
363 3494 848 3572 inveniritidelissernusotprndens‚
905 3511 946 3558 ter
965 3501 1018 3558 alia
1042 3505 1154 3573 questus
1172 3513 1212 3568 es,
1232 3495 1333 3552 vulnus
1356 3509 1372 3549 a
1390 3507 1444 3566 quo
1459 3507 1513 3548 non
1529 3490 1657 3562 sperabas
1671 3494 1698 3544 te

54 3581 194 3635 conservis
209 3581 261 3636 tuis
275 3583 384 3638 coeleste
400 3582 517 3639 triticum
532 3587 732 3645 communicare
746 3590 849 3661 absque
903 3591 1056 3663 pertulisse,
1066 3604 1121 3646 non
1134 3585 1258 3658 negligas
1273 3581 1441 3639 manifestius
1454 3581 1579 3654 aperire:
1590 3578 1618 3634 id
1627 3576 1698 3634 enim

52 3666 164 3733 invidia,
181 3675 208 3721 et
231 3670 332 3738 absque
353 3669 456 3723 desidia
476 3685 607 3742 erogare3
624 3684 651 3728 et
673 3675 728 3728 noli
751 3674 851 3734 irustra
903 3679 981 3736 anxie
995 3693 1039 3734 me
1053 3677 1192 3734 sollicitat.

52 3771 195 3811 assumere
216 3755 424 3819 exornationem,
439 3757 515 3827 quasi
538 3757 572 3813 de
596 3760 635 3815 tui
662 3761 781 3818 novitate
804 3775 850 3822 aut

52 3845 88 3899 da
114 3842 256 3913 imperitia,
278 3843 349 3916 quod
372 3854 450 3913 putas
473 3844 553 3915 iorte,
575 3848 615 3904 vel
638 3848 757 3907 simulas.
782 3853 849 3908 Nam

53 3948 105 3987 nec
120 3931 220 3986 sterilis
233 3933 395 3988 verecundia
409 3940 487 4006 grata
501 3943 551 3999 est,
563 3950 613 3990 nec
626 3935 765 3993 humilitas
778 3956 850 4011 prae-

53 4028 95 4077 ter
110 4019 247 4075 veritatem
263 4020 413 4077 laudabilis.
424 4020 549 4077 Officium
563 4038 629 4095 ergo
644 4033 717 4079 tuum
728 4028 847 4085 attende.

53 4107 127 4164 Pelle
137 4109 269 4180 pudorem
280 4109 493 4165 consideratione
506 4108 599 4180 oiiioii,
611 4120 699 4185 agent
709 4115 849 4187 magister.

51 4199 144 4255 Novus
167 4214 207 4264 es,
224 4199 271 4254 sed
289 4198 395 4254 debitor
414 4215 420 4252 :
439 4206 465 4253 et
478 4215 510 4255 ex
526 4211 589 4256 tuno
604 4207 630 4257 te
644 4203 753 4259 noveris
767 4204 849 4261 debi-

53 4297 151 4354 torem,
167 4302 200 4341 ex
223 4302 277 4358 quo
301 4297 326 4342 te
349 4287 474 4363 alligasti.
494 4290 631 4363 Numquid
647 4291 754 4348 novitas
769 4309 851 4350 excu-

53 4374 122 4431 sabit
147 4377 215 4447 apud
237 4377 398 4433 creditorem
421 4381 471 4447 [ol.
497 4379 672 4453 conditorem]
693 4381 790 4436 flamna
805 4385 850 4439 lu-

52 4465 183 4519 crorum?
204 4465 340 4536 Numquid
365 4467 451 4536 prima
473 4473 599 4538 tempora
612 4484 697 4525 sacua
712 4471 850 4540 praetarire

53 4554 152 4624 patitur
174 4554 331 4610 feneratori
345 4555 398 4613 Sed
422 4571 477 4612 non
501 4564 572 4624 suin,
597 4557 713 4631 inquies,
737 4560 771 4614 ad
800 4560 850 4617 ista

54 4640 203 4698 sufficiens.
218 4641 302 4711 Quasi
317 4659 381 4699 vero
396 4643 504 4700 devotio
519 4652 565 4701 tua
579 4655 691 4717 accepta
705 4661 759 4703 non
773 4648 850 4703 silex

54 4745 88 4785 eo
107 4733 179 4803 quod
194 4733 288 4794 habes,
305 4747 360 4787 non
375 4748 453 4788 exeo
468 4733 542 4805 quod
555 4747 610 4788 non
626 4735 719 4790 habes.
735 4736 777 4792 De
791 4738 850 4795 solo

53 4818 103 4874 tibi
118 4820 220 4876 credito
236 4821 334 4877 talento
349 4822 515 4892 respondere
530 4820 578 4878 tibi
588 4836 664 4895 para,
678 4821 851 4881 lilsssecu-

50 4924 100 4965 rus
126 4910 159 4965 de
180 4909 295 4982 rehquo.
319 4910 348 4966 Si
375 4911 488 4967 maltum
507 4911 644 4983 accepisti,
665 4912 699 4967 da
726 4913 848 4970 multum.

50 5021 852 5173 lliliililllethalitatastat{ialal

49 5165 124 5219 enim
148 5164 293 5218 cardinalis
318 5172 373 5219 turn
397 5171 465 5233 erat,
484 5181 545 5220 cum
564 5166 712 5221 balduinus
728 5166 851 5224 alterne-

51 5235 134 5309 gebat
168 5233 313 5290 Reatinum
343 5235 535 5290 monasterinm
564 5236 750 5305 cisterciense,
779 5238 852 5307 quod

51 5308 153 5377 duplex
170 5316 221 5374 est,
237 5303 349 5360 alterum
370 5304 607 5372 Sancti-llatthaei,
623 5309 736 5364 alterum
751 5308 855 5364 Sancti-

51 5377 186 5442 Pastoris,
207 5376 249 5434 cni
265 5376 407 5437 trraulectns
421 5375 574 5434 Balduinus.
590 5377 660 5450 Lege
678 5378 787 5451 Ugbelli
801 5378 853 5433 ad-

54 5448 173 5505 ditiones
197 5450 230 5503 ad
256 5447 413 5504 ciaconium
439 5447 490 5503 sub
514 5448 669 5505 innocentio
683 5450 714 5516 ll,
731 5457 759 5506 et
771 5448 853 5506 aliam

56 5519 201 5591 epistolam
223 5519 255 5576 ad
280 5519 423 5577 lteatinum
448 5518 571 5578 abbatem
588 5527 651 5592 post
664 5520 852 5580 bernardinas.

1127 3804 1292 3862 sersrota
1310 3801 1376 3858 cert
1391 3801 1476 3873 (ano).

1114 3909 1151 3949 Ab
1165 3907 1276 3949 GOERUH
1290 3904 1484 3949 SBNONENSEH.

902 4012 1076 4070 Electiouem
1090 4010 1155 4064 uoci
1170 4008 1304 4064 Proesulis
1318 4020 1376 4060 non
1391 4003 1551 4060 irecensulte
1561 4005 1590 4060 et
1600 4003 1698 4075 pruci-

1116 4096 1247 4170 pitonter
1261 4091 1483 4151 instituendum.

940 4196 1065 4255 Destituti
1079 4193 1218 4251 benedicto
1234 4200 1341 4263 pastore
1355 4197 1444 4245 restro
1459 4186 1545 4260 (527),
1560 4200 1630 4259 opus
1645 4193 1697 4253 est,
1769 4241 1772 4249 ,

905 4284 1068 4357 charissimi,
1077 4293 1106 4340 nt
1119 4282 1154 4336 de
1168 4279 1355 4339 substituendo
1368 4277 1421 4333 alio
1432 4275 1548 4333 sollicite
1558 4275 1698 4348 satagatis.

904 4378 957 4433 Sed
972 4390 1036 4431 sane
1051 4374 1077 4429 id
1093 4387 1147 4428 non
1163 4369 1361 4443 praecipitanter
1374 4363 1699 4438 agendum,nontumal·

905 4473 983 4522 tuose
1006 4470 1053 4520 aut
1071 4459 1232 4530 inconsulte,
1249 4474 1283 4514 ne
1302 4455 1370 4514 torte
1392 4461 1519 4513 vacuetur
1533 4452 1606 4525 quod
1625 4468 1699 4523 prae-

905 4553 1092 4611 tertationem
1107 4559 1134 4607 et
1148 4548 1271 4606 ordinem
1291 4553 1468 4618 praesumetur
1483 4549 1511 4598 et
1534 4557 1584 4602 voe
1598 4542 1699 4598 intrare

905 4641 1039 4714 incipiatis
1067 4637 1209 4696 circuitum
1240 4634 1419 4708 quorumdam
1447 4631 1496 4705 qui
1528 4632 1555 4687 in
1584 4628 1699 4687 circuitu

903 4739 992 4792 vestro
1017 4735 1089 4785 sunt.
1108 4730 1148 4784 lle
1169 4725 1273 4797 ricinis,
1299 4725 1320 4780 si
1344 4723 1443 4796 placet,
1458 4719 1587 4779 Ecclesiis
1600 4719 1698 4774 sumite

905 4816 1117 4890 experimentum
1134 4814 1227 4888 (528);
1243 4821 1269 4871 et
1289 4813 1396 4868 illarum
1415 4809 1521 4870 vexatio
1534 4809 1580 4864 det
1592 4805 1698 4863 intelle·

905 4915 979 4966 ctum
993 4905 1095 4964 auditui
1110 4904 1138 4958 in
1152 4917 1233 4960 causa
1250 4900 1387 4973 praesenti.
1407 4897 1525 4955 Grandis
1541 4895 1643 4969 quippe
1656 4908 1699 4952 res

951 5023 1015 5092 526)
1030 5019 1137 5091 Scripta
1151 5033 1220 5074 anno
1235 5015 1335 5073 Christi
1351 5018 1430 5072 llll.
1484 5083 1490 5095 ι

953 5096 1016 5165 527)
1038 5091 1154 5147 Henrico
1177 5088 1289 5155 scilicet,
1312 5087 1354 5143 cui
1374 5092 1503 5143 successit
1530 5098 1601 5140 anno
1629 5082 1700 5138 llll

906 5166 985 5236 Ilugo
1014 5180 1047 5218 ex
1071 5161 1165 5216 abbate
1192 5157 1400 5225 Pontiniaoensi,
1430 5163 1546 5212 testante
1567 5155 1700 5236 Chronieq

904 5234 1028 5306 lingonis
1048 5231 1174 5288 monachi
1195 5227 1427 5298 sanan-narrari,
1449 5233 1478 5287 et
1499 5227 1551 5284 alio
1575 5226 1605 5283 S.
1628 5224 1701 5282 Petri

906 5306 978 5365 viri.
995 5302 1096 5361 Conier
1108 5303 1186 5371 epist.
1204 5304 1264 5356 lia.

940 5373 1159 5449 (528)1nteltign
1181 5371 1315 5427 Ecclesiae
1336 5369 1569 5437 aurelianensem,
1593 5369 1628 5424 de
1645 5382 1700 5452 qna

906 5449 985 5521 epist.
1003 5447 1071 5512 1563
1089 5443 1318 5516 Catalamensem,
1342 5458 1375 5499 ex
1393 5441 1472 5512 epist.
1491 5443 1561 5514 aith
1586 5449 1614 5499 et
1635 5439 1698 5496 Ltu-

906 5533 1066 5595 goneneem,
1082 5515 1116 5576 de
1133 5529 1189 5588 quo
1202 5529 1283 5587 supra
1296 5513 1376 5589 epist.
1392 5515 1445 5572 ret
1457 5529 1518 5586 sqq.
