3728 5940
10 104 21 203 ρ·
44 111 117 175 rael

801 112 979 175 RPiS'ldhAE.

1665 119 1720 180 all

10 208 16 293 i
44 238 179 307 ¹avolante
206 237 445 299 onnueeudera
468 241 503 299 ab
529 240 632 298 insanin
652 241 865 309 monachorum,
881 261 904 340 fl
920 240 1043 313 nunquid
1063 247 1152 298 tamen
1167 256 1236 312 quos
1250 240 1351 315 passim
1365 249 1473 300 accusat
1497 240 1576 313 lama,
1600 252 1717 317 aposto·

10 318 13 361 :
60 326 172 400 qnippe
184 327 345 399 apostolicis
359 329 600 387 sustentationibus
618 329 734 402 amplius
756 327 867 385 conior-
921 330 980 386 lice
998 329 1077 386 Sedis
1090 339 1181 389 essent
1202 331 1380 388 familiaritate
1395 331 1510 404 speciali
1528 320 1718 403 donand1,ve¹

10 2162 13 2295 l

67 423 133 483 tale,
146 415 227 488 quasi
241 416 371 472 nonsatis
386 433 436 489 per
449 434 479 474 se
492 419 655 475 insanirent.
669 417 868 492 Quidquam,

66 521 148 562 novae
165 505 281 562 rationis
294 506 403 561 tandem
419 506 558 562 inuentum
574 516 625 573 est,
640 517 670 563 ut
692 507 764 579 qnod
786 507 869 563 semel

67 594 149 650 bonae
163 593 244 649 lamae
258 604 286 649 et
299 594 362 650 vitae
376 596 513 651 canonicis
536 605 624 652 vestra
646 596 734 651 iuerat
756 595 869 666 provida

66 692 94 739 et
127 682 281 740 necessaria
309 683 511 755 dispensatione
543 700 720 757 concessum,
748 685 868 742 secundo

65 770 272 838 confirmatum,
292 771 382 837 lertio,
409 779 439 826 nt
461 772 545 837 aiunt,
569 775 735 838 roboratum,
760 790 868 829 rursum

42 886 47 893 ·
67 859 163 916 venial
178 860 204 914 in
220 860 274 929 jus,
294 867 437 916 reuocetur
451 860 478 915 in
493 861 713 917 discussionem?
735 861 867 934 siquidem

67 957 95 1003 et
118 946 177 1004 duo
198 947 242 1002 illa
265 963 348 1018 supra
370 961 529 1021 memorata,
553 966 602 1021 per
621 965 672 1005 vos
694 950 868 1006 nihilominus

49 1036 183 1104 sancita,
200 1051 249 1108 per
264 1052 312 1093 vos
335 1042 361 1090 et
384 1038 514 1092 convulsa
532 1037 667 1103 dicuntur.
681 1038 792 1093 Talibus
815 1040 867 1092 ho-

47 1123 117 1180 Ιειίε
132 1138 189 1181 non
210 1132 376 1195 promeretur
390 1127 480 1192 Deus;
501 1127 569 1182 henl
596 1141 650 1182 non
674 1129 795 1198 placatur
817 1126 866 1195 ira,

65 1229 122 1269 non
137 1211 299 1270 conciliatur
313 1211 409 1285 gratia,
424 1229 478 1269 non
494 1218 655 1284 provocatur
673 1215 863 1271 misericordia.

66 1303 121 1358 Pro
140 1301 187 1358 his
201 1309 284 1372 atque
298 1300 430 1357 similibus
443 1302 561 1360 necdum
584 1303 712 1361 avertitur
727 1302 801 1360 furor
812 1305 867 1358 Do·

65 1390 152 1459 mini3
173 1390 221 1448 sod
235 1391 325 1447 adbuc
340 1390 479 1447 brachium
503 1393 562 1462 ejus
577 1400 723 1460 extentum,
738 1401 765 1448 et
788 1392 866 1465 uirga

65 1479 112 1537 ills
125 1480 202 1551 apud
216 1478 361 1536 ieremiam
376 1480 492 1552 vigilans
506 1497 589 1554 snper
602 1492 712 1551 peccata
726 1491 829 1537 nostra.

72 1674 74 1679 ,
101 1623 130 1676 3.
147 1620 184 1677 Et
209 1619 317 1693 quidem
342 1621 424 1676 iratus
447 1628 489 1677 est
508 1621 581 1677 Deus
604 1621 781 1678 schismaticis
797 1622 865 1677 :sed

66 1709 209 1767 catholicis
229 1724 399 1781 nequaquam
433 1711 577 1783 propitius.
607 1710 731 1768 Ecclesia
753 1726 860 1783 quoquc

65 1799 197 1855 nolensis
209 1799 284 1871 gravi
299 1797 382 1869 (quod
395 1799 473 1855 uobis
488 1801 539 1870 (ul.
554 1798 644 1869 nobis)
654 1799 724 1855 hene
734 1813 860 1870 comper·

66 1896 123 1944 turn
149 1887 204 1958 cul)
220 1888 341 1958 episcopi
356 1894 384 1942 el
397 1887 557 1944 elericorum
571 1889 743 1946 contentione
756 1888 863 1960 pericli-

45 1983 149 2035 ¹tatur.
171 1975 262 2047 Super
281 1988 338 2046 quo
359 1975 424 2048 quid
447 1976 593 2033 decernere
620 1978 697 2034 robis
721 1977 861 2051 placuerit,

63 2080 114 2123 tos
127 2061 206 2121 scitis
217 2078 224 2117 :
234 2062 282 2119 sed
295 2076 351 2134 pax
364 2063 483 2118 nondum
501 2071 552 2134 est,
571 2078 622 2121 nec
636 2066 760 2137 proxime
773 2064 864 2121 lutura

64 2157 206 2225 speratur.
223 2150 283 2224 Ego
297 2150 339 2223 (ιιι
361 2150 434 2222 quod
454 2167 536 2224 super
559 2151 602 2207 his
620 2169 688 2209 meae
710 2152 798 2210 visum
822 2162 864 2210 est

64 2238 207 2314 parcitati,
221 2254 280 2295 uon
294 2240 409 2311 eccam)
423 2248 450 2296 et
464 2241 527 2307 boc,
540 2249 567 2296 et
579 2240 634 2297 duo
654 2242 699 2297 illa
712 2241 774 2298 alia.
794 2242 862 2299 ΤιιΙ-

10 2324 12 2375 l
64 2333 139 2388 lenae
153 2329 216 2385 dico
230 2344 262 2386 ac
274 2328 455 2397 virdunense,
472 2331 639 2386 terminanda
652 2331 759 2403 negotia
781 2347 862 2388 seon-

64 2420 121 2475 rins
135 2417 356 2489 metropolitano,
373 2426 453 2491 atque
475 2419 679 2476 conuenientius
695 2434 773 2489 posse
785 2435 861 2476 eom-

44 2507 135 2565 mini
148 2507 313 2578 putaverim,
329 2505 377 2577 qni
405 2515 432 2561 el
455 2506 547 2562 omnia
569 2507 652 2583 novit,
671 2516 697 2562 el
722 2509 748 2563 in
770 2509 863 2564 mullis

44 2594 208 2664 =prehclns
224 2593 354 2650 Ecclesiae
377 2593 531 2650 testimonio
553 2592 641 2650 fidelis
663 2595 787 2652 inventus
809 2604 859 2652 εει.

47 2682 192 2754 alioquin
201 2681 291 2738 videte
305 2682 369 2752 quid
383 2682 436 2738 illis
448 2683 646 2754 episcopatibus
659 2683 763 2742 facialis
775 2685 860 2758 (l75),

50 2770 178 2829 ¹latensi
213 2771 316 2827 scilicet
340 2783 422 2844 atque
445 2772 575 2839 Tullensi;
603 2773 681 2845 quia,
705 2782 734 2828 ut
762 2788 857 2829 verum

59 2857 301 2927 feteanvidentur
323 2874 383 2915 esse
406 2860 510 2933 absque
533 2861 668 2933 episcopis
683 2879 690 2916 ε
708 2869 734 2918 ει
752 2862 855 2919 aunam

42 2949 166 3020 ¹ubsque
182 2946 317 3019 tyrannis.
336 2947 415 3004 Tales
429 2963 490 3003 cum
504 2949 692 3016 delementum
709 2959 859 3007 sustentan-

40 3047 118 3104 «ιιι,
143 3037 319 3103 honorantur,
349 3036 491 3107 leuentur3
521 3039 651 3106 mirantur
680 3039 805 3096 nimirum
834 3048 861 3095 ει

62 3124 280 3182 ιειιιᾱιιὶιειιιιιι
308 3125 395 3192 multi,
421 3127 466 3198 qui
490 3126 533 3182 illa
560 3144 588 3182 ιιι
614 3128 735 3184 moribus
759 3137 786 3186 el
808 3127 862 3184 vila

61 3228 162 3271 eorum
185 3212 335 3271 canusino
358 3214 466 3281 sciunt,
491 3229 552 3286 quae
577 3214 664 3289 magis
685 3214 782 3283 essem,
806 3232 860 3272 non

62 3300 126 3360 dico
140 3302 172 3356 in
186 3301 333 3373 episcopis,
352 3301 496 3360 sedaliam
511 3304 538 3357 in
558 3304 725 3375 quibuslibet
747 3307 862 3362 saecula-

922 418 1040 492 emplius
1054 419 1193 476 exaltandi
1207 421 1221 475 l

960 508 986 562 l.
1001 506 1128 577 Quonam
1141 508 1213 564 enirn
1228 509 1323 563 merito
1337 524 1393 563 snae
1406 507 1448 565 vel
1462 510 1639 566 sacerdolalis
1651 527 1717 584 san-

923 593 1029 660 ctitatis,
1046 596 1088 650 vel
1103 595 1263 665 episcopalis
1276 596 1433 664 honestatis,
1444 597 1559 653 obtinuit
1578 599 1716 671 tielensis,

923 692 952 737 ut
966 693 993 739 et
1007 683 1100 739 electio
1119 683 1219 739 lactea
1239 683 1388 752 canonicis,
1410 685 1558 742 adnutum
1579 688 1639 758 ejus
1664 702 1717 743 una

923 786 984 825 cum
998 770 1123 827 Ecclesia
1143 771 1266 827 libertate
1289 779 1420 841 cessetur,
1442 780 1469 828 et
1490 773 1659 843 primicerius
1681 776 1717 830 ad

921 859 1061 914 consilium
1077 860 1137 929 ejus
1152 867 1244 914 contra
1265 857 1340 914 illius
1353 859 1480 915 Ecclesiae
1502 861 1647 934 privilegiu
1663 862 1715 917 eli-

921 954 1001 1018 gatur
1012 946 1043 1000 'l
1057 945 1143 1013 Quam
1156 947 1255 1016 justius
1271 946 1474 1019 honestiusque,
1490 948 1513 1003 si
1537 959 1633 1006 vestrae
1656 950 1715 1020 pla·

920 1038 1021 1092 cuissel
1044 1035 1210 1103 discretioni,
1239 1037 1319 1093 bomo
1344 1038 1442 1108 majori
1472 1039 1569 1111 dignus
1599 1041 1714 1111 honore,

921 1127 1011 1182 debito
1045 1123 1207 1196 proprioque
1237 1140 1291 1180 non
1322 1126 1492 1197 privaretur?
1522 1128 1716 1186 Treuerensent

920 1214 993 1286 dico,
1008 1230 1087 1287 quern
1104 1222 1130 1268 et
1144 1215 1177 1268 ab
1191 1216 1252 1281 hoc,
1269 1222 1297 1269 et
1311 1231 1326 1270 a
1340 1217 1444 1271 caeteris
1458 1216 1648 1275 dioecesissuae
1658 1228 1714 1275 ter-

919 1303 1054 1360 minandis
1068 1302 1195 1376 negotiis,
1216 1304 1293 1377 quasi
1307 1312 1461 1377 suspectum
1486 1314 1531 1361 ant
1554 1308 1643 1363 minus
1664 1325 1715 1364 ex-

920 1399 1037 1462 pertum,
1052 1408 1106 1447 non
1120 1392 1178 1448 sinc
1192 1409 1329 1449 murmure
1342 1393 1487 1448 multorum
1506 1396 1590 1451 Deum
1614 1396 1715 1452 timen-

920 1480 987 1535 tium
1002 1480 1165 1536 exclusistis.
1182 1481 1287 1536 Credite
1301 1479 1374 1536 lideli
1396 1489 1496 1548 vestro,
1518 1483 1581 1553 qnia
1603 1485 1712 1554 provin·

919 1569 968 1626 ciae
987 1569 1035 1634 illi,
1055 1579 1185 1641 quantum
1205 1569 1336 1639 comperi,
1351 1569 1461 1625 omnino
1475 1585 1529 1625 non
1543 1572 1669 1646 expedit..

954 1661 981 1714 5.
997 1659 1061 1714 ilaec
1071 1657 1205 1723 scribens,
1217 1657 1434 1728 presumptionis
1448 1666 1595 1714 metuerem
1610 1666 1713 1726 notam,

914 1746 939 1803 si
953 1746 1087 1801 nescirem
1100 1745 1153 1815 cui,
1178 1753 1204 1801 ct
1219 1744 1337 1800 nescirer
1350 1745 1396 1818 qui
1417 1747 1543 1803 scribam.
1564 1748 1617 1804 Sed
1650 1750 1714 1805 novi

917 1833 1066 1909 ingenitam
1090 1832 1327 1890 mansueludinem
1349 1844 1466 1890 vestram
1490 1853 1497 1890 :
1523 1836 1584 1894 noui
1609 1845 1637 1892 el
1669 1852 1712 1892 me

917 1932 1009 1978 notum
1024 1921 1111 1988 vobis,
1126 1930 1154 1978 et
1166 1921 1296 1978 allectum
1306 1938 1362 1993 quo
1378 1922 1434 1978 baec
1445 1923 1559 1979 audeam
1573 1925 1713 1995 apndvos,

916 2009 1069 2067 dulcissime
1096 2018 1176 2081 atque
1208 2008 1393 2065 amantissime
1422 2010 1510 2067 Pater.
1543 2012 1644 2068 lterum
1681 2011 1716 2067 de

915 2098 1088 2164 Treverensi‚
1104 2108 1132 2154 ιιι
1146 2098 1247 2164 sciatis,
1263 2098 1380 2170 qualiter
1394 2100 1516 2155 nuntium
1538 2101 1598 2170 ejus
1612 2100 1715 2171 suscipi

916 2195 1050 2258 oporteat,
1071 2198 1098 2242 et
1124 2187 1206 2242 verba
1228 2201 1287 2256 quae
1313 2190 1403 2257 portat
1428 2187 1514 2244 :dico
1543 2187 1620 2244 uobis
1641 2188 1714 2259 qnod

916 2292 1043 2350 magnum
1062 2274 1151 2330 locum
1165 2284 1239 2331 tenet
1252 2275 1279 2328 in
1294 2290 1380 2348 regno
1394 2276 1450 2341 illo,
1462 2277 1540 2331 vebis
1549 2285 1575 2332 el
1587 2277 1713 2333 Ecclesiae

916 2367 967 2422 Dei
981 2366 1062 2420 homo
1077 2363 1172 2428 fidelis,
1188 2369 1216 2418 el
1237 2371 1376 2429 constans,
1393 2372 1420 2418 el
1442 2363 1597 2420 nullatcnus
1622 2366 1711 2423 male-

915 2454 983 2510 volis
996 2460 1022 2508 el
1037 2451 1243 2508 subversoribus
1257 2466 1399 2506 assensum
1422 2452 1557 2522 praehens,
1573 2467 1588 2506 a
1611 2454 1712 2524 quibus

916 2557 971 2597 non
984 2542 1059 2596 deest
1082 2539 1107 2596 ei
1126 2537 1256 2610 lrequens
1278 2547 1305 2595 el
1324 2539 1389 2594 satis
1413 2541 1566 2610 importuna
1581 2542 1710 2611 lentatic;

917 2647 966 2686 nec
993 2630 1076 2686 deerit
1097 2629 1245 2696 insultatio,
1268 2630 1292 2684 si
1320 2645 1374 2700 quo
1398 2630 1488 2685 minus
1511 2646 1527 2684 a
1548 2632 1627 2689 vobis
1650 2648 1711 2688 eum

917 2718 1038 2774 exaudiri
1058 2718 1213 2791 contigerit.
1239 2718 1367 2774 Nuntium
1392 2717 1419 2772 in
1444 2717 1497 2774 line
1519 2721 1713 2777 commendare

871 2808 986 2914 evolui
1007 2807 1079 2863 :sed
1092 2806 1156 2862 satis
1178 2822 1240 2862 eum
1265 2822 1321 2862 suae
1344 2807 1493 2862 honestatis
1522 2809 1712 2866 commendant

913 2894 1016 2963 merita,
1027 2895 1219 2967 precipueque
1230 2909 1306 2950 amor
1316 2895 1439 2965 specialis
1450 2904 1476 2951 et
1489 2894 1578 2951 lidelis
1593 2897 1710 2954 deuotio,

915 3000 967 3055 qna
986 2985 1078 3055 ipsum
1100 2982 1178 3039 vobis
1203 2981 1316 3038 firmiter
1332 2983 1481 3049 inhaerere,
1504 2985 1527 3039 si
1550 2986 1712 3042 noncrede·

915 3089 983 3142 rem,
999 3088 1168 3144 nequaquam
1183 3087 1233 3143 per
1241 3087 1301 3128 eum
1322 3078 1376 3127 tam
1392 3072 1708 3131 familiariascriberem.

1043 3156 1124 3216 116
1148 3158 1314 3215 EPISTOLA
1338 3158 1477 3214 CLXXIX
1494 3160 1583 3230 (lar).

1127 3265 1164 3305 xo
1179 3263 1296 3307 ιιιιιιιιιειι
1312 3264 1364 3305 rno
1378 3264 1487 3306 nonan.

919 3340 1040 3396 Consum
1063 3338 1205 3397 liberastis
1227 3340 1427 3410 archicpiscopi
1452 3341 1625 3396 Treuereust's
1690 3343 1709 3397 't

63 3388 308 3446 11111811111111111111
321 3387 664 3461 1111111111111111111111
679 3408 739 3463 ‹111ae
752 3395 863 3467 quidem
952 3410 1086 3468 aduersus
1097 3410 1225 3468 abietem
1240 3411 1505 3468 Sancti-Macimint'
1519 3414 1547 3467 cl
1558 3428 1659 3469 munuc
1697 3431 1711 3469 a

42 3483 91 3534 -m
113 3491 161 3533 me
184 3475 302 3533 scribere
326 3476 434 3550 puduit;
454 3492 503 3533 nec
526 3493 575 3534 vos
598 3478 733 3536 decuisset
757 3480 861 3537 audire.
954 3477 1069 3539 rebelles
1083 3486 1112 3540 et
1126 3487 1318 3539 contumaces.

40 3628 42 3633 Α
63 3566 135 3623 Esto
155 3565 228 3637 qnod
247 3565 356 3623 nemine
373 3575 515 3624 accusante
534 3581 589 3624 non
613 3567 717 3640 possint
738 3568 861 3641 deponi:
952 3566 1095 3635 Quomodo
1114 3569 1216 3624 malitia
1244 3569 1326 3626 vincit
1346 3569 1530 3641 sapientiam?
1553 3571 1638 3637 Nosti,
1666 3571 1712 3644 pic

104 3693 182 3769 (its)
197 3697 265 3766 Quae
281 3697 325 3753 hic
338 3705 431 3754 contra
447 3698 591 3771 episcopos
605 3700 785 3756 lleteusemel
799 3703 864 3758 Tul·
919 3701 982 3756 doni
998 3699 1157 3757 cancellario
1170 3716 1232 3757 enm
1251 3702 1433 3758 commendat.
1448 3702 1618 3759 Crediderim
1641 3713 1713 3761 certo

37 3778 44 3809 -’
66 3769 205 3826 lenoema
228 3769 363 3825 Bernardo
387 3770 585 3842 intorquentur,
607 3770 784 3842 intelligenda
802 3784 867 3830 sunt
919 3772 1055 3827 bernardo
1070 3772 1234 3841 Stephanum
1246 3771 1419 3843 displicuisse
1444 3773 1479 3827 ob
1501 3774 1591 3829 uarios
1619 3790 1712 3831 armo·

67 3840 103 3897 de
123 3839 263 3910 Stephano
281 3840 391 3897 lietensi
406 3851 433 3896 el
454 3841 566 3896 ilenrico
581 3842 710 3906 Tullensi,
732 3842 864 3912 siqnidem
921 3857 978 3897 rum
1002 3840 1142 3897 conflictu-r
1164 3842 1272 3909 abipso
1291 3843 1431 3907 excitatos,
1455 3852 1485 3897 ut
1508 3844 1637 3901 Ecclesia
1656 3862 1713 3902 snm

66 3912 199 3968 soetiente
216 3910 304 3968 adhuc
322 3910 443 3968 anacleti
457 3911 788 3982 schismalehaecepislola
799 3914 866 3969 scri·
921 3911 1054 3982 praediea
1073 3911 1207 3966 nobilibus
1229 3912 1374 3981 intercepta
1389 3928 1417 3966 re
1438 3920 1532 3979 oleret,
1558 3915 1713 3973 obsidiones

66 3989 112 4053 pla
129 3990 182 4050 est,
198 3988 228 4036 ut
250 3997 332 4053 supra
359 3981 460 4038 dictum
483 3993 533 4049 εει,
557 3993 584 4038 et
608 3984 714 4053 quidem
740 3982 794 4039 lero
817 4001 865 4039 an·
918 3985 1014 4048 lactas,
1034 3982 1147 4038 caslella
1162 3980 1261 4050 diruta,
1278 3980 1406 4050 aliaquei
1440 3998 1527 4053 genus
1544 3999 1598 4039 non
1614 4002 1708 4055 pauca,

67 4068 103 4108 no
120 4054 204 4115 1135,
227 4059 258 4106 ut
277 4052 346 4108 inira
364 4053 506 4108 dicendum
525 4053 585 4110 erit.
612 4055 650 4109 De
674 4055 809 4122 Stephano
826 4060 865 4114 sic
918 4061 949 4111 ul
963 4055 989 4108 io
999 4053 1094 4109 eadem
1105 4052 1223 4110 Historia
1233 4051 1432 4116 describuntur,
1442 4068 1504 4123 qnae
1514 4054 1602 4126 magis
1615 4055 1713 4110 «lenn-

68 4123 303 4194 prior-Appendix
323 4124 447 4179 llisloriae
468 4125 658 4196 episcoporum
680 4126 861 4182 lielensium:
881 4114 903 4191 Β
920 4125 1007 4181 culum
1023 4124 1150 4194 aliquem,
1162 4144 1174 4175 ι
1186 4131 1217 4178 nt
1231 4121 1358 4178 bernardi
1372 4124 1462 4179 verbis
1472 4133 1541 4191 utar,
1551 4127 1631 4194 episi.
1648 4130 1710 4192 230,

69 4192 224 4256 aDomiuc
243 4195 362 4265 Popponi
384 4202 437 4250 lam
459 4196 692 4265 Burgundionum,
713 4199 863 4267 quamLo-
919 4212 1000 4268 qnam
1014 4195 1103 4250 ovium
1121 4203 1258 4265 paslorem
1273 4194 1466 4263 exprimerent.
1482 4196 1615 4252 Caelernru
1629 4197 1712 4254 Albe·
1786 4200 1790 4209 ’

67 4264 269 4336 thuringorum,
286 4263 429 4322 excellenti
443 4281 544 4336 genere
558 4267 657 4327 clarus,
672 4267 720 4321 sed
734 4267 831 4324 virtute
841 4278 867 4325 et
919 4283 984 4322 rone
1001 4266 1152 4338 primicerio
1169 4265 1197 4319 in
1210 4266 1368 4336 episcopum
1383 4266 1556 4322 leodiensem
1572 4278 1709 4340 assumpto

68 4335 156 4391 animi
170 4335 547 4392 nohilitaleelnriordomiuus
562 4337 714 4407 Stephanus
728 4354 799 4394 anno
809 4341 867 4396 Do·
918 4354 988 4394 anno
1008 4340 1078 4392 1135
1092 4339 1131 4404 (ιιι
1145 4337 1253 4408 quidem
1268 4353 1301 4393 ex
1324 4340 1453 4409 ternporis
1467 4345 1524 4394 rata
1538 4338 1608 4396 serie
1621 4341 1711 4410 conii-

69 4406 235 4474 mimatae,
256 4407 383 4463 uidelicet
397 4422 467 4463 anno
482 4410 601 4464 secundo
626 4408 721 4464 Calixli
744 4411 767 4464 ll
791 4427 867 4482 papae
918 4425 977 4464 cere
990 4414 1040 4471 est,
1058 4410 1117 4464 vide
1131 4417 1210 4463 notas
1223 4409 1257 4462 ad
1270 4407 1412 4480 epistelam
1431 4411 1488 4478 ³0),
1504 4426 1567 4466 curn
1590 4412 1711 4468 canonici

68 4478 210 4535 successit.
232 4477 282 4534 llic
295 4477 391 4533 Calixti
406 4495 440 4534 ex
463 4494 556 4534 sorore
575 4495 669 4550 nepos,
689 4496 750 4535 cum
768 4482 867 4553 regalia
919 4478 1058 4534 electionis
1073 4478 1212 4549 suffragiis
1222 4479 1335 4534 alterum
1348 4479 1531 4548 primicerium
1541 4481 1711 4538 suffecissent

69 4547 195 4605 noudum
218 4548 253 4603 ab
267 4547 384 4604 ilenrico
399 4549 422 4604 V
436 4549 483 4622 qni
497 4557 561 4607 tuuc
575 4549 704 4616 temporis
718 4555 867 4621 arcemste-
919 4550 1033 4605 alterum
1055 4549 1206 4620 Stephanus
1230 4549 1341 4623 propria
1373 4550 1532 4606 auctoritaie
1561 4553 1708 4608 obtrudere

70 4621 153 4675 nebu
166 4617 282 4690 imperii,
300 4618 453 4689 recepisset,
470 4619 613 4677 schismate
627 4623 697 4677 inler
712 4638 826 4694 regnum
839 4632 867 4680 et
919 4621 1047 4676 uoluisset
1061 4638 1067 4685 ;
1083 4635 1180 4693 magna
1202 4620 1299 4674 exinde
1320 4630 1382 4674 nata
1400 4629 1440 4676 est
1463 4622 1610 4688 contentio,
1627 4637 1707 4693 quam

69 4688 254 4746 sacerdotium
272 4690 362 4745 adhuc
373 4691 498 4758 durante,
511 4692 537 4747 in
552 4694 617 4748 urbe
634 4695 756 4749 Romana
773 4697 807 4749 ab
821 4711 868 4752 eo·
920 4691 1095 4747 Innocentius
1130 4691 1308 4747 dirimendam
1343 4706 1490 4765 aggressus
1521 4703 1571 4758 est,
1598 4700 1712 4762 praeter·

70 4760 134 4817 dem
153 4761 284 4833 pontifico
304 4776 413 4817 summo
427 4772 599 4818 consecratus
613 4774 662 4827 est,
679 4771 706 4819 et
724 4769 778 4819 tam
812 4765 867 4822 allii
919 4762 1002 4817 misso
1030 4761 1229 4834 metropolitani
1263 4761 1456 4833 archiepiscopi
1481 4762 1585 4819 scilicet
1611 4764 1710 4819 Treve-

69 4831 215 4906 dignitate,
225 4848 307 4904 quam
326 4832 472 4889 cardinalis
487 4832 564 4891 tilulo
584 4835 773 4892 honoratus.»
802 4836 866 4906 Spi-
920 4833 1015 4898 rensis,
1025 4833 1213 4906 judicio:qua
1225 4805 1259 4887 de
1268 4848 1298 4888 re
1310 4833 1352 4889 hic
1367 4833 1518 4889 bernardus
1531 4834 1601 4904 apud
1622 4833 1711 4904 ipsum

69 4901 164 4975 cilegii
179 4909 252 4960 tomo
267 4903 311 4969 Vl,
326 4904 643 4976 pag.bbl.)Curautem
657 4906 811 4961 Bernardus
832 4907 867 4963 de
920 4906 1104 4974 conqueritur.
1119 4904 1196 4973 Quod
1218 4903 1312 4958 allinet
1334 4906 1369 4961 ad
1393 4903 1534 4960 ilenricum
1557 4903 1712 4959 Tullensem

69 4990 105 5029 eo
120 4983 176 5029 tam
189 4976 284 5031 acerbe
298 4985 487 5046 conqueratur,
504 4991 556 5032 non
572 4976 650 5033 lacile
664 4983 705 5031 est
718 4979 865 5046 conjicere.

69 5045 141 5111 Earn
156 5055 255 5117 praeter
267 5047 432 5118 supradicta,
444 5048 478 5103 de
491 5060 524 5102 eo
538 5047 575 5103 ila
589 5048 690 5117 legitur
703 5046 729 5100 in
740 5048 867 5118 praedicta

72 5114 214 5174 Historia:
233 5118 345 5200 «Cujus
366 5126 445 5189 gesta
464 5117 564 5191 inclyta
577 5124 605 5176 et
621 5117 763 5175 annalibus
786 5119 868 5192 digna

69 5200 231 5244 enumerare
245 5196 273 5244 et
287 5188 382 5246 luteris
395 5189 530 5261 explicare
551 5189 574 5245 si
598 5190 704 5255 uellem,
720 5200 781 5246 aute
803 5193 868 5262 qui-

71 5258 136 5313 dem
152 5258 308 5314 membrana
323 5257 453 5315 deiiceret
465 5277 548 5331 quam
564 5261 684 5316 materia.
702 5280 714 5310 r
733 5261 789 5316 lmo
804 5263 869 5317 Ber·

72 5332 179 5386 medus
192 5330 251 5402 ipse
265 5328 381 5402 epistola
395 5332 439 5399 29,
455 5331 505 5402 ipsi
520 5332 767 5404 congratulaturob
778 5348 869 5401 pacem

73 5399 204 5469 Ecclesiae
226 5400 341 5460 alsensi
364 5403 525 5472 restitutam,
539 5412 565 5460 et
580 5401 697 5476 epistola
719 5405 781 5470 sot,
797 5403 867 5461 Gui-

920 4975 1087 5045 cpiscopum,
1105 4978 1198 5030 eadem
1215 4973 1328 5028 sortasse
1346 4976 1379 5028 de
1392 4991 1472 5030 cansa
1490 4975 1561 5043 apud
1575 4976 1603 5029 S.
1617 4974 1712 5031 Virum

921 5047 992 5100 male
1011 5045 1105 5106 erudiit,
1121 5060 1218 5114 nempe
1232 5045 1268 5100 ob
1287 5044 1349 5099 belli
1369 5044 1478 5117 negotia
1499 5060 1559 5099 eum
1575 5045 1712 5103 Eriderico

921 5117 1018 5172 comite
1040 5116 1156 5172 Tullensi
1181 5116 1279 5171 diutins
1297 5115 1405 5188 agitata,
1420 5129 1490 5170 anno
1509 5116 1616 5173 tandem
1641 5121 1709 5172 1136

921 5188 1126 5258 compositam
1145 5202 1177 5242 ex
1200 5185 1348 5241 innocentii
1374 5186 1476 5252 litteris,
1492 5203 1559 5258 quas
1577 5189 1711 5246 chesnius

923 5258 1109 5381 exlTnlleosis
1130 5257 1256 5312 Ecclesiae
1271 5256 1495 5331 chartophylacio
1509 5259 1653 5334 evulgavit,
1669 5259 1710 5316 in·

924 5329 977 5384 tell
1000 5328 1062 5383 itur.

959 5346 1034 5472 (iio)
1046 5396 1150 5470 Scripta
1163 5411 1234 5455 auno
1248 5396 1344 5454 Christi
1359 5401 1438 5456 1139.
