<?xml version="1.0" encoding="UTF-8"?>
<!DOCTYPE html PUBLIC "-//W3C//DTD XHTML 1.0 Transitional//EN"
    "http://www.w3.org/TR/xhtml1/DTD/xhtml1-transitional.dtd">
<html xmlns="http://www.w3.org/1999/xhtml" xml:lang="en" lang="en">
 <head>
  <title>
</title>
<meta http-equiv="Content-Type" content="text/html;charset=utf-8" />
  <meta name='ocr-system' content='tesseract 3.04.00' />
  <meta name='ocr-capabilities' content='ocr_page ocr_carea ocr_par ocr_line ocrx_word'/>
</head>
<body>
  <div class='ocr_page' id='page_1' title='image "./patrologiaecurs62unkngoog_0215.png"; bbox 0 0 3728 5940; ppageno 0'>
   <div class='ocr_carea' id='block_1_1' title="bbox 139 225 190 287">
    <p class='ocr_par' dir='ltr' id='par_1_1' title="bbox 139 225 190 287">
     <span class='ocr_line' id='line_1_1' title="bbox 139 225 190 287; baseline -0.039 0"><span class='ocrx_word' id='word_1_1' title='bbox 139 225 190 287; x_wconf 77' lang='lat' dir='ltr'><strong>dil</strong></span> 
     </span>
    </p>
   </div>
   <div class='ocr_carea' id='block_1_2' title="bbox 607 225 1310 295">
    <p class='ocr_par' dir='ltr' id='par_1_2' title="bbox 607 225 1310 295">
     <span class='ocr_line' id='line_1_2' title="bbox 607 225 1310 295; baseline 0.009 -11"><span class='ocrx_word' id='word_1_2' title='bbox 607 226 633 284; x_wconf 92' lang='lat' dir='ltr'><strong>S.</strong></span> <span class='ocrx_word' id='word_1_3' title='bbox 653 225 818 289; x_wconf 78' lang='lat' dir='ltr'><strong>canutam</strong></span> <span class='ocrx_word' id='word_1_4' title='bbox 837 230 977 294; x_wconf 75' lang='lat' dir='ltr'>ABBA’HS</span> <span class='ocrx_word' id='word_1_5' title='bbox 995 230 1310 295; x_wconf 73' lang='lat' dir='ltr'><strong>cotum-vauterius</strong></span> 
     </span>
    </p>
   </div>
   <div class='ocr_carea' id='block_1_3' title="bbox 1734 230 1791 292">
    <p class='ocr_par' dir='ltr' id='par_1_3' title="bbox 1734 230 1791 292">
     <span class='ocr_line' id='line_1_3' title="bbox 1734 230 1791 292; baseline 0.035 -2"><span class='ocrx_word' id='word_1_6' title='bbox 1734 230 1791 292; x_wconf 70' lang='grc'><strong>412</strong></span> 
     </span>
    </p>
   </div>
   <div class='ocr_carea' id='block_1_4' title="bbox 140 350 1789 518">
    <p class='ocr_par' dir='ltr' id='par_1_4' title="bbox 140 350 1789 518">
     <span class='ocr_line' id='line_1_4' title="bbox 140 350 1788 457; baseline 0.002 -48"><span class='ocrx_word' id='word_1_7' title='bbox 140 352 279 426; x_wconf 77' lang='lat' dir='ltr'><strong>il);quis</strong></span> <span class='ocrx_word' id='word_1_8' title='bbox 292 350 402 424; x_wconf 90' lang='lat' dir='ltr'><strong>puerilis</strong></span> <span class='ocrx_word' id='word_1_9' title='bbox 416 350 563 405; x_wconf 90' lang='lat' dir='ltr'><strong>animusiu</strong></span> <span class='ocrx_word' id='word_1_10' title='bbox 578 359 680 407; x_wconf 90' lang='lat' dir='ltr'><strong>tanturn</strong></span> <span class='ocrx_word' id='word_1_11' title='bbox 696 354 822 425; x_wconf 74' lang='lat' dir='ltr'><strong>desipere</strong></span> <span class='ocrx_word' id='word_1_12' title='bbox 837 358 935 430; x_wconf 91' lang='lat' dir='ltr'><strong>potuit,</strong></span> <span class='ocrx_word' id='word_1_13' title='bbox 953 362 1109 457; x_wconf 57' lang='lat' dir='ltr'><strong>ppositum</strong></span> <span class='ocrx_word' id='word_1_14' title='bbox 1136 374 1223 431; x_wconf 81' lang='lat' dir='ltr'>nuper</span> <span class='ocrx_word' id='word_1_15' title='bbox 1251 355 1338 415; x_wconf 64' lang='lat'><strong>222</strong></span> <span class='ocrx_word' id='word_1_16' title='bbox 1372 370 1510 412; x_wconf 83' lang='lat' dir='ltr'><strong>conversae</strong></span> <span class='ocrx_word' id='word_1_17' title='bbox 1542 356 1647 413; x_wconf 75' lang='lat' dir='ltr'><strong>feminae</strong></span> <span class='ocrx_word' id='word_1_18' title='bbox 1680 358 1788 415; x_wconf 89' lang='lat' dir='ltr'><strong>descri-</strong></span> 
     </span>
     <span class='ocr_line' id='line_1_5' title="bbox 140 440 1789 518; baseline 0.002 -18"><span class='ocrx_word' id='word_1_19' title='bbox 140 444 225 502; x_wconf 87' lang='lat' dir='ltr'><strong>utvel</strong></span> <span class='ocrx_word' id='word_1_20' title='bbox 240 444 372 500; x_wconf 87' lang='lat' dir='ltr'><strong>variarum</strong></span> <span class='ocrx_word' id='word_1_21' title='bbox 392 440 503 494; x_wconf 86' lang='lat' dir='ltr'><strong>restium</strong></span> <span class='ocrx_word' id='word_1_22' title='bbox 523 440 651 507; x_wconf 90' lang='lat' dir='ltr'><strong>colorem,</strong></span> <span class='ocrx_word' id='word_1_23' title='bbox 667 442 707 499; x_wconf 85' lang='lat' dir='ltr'><strong>rel</strong></span> <span class='ocrx_word' id='word_1_24' title='bbox 723 444 856 499; x_wconf 86' lang='lat' dir='ltr'><strong>diversum</strong></span> <span class='ocrx_word' id='word_1_25' title='bbox 872 461 937 501; x_wconf 90' lang='lat' dir='ltr'><strong>con·</strong></span> <span class='ocrx_word' id='word_1_26' title='bbox 993 454 1068 516; x_wconf 86' lang='lat' dir='ltr'><strong>bens,</strong></span> <span class='ocrx_word' id='word_1_27' title='bbox 1093 451 1133 505; x_wconf 90' lang='lat' dir='ltr'><strong>sic</strong></span> <span class='ocrx_word' id='word_1_28' title='bbox 1160 449 1187 503; x_wconf 92' lang='lat' dir='ltr'><strong>in</strong></span> <span class='ocrx_word' id='word_1_29' title='bbox 1211 448 1325 518; x_wconf 87' lang='lat' dir='ltr'><strong>epistola</strong></span> <span class='ocrx_word' id='word_1_30' title='bbox 1349 445 1468 517; x_wconf 89' lang='lat' dir='ltr'><strong>Sulpicio</strong></span> <span class='ocrx_word' id='word_1_31' title='bbox 1491 446 1590 503; x_wconf 85' lang='lat' dir='ltr'><strong>Severo</strong></span> <span class='ocrx_word' id='word_1_32' title='bbox 1612 446 1714 502; x_wconf 89' lang='lat' dir='ltr'><strong>directa</strong></span> <span class='ocrx_word' id='word_1_33' title='bbox 1745 447 1789 504; x_wconf 92' lang='lat' dir='ltr'><strong>lo-</strong></span> 
     </span>
    </p>
   </div>
   <div class='ocr_carea' id='block_1_5' title="bbox 141 535 942 1673">
    <p class='ocr_par' dir='ltr' id='par_1_5' title="bbox 141 535 942 1673">
     <span class='ocr_line' id='line_1_6' title="bbox 141 535 940 601; baseline -0.003 -10"><span class='ocrx_word' id='word_1_34' title='bbox 141 535 310 591; x_wconf 91' lang='lat' dir='ltr'><strong>suetudinum</strong></span> <span class='ocrx_word' id='word_1_35' title='bbox 334 545 446 601; x_wconf 90' lang='lat' dir='ltr'><strong>morem,</strong></span> <span class='ocrx_word' id='word_1_36' title='bbox 465 539 568 589; x_wconf 87' lang='lat' dir='ltr'><strong>serrata</strong></span> <span class='ocrx_word' id='word_1_37' title='bbox 594 549 663 589; x_wconf 92' lang='lat' dir='ltr'><strong>nova</strong></span> <span class='ocrx_word' id='word_1_38' title='bbox 677 544 800 590; x_wconf 89' lang='lat' dir='ltr'><strong>creatura</strong></span> <span class='ocrx_word' id='word_1_39' title='bbox 822 536 848 589; x_wconf 92' lang='lat' dir='ltr'><strong>in</strong></span> <span class='ocrx_word' id='word_1_40' title='bbox 863 537 940 592; x_wconf 85' lang='lat' dir='ltr'><strong>Cirri-</strong></span> 
     </span>
     <span class='ocr_line' id='line_1_7' title="bbox 141 622 939 695; baseline -0.004 -14"><span class='ocrx_word' id='word_1_41' title='bbox 141 634 181 681; x_wconf 89' lang='lat' dir='ltr'><strong>sto</strong></span> <span class='ocrx_word' id='word_1_42' title='bbox 204 622 318 694; x_wconf 88' lang='lat' dir='ltr'><strong>aliquid,</strong></span> <span class='ocrx_word' id='word_1_43' title='bbox 339 629 469 692; x_wconf 88' lang='lat' dir='ltr'><strong>qnantum</strong></span> <span class='ocrx_word' id='word_1_44' title='bbox 492 625 526 677; x_wconf 88' lang='lat' dir='ltr'><strong>ad</strong></span> <span class='ocrx_word' id='word_1_45' title='bbox 549 624 663 680; x_wconf 89' lang='lat' dir='ltr'><strong>salntem</strong></span> <span class='ocrx_word' id='word_1_46' title='bbox 684 625 792 681; x_wconf 87' lang='lat' dir='ltr'><strong>differre</strong></span> <span class='ocrx_word' id='word_1_47' title='bbox 813 624 939 695; x_wconf 75' lang='lat' dir='ltr'><strong>putaret?</strong></span> 
     </span>
     <span class='ocr_line' id='line_1_8' title="bbox 142 711 940 782; baseline 0.001 -13"><span class='ocrx_word' id='word_1_48' title='bbox 142 711 257 782; x_wconf 87' lang='lat' dir='ltr'><strong>Quodsi</strong></span> <span class='ocrx_word' id='word_1_49' title='bbox 281 720 410 781; x_wconf 90' lang='lat' dir='ltr'><strong>quantum</strong></span> <span class='ocrx_word' id='word_1_50' title='bbox 431 711 463 765; x_wconf 92' lang='lat' dir='ltr'><strong>ad</strong></span> <span class='ocrx_word' id='word_1_51' title='bbox 485 713 599 768; x_wconf 89' lang='lat' dir='ltr'><strong>salutem</strong></span> <span class='ocrx_word' id='word_1_52' title='bbox 621 714 657 769; x_wconf 91' lang='lat' dir='ltr'><strong>nil</strong></span> <span class='ocrx_word' id='word_1_53' title='bbox 675 715 767 781; x_wconf 87' lang='lat' dir='ltr'><strong>rel&#39;ert,</strong></span> <span class='ocrx_word' id='word_1_54' title='bbox 783 731 831 769; x_wconf 92' lang='lat' dir='ltr'><strong>cnr</strong></span> <span class='ocrx_word' id='word_1_55' title='bbox 850 717 940 771; x_wconf 82' lang='lat' dir='ltr'><strong>varius</strong></span> 
     </span>
     <span class='ocr_line' id='line_1_9' title="bbox 143 801 939 877; baseline -0.003 -17"><span class='ocrx_word' id='word_1_56' title='bbox 143 801 257 860; x_wconf 86' lang='lat' dir='ltr'><strong>vestium</strong></span> <span class='ocrx_word' id='word_1_57' title='bbox 276 801 349 858; x_wconf 92' lang='lat' dir='ltr'><strong>color</strong></span> <span class='ocrx_word' id='word_1_58' title='bbox 374 803 522 856; x_wconf 87' lang='lat' dir='ltr'><strong>monachos</strong></span> <span class='ocrx_word' id='word_1_59' title='bbox 545 806 675 874; x_wconf 72' lang='lat' dir='ltr'><strong>separat?</strong></span> <span class='ocrx_word' id='word_1_60' title='bbox 688 820 735 859; x_wconf 94' lang='lat' dir='ltr'><strong>cur</strong></span> <span class='ocrx_word' id='word_1_61' title='bbox 750 804 867 858; x_wconf 79' lang='lat' dir='ltr'><strong>sultisma</strong></span> <span class='ocrx_word' id='word_1_62' title='bbox 890 820 939 877; x_wconf 86' lang='lat' dir='ltr'><strong>ge·</strong></span> 
     </span>
     <span class='ocr_line' id='line_1_10' title="bbox 143 890 940 950; baseline 0.005 -4"><span class='ocrx_word' id='word_1_63' title='bbox 143 896 245 948; x_wconf 86' lang='lat' dir='ltr'><strong>nerat‘?</strong></span> <span class='ocrx_word' id='word_1_64' title='bbox 264 907 313 946; x_wconf 89' lang='lat' dir='ltr'><strong>cur</strong></span> <span class='ocrx_word' id='word_1_65' title='bbox 334 890 437 945; x_wconf 92' lang='lat' dir='ltr'><strong>animos</strong></span> <span class='ocrx_word' id='word_1_66' title='bbox 458 891 576 946; x_wconf 77' lang='lat' dir='ltr'><strong>diuidit?</strong></span> <span class='ocrx_word' id='word_1_67' title='bbox 600 909 647 947; x_wconf 92' lang='lat' dir='ltr'><strong>cur</strong></span> <span class='ocrx_word' id='word_1_68' title='bbox 665 893 820 949; x_wconf 86' lang='lat' dir='ltr'><strong>charitatem</strong></span> <span class='ocrx_word' id='word_1_69' title='bbox 844 894 940 950; x_wconf 69' lang='lat' dir='ltr'><strong>laeottt</strong></span> 
     </span>
     <span class='ocr_line' id='line_1_11' title="bbox 143 980 940 1052; baseline 0.001 -17"><span class='ocrx_word' id='word_1_70' title='bbox 143 982 204 1035; x_wconf 93' lang='lat' dir='ltr'><strong>Non</strong></span> <span class='ocrx_word' id='word_1_71' title='bbox 220 988 271 1046; x_wconf 90' lang='lat' dir='ltr'><strong>est,</strong></span> <span class='ocrx_word' id='word_1_72' title='bbox 285 994 339 1035; x_wconf 95' lang='lat' dir='ltr'><strong>non</strong></span> <span class='ocrx_word' id='word_1_73' title='bbox 360 986 401 1034; x_wconf 87' lang='lat' dir='ltr'><strong>cst</strong></span> <span class='ocrx_word' id='word_1_74' title='bbox 420 995 500 1035; x_wconf 89' lang='lat' dir='ltr'><strong>causa</strong></span> <span class='ocrx_word' id='word_1_75' title='bbox 523 980 621 1052; x_wconf 86' lang='lat' dir='ltr'><strong>aliqua,</strong></span> <span class='ocrx_word' id='word_1_76' title='bbox 638 997 693 1037; x_wconf 92' lang='lat' dir='ltr'><strong>non</strong></span> <span class='ocrx_word' id='word_1_77' title='bbox 717 983 792 1037; x_wconf 77' lang='lat' dir='ltr'><strong>ratio·</strong></span> <span class='ocrx_word' id='word_1_78' title='bbox 807 983 870 1046; x_wconf 87' lang='lat' dir='ltr'><strong>ulla,</strong></span> <span class='ocrx_word' id='word_1_79' title='bbox 886 999 940 1038; x_wconf 90' lang='lat' dir='ltr'><strong>non</strong></span> 
     </span>
     <span class='ocr_line' id='line_1_12' title="bbox 141 1067 939 1139; baseline 0.001 -16"><span class='ocrx_word' id='word_1_80' title='bbox 141 1069 203 1125; x_wconf 88' lang='lat' dir='ltr'><strong>dico</strong></span> <span class='ocrx_word' id='word_1_81' title='bbox 226 1067 363 1133; x_wconf 90' lang='lat' dir='ltr'><strong>audiendi,</strong></span> <span class='ocrx_word' id='word_1_82' title='bbox 382 1082 433 1122; x_wconf 92' lang='lat' dir='ltr'><strong>non</strong></span> <span class='ocrx_word' id='word_1_83' title='bbox 457 1067 519 1124; x_wconf 90' lang='lat' dir='ltr'><strong>dico</strong></span> <span class='ocrx_word' id='word_1_84' title='bbox 540 1069 687 1136; x_wconf 76' lang='lat' dir='ltr'><strong>dividendi,</strong></span> <span class='ocrx_word' id='word_1_85' title='bbox 707 1071 755 1124; x_wconf 91' lang='lat' dir='ltr'><strong>sed</strong></span> <span class='ocrx_word' id='word_1_86' title='bbox 782 1087 830 1126; x_wconf 92' lang='lat' dir='ltr'><strong>nec</strong></span> <span class='ocrx_word' id='word_1_87' title='bbox 853 1086 939 1139; x_wconf 85' lang='lat' dir='ltr'><strong>gruu-</strong></span> 
     </span>
     <span class='ocr_line' id='line_1_13' title="bbox 142 1155 941 1215; baseline 0.004 -3"><span class='ocrx_word' id='word_1_88' title='bbox 142 1156 234 1212; x_wconf 88' lang='lat' dir='ltr'><strong>niondi</strong></span> <span class='ocrx_word' id='word_1_89' title='bbox 256 1157 283 1210; x_wconf 91' lang='lat' dir='ltr'><strong>in</strong></span> <span class='ocrx_word' id='word_1_90' title='bbox 308 1157 376 1214; x_wconf 89' lang='lat' dir='ltr'><strong>istis.</strong></span> <span class='ocrx_word' id='word_1_91' title='bbox 392 1155 482 1213; x_wconf 87' lang='lat' dir='ltr'><strong>Habes</strong></span> <span class='ocrx_word' id='word_1_92' title='bbox 498 1166 526 1212; x_wconf 92' lang='lat' dir='ltr'><strong>tu</strong></span> <span class='ocrx_word' id='word_1_93' title='bbox 541 1157 666 1213; x_wconf 90' lang='lat' dir='ltr'><strong>idoneum</strong></span> <span class='ocrx_word' id='word_1_94' title='bbox 683 1158 852 1215; x_wconf 80' lang='lat' dir='ltr'><strong>defensorem</strong></span> <span class='ocrx_word' id='word_1_95' title='bbox 867 1159 941 1215; x_wconf 80' lang='lat' dir='ltr'><strong>allie-</strong></span> 
     </span>
     <span class='ocr_line' id='line_1_14' title="bbox 142 1245 940 1317; baseline 0.005 -18"><span class='ocrx_word' id='word_1_96' title='bbox 142 1245 211 1300; x_wconf 92' lang='lat' dir='ltr'><strong>dinis</strong></span> <span class='ocrx_word' id='word_1_97' title='bbox 232 1253 292 1314; x_wconf 78' lang='lat' dir='ltr'><strong>tute,</strong></span> <span class='ocrx_word' id='word_1_98' title='bbox 308 1245 468 1317; x_wconf 76' lang='lat' dir='ltr'><strong>simplicem,</strong></span> <span class='ocrx_word' id='word_1_99' title='bbox 492 1255 521 1301; x_wconf 90' lang='lat' dir='ltr'><strong>ut</strong></span> <span class='ocrx_word' id='word_1_100' title='bbox 544 1264 625 1316; x_wconf 84' lang='lat' dir='ltr'><strong>supra</strong></span> <span class='ocrx_word' id='word_1_101' title='bbox 649 1247 714 1313; x_wconf 83' lang='lat' dir='ltr'><strong>dixi,</strong></span> <span class='ocrx_word' id='word_1_102' title='bbox 739 1249 847 1303; x_wconf 92' lang='lat' dir='ltr'><strong>oculum</strong></span> <span class='ocrx_word' id='word_1_103' title='bbox 872 1263 940 1303; x_wconf 93' lang='lat' dir='ltr'><strong>con·</strong></span> 
     </span>
     <span class='ocr_line' id='line_1_15' title="bbox 143 1334 941 1408; baseline 0 -19"><span class='ocrx_word' id='word_1_104' title='bbox 143 1334 261 1390; x_wconf 79' lang='lat' dir='ltr'><strong>scientiae</strong></span> <span class='ocrx_word' id='word_1_105' title='bbox 283 1344 337 1391; x_wconf 84' lang='lat' dir='ltr'><strong>tuae</strong></span> <span class='ocrx_word' id='word_1_106' title='bbox 358 1353 364 1391; x_wconf 92' lang='lat'>:</span> <span class='ocrx_word' id='word_1_107' title='bbox 385 1351 450 1406; x_wconf 68' lang='lat' dir='ltr'><strong>(qno,</strong></span> <span class='ocrx_word' id='word_1_108' title='bbox 475 1351 509 1389; x_wconf 91' lang='lat' dir='ltr'><strong>ne</strong></span> <span class='ocrx_word' id='word_1_109' title='bbox 533 1335 615 1407; x_wconf 86' lang='lat' dir='ltr'><strong>longo</strong></span> <span class='ocrx_word' id='word_1_110' title='bbox 641 1338 768 1407; x_wconf 91' lang='lat' dir='ltr'><strong>temporis</strong></span> <span class='ocrx_word' id='word_1_111' title='bbox 787 1353 838 1393; x_wconf 86' lang='lat' dir='ltr'><strong>usu</strong></span> <span class='ocrx_word' id='word_1_112' title='bbox 862 1336 941 1408; x_wconf 89' lang='lat' dir='ltr'><strong>niger</strong></span> 
     </span>
     <span class='ocr_line' id='line_1_16' title="bbox 143 1424 942 1493; baseline 0.003 -15"><span class='ocrx_word' id='word_1_113' title='bbox 143 1424 278 1485; x_wconf 80' lang='lat' dir='ltr'><strong>inductus,</strong></span> <span class='ocrx_word' id='word_1_114' title='bbox 296 1433 399 1493; x_wconf 92' lang='lat' dir='ltr'><strong>putaret</strong></span> <span class='ocrx_word' id='word_1_115' title='bbox 415 1425 522 1480; x_wconf 89' lang='lat' dir='ltr'><strong>nonnisi</strong></span> <span class='ocrx_word' id='word_1_116' title='bbox 542 1428 591 1480; x_wconf 90' lang='lat' dir='ltr'><strong>sub</strong></span> <span class='ocrx_word' id='word_1_117' title='bbox 615 1435 672 1481; x_wconf 91' lang='lat' dir='ltr'><strong>atro</strong></span> <span class='ocrx_word' id='word_1_118' title='bbox 694 1429 783 1481; x_wconf 62' lang='lat' dir='ltr'><strong>(colore</strong></span> <span class='ocrx_word' id='word_1_119' title='bbox 809 1441 858 1480; x_wconf 89' lang='lat' dir='ltr'><strong>sno</strong></span> <span class='ocrx_word' id='word_1_120' title='bbox 883 1441 942 1480; x_wconf 87' lang='lat' dir='ltr'><strong>nro·</strong></span> 
     </span>
     <span class='ocr_line' id='line_1_17' title="bbox 144 1514 940 1582; baseline -0.001 -14"><span class='ocrx_word' id='word_1_121' title='bbox 144 1515 258 1569; x_wconf 87' lang='lat' dir='ltr'><strong>nocitum</strong></span> <span class='ocrx_word' id='word_1_122' title='bbox 286 1530 345 1568; x_wconf 72' lang='lat' dir='ltr'><strong>esse</strong></span> <span class='ocrx_word' id='word_1_123' title='bbox 373 1529 464 1582; x_wconf 87' lang='lat' dir='ltr'><strong>posse,</strong></span> <span class='ocrx_word' id='word_1_124' title='bbox 490 1514 577 1568; x_wconf 74' lang='lat' dir='ltr'><strong>alliam</strong></span> <span class='ocrx_word' id='word_1_125' title='bbox 607 1517 739 1570; x_wconf 71' lang='lat' dir='ltr'><strong>cucullam</strong></span> <span class='ocrx_word' id='word_1_126' title='bbox 768 1522 795 1570; x_wconf 90' lang='lat' dir='ltr'><strong>et</strong></span> <span class='ocrx_word' id='word_1_127' title='bbox 821 1515 940 1571; x_wconf 84' lang='lat' dir='ltr'><strong>tunicam</strong></span> 
     </span>
     <span class='ocr_line' id='line_1_18' title="bbox 142 1601 939 1673; baseline 0 -16"><span class='ocrx_word' id='word_1_128' title='bbox 142 1601 272 1672; x_wconf 81' lang='lat' dir='ltr'><strong>induisti3</strong></span> <span class='ocrx_word' id='word_1_129' title='bbox 289 1609 315 1655; x_wconf 87' lang='lat' dir='ltr'><strong>et</strong></span> <span class='ocrx_word' id='word_1_130' title='bbox 329 1602 391 1671; x_wconf 90' lang='lat' dir='ltr'><strong>qnia</strong></span> <span class='ocrx_word' id='word_1_131' title='bbox 406 1601 457 1657; x_wconf 93' lang='lat' dir='ltr'><strong>sub</strong></span> <span class='ocrx_word' id='word_1_132' title='bbox 480 1602 617 1673; x_wconf 81' lang='lat' dir='ltr'><strong>nigrorum</strong></span> <span class='ocrx_word' id='word_1_133' title='bbox 638 1604 730 1658; x_wconf 89' lang='lat' dir='ltr'><strong>habitu</strong></span> <span class='ocrx_word' id='word_1_134' title='bbox 755 1603 939 1658; x_wconf 89' lang='lat' dir='ltr'><strong>innumerabi-</strong></span> 
     </span>
    </p>
   </div>
   <div class='ocr_carea' id='block_1_6' title="bbox 993 541 1794 1677">
    <p class='ocr_par' dir='ltr' id='par_1_6' title="bbox 994 541 1108 597">
     <span class='ocr_line' id='line_1_19' title="bbox 994 541 1108 597; baseline -0.035 0"><span class='ocrx_word' id='word_1_135' title='bbox 994 541 1108 597; x_wconf 76' lang='lat' dir='ltr'><strong>ruitur:</strong></span> 
     </span>
    </p>

    <p class='ocr_par' dir='ltr' id='par_1_7' title="bbox 993 561 1794 1677">
     <span class='ocr_line' id='line_1_20' title="bbox 1003 561 1791 701; baseline 0 -20"><span class='ocrx_word' id='word_1_136' title='bbox 1003 561 1011 614; x_wconf 51' lang='grc' dir='ltr'>Ι</span> <span class='ocrx_word' id='word_1_137' title='bbox 1031 653 1042 681; x_wconf 80' lang='lat' dir='ltr'><strong>t</strong></span> <span class='ocrx_word' id='word_1_138' title='bbox 1059 630 1180 685; x_wconf 83' lang='lat' dir='ltr'><strong>Vidimus</strong></span> <span class='ocrx_word' id='word_1_139' title='bbox 1194 628 1308 701; x_wconf 81' lang='lat' dir='ltr'>gloriam</span> <span class='ocrx_word' id='word_1_140' title='bbox 1322 626 1430 683; x_wconf 81' lang='lat' dir='ltr'>Domini</span> <span class='ocrx_word' id='word_1_141' title='bbox 1445 625 1472 680; x_wconf 91' lang='lat' dir='ltr'><strong>in</strong></span> <span class='ocrx_word' id='word_1_142' title='bbox 1487 624 1534 680; x_wconf 94' lang='lat' dir='ltr'><strong>illo</strong></span> <span class='ocrx_word' id='word_1_143' title='bbox 1556 623 1650 679; x_wconf 87' lang='lat' dir='ltr'><strong>matris</strong></span> <span class='ocrx_word' id='word_1_144' title='bbox 1668 634 1695 679; x_wconf 93' lang='lat' dir='ltr'><strong>et</strong></span> <span class='ocrx_word' id='word_1_145' title='bbox 1719 622 1791 681; x_wconf 89' lang='lat' dir='ltr'><strong>lilio·</strong></span> 
     </span>
     <span class='ocr_line' id='line_1_21' title="bbox 994 712 1789 788; baseline -0.01 -12"><span class='ocrx_word' id='word_1_146' title='bbox 994 737 1052 776; x_wconf 94' lang='lat' dir='ltr'><strong>rum</strong></span> <span class='ocrx_word' id='word_1_147' title='bbox 1072 719 1177 784; x_wconf 90' lang='lat' dir='ltr'><strong>itinere,</strong></span> <span class='ocrx_word' id='word_1_148' title='bbox 1192 733 1246 774; x_wconf 91' lang='lat' dir='ltr'><strong>nno</strong></span> <span class='ocrx_word' id='word_1_149' title='bbox 1268 717 1389 788; x_wconf 90' lang='lat' dir='ltr'><strong>quidem,</strong></span> <span class='ocrx_word' id='word_1_150' title='bbox 1414 716 1460 772; x_wconf 91' lang='lat' dir='ltr'><strong>sed</strong></span> <span class='ocrx_word' id='word_1_151' title='bbox 1486 714 1567 787; x_wconf 90' lang='lat' dir='ltr'><strong>longe</strong></span> <span class='ocrx_word' id='word_1_152' title='bbox 1587 712 1689 785; x_wconf 79' lang='lat' dir='ltr'>dispari</span> <span class='ocrx_word' id='word_1_153' title='bbox 1704 715 1789 771; x_wconf 90' lang='lat' dir='ltr'><strong>cultu.</strong></span> 
     </span>
     <span class='ocr_line' id='line_1_22' title="bbox 994 801 1793 874; baseline -0.008 -10"><span class='ocrx_word' id='word_1_154' title='bbox 994 811 1081 865; x_wconf 87' lang='lat' dir='ltr'><strong>blacro</strong></span> <span class='ocrx_word' id='word_1_155' title='bbox 1096 809 1168 863; x_wconf 92' lang='lat' dir='ltr'><strong>illam</strong></span> <span class='ocrx_word' id='word_1_156' title='bbox 1188 814 1214 861; x_wconf 94' lang='lat' dir='ltr'><strong>et</strong></span> <span class='ocrx_word' id='word_1_157' title='bbox 1235 806 1331 863; x_wconf 92' lang='lat' dir='ltr'><strong>viliore</strong></span> <span class='ocrx_word' id='word_1_158' title='bbox 1347 804 1438 859; x_wconf 84' lang='lat' dir='ltr'><strong>asellis</strong></span> <span class='ocrx_word' id='word_1_159' title='bbox 1457 802 1551 858; x_wconf 92' lang='lat' dir='ltr'><strong>burico</strong></span> <span class='ocrx_word' id='word_1_160' title='bbox 1567 801 1720 874; x_wconf 85' lang='lat' dir='ltr'><strong>sedentem,</strong></span> <span class='ocrx_word' id='word_1_161' title='bbox 1735 811 1793 858; x_wconf 89' lang='lat' dir='ltr'><strong>tota</strong></span> 
     </span>
     <span class='ocr_line' id='line_1_23' title="bbox 994 893 1791 968; baseline -0.008 -15"><span class='ocrx_word' id='word_1_162' title='bbox 994 900 1075 968; x_wconf 88' lang='lat' dir='ltr'><strong>hujus</strong></span> <span class='ocrx_word' id='word_1_163' title='bbox 1090 897 1181 952; x_wconf 83' lang='lat' dir='ltr'><strong>saeculi</strong></span> <span class='ocrx_word' id='word_1_164' title='bbox 1197 910 1304 967; x_wconf 91' lang='lat' dir='ltr'><strong>pompa,</strong></span> <span class='ocrx_word' id='word_1_165' title='bbox 1321 910 1374 966; x_wconf 89' lang='lat' dir='ltr'><strong>qua</strong></span> <span class='ocrx_word' id='word_1_166' title='bbox 1385 893 1510 949; x_wconf 87' lang='lat' dir='ltr'><strong>honorati</strong></span> <span class='ocrx_word' id='word_1_167' title='bbox 1525 899 1552 947; x_wconf 93' lang='lat' dir='ltr'><strong>et</strong></span> <span class='ocrx_word' id='word_1_168' title='bbox 1570 893 1692 962; x_wconf 75' lang='lat' dir='ltr'><strong>opulenti</strong></span> <span class='ocrx_word' id='word_1_169' title='bbox 1710 901 1791 963; x_wconf 92' lang='lat' dir='ltr'><strong>pote·</strong></span> 
     </span>
     <span class='ocr_line' id='line_1_24' title="bbox 995 981 1792 1054; baseline -0.004 -14"><span class='ocrx_word' id='word_1_170' title='bbox 995 995 1062 1054; x_wconf 90' lang='lat' dir='ltr'><strong>rant,</strong></span> <span class='ocrx_word' id='word_1_171' title='bbox 1077 985 1227 1042; x_wconf 89' lang='lat' dir='ltr'><strong>circumflui</strong></span> <span class='ocrx_word' id='word_1_172' title='bbox 1241 991 1380 1041; x_wconf 81' lang='lat' dir='ltr'><strong>senatores</strong></span> <span class='ocrx_word' id='word_1_173' title='bbox 1402 984 1634 1054; x_wconf 78' lang='lat' dir='ltr'><strong>prosequebantur</strong></span> <span class='ocrx_word' id='word_1_174' title='bbox 1651 998 1657 1038; x_wconf 74' lang='grc' dir='ltr'>ε</span> <span class='ocrx_word' id='word_1_175' title='bbox 1672 981 1792 1038; x_wconf 87' lang='lat' dir='ltr'><strong>carrucis</strong></span> 
     </span>
     <span class='ocr_line' id='line_1_25' title="bbox 994 1070 1793 1147; baseline -0.008 -16"><span class='ocrx_word' id='word_1_176' title='bbox 994 1076 1170 1145; x_wconf 88' lang='lat' dir='ltr'><strong>nutantibus,</strong></span> <span class='ocrx_word' id='word_1_177' title='bbox 1198 1074 1343 1147; x_wconf 89' lang='lat' dir='ltr'><strong>phaleratis</strong></span> <span class='ocrx_word' id='word_1_178' title='bbox 1369 1073 1460 1143; x_wconf 90' lang='lat' dir='ltr'><strong>equis,</strong></span> <span class='ocrx_word' id='word_1_179' title='bbox 1490 1071 1590 1128; x_wconf 88' lang='lat' dir='ltr'><strong>auratis</strong></span> <span class='ocrx_word' id='word_1_180' title='bbox 1619 1070 1736 1142; x_wconf 90' lang='lat' dir='ltr'><strong>pilentis,</strong></span> <span class='ocrx_word' id='word_1_181' title='bbox 1765 1077 1793 1126; x_wconf 92' lang='lat' dir='ltr'><strong>et</strong></span> 
     </span>
     <span class='ocr_line' id='line_1_26' title="bbox 994 1158 1789 1236; baseline -0.011 -15"><span class='ocrx_word' id='word_1_182' title='bbox 994 1165 1128 1236; x_wconf 72' lang='lat' dir='ltr'><strong>carpentis</strong></span> <span class='ocrx_word' id='word_1_183' title='bbox 1138 1165 1262 1236; x_wconf 89' lang='lat' dir='ltr'><strong>pluribus</strong></span> <span class='ocrx_word' id='word_1_184' title='bbox 1272 1168 1397 1234; x_wconf 77' lang='lat' dir='ltr'><strong>gemente</strong></span> <span class='ocrx_word' id='word_1_185' title='bbox 1407 1161 1494 1233; x_wconf 83' lang='lat' dir='ltr'><strong>Appia</strong></span> <span class='ocrx_word' id='word_1_186' title='bbox 1503 1170 1584 1231; x_wconf 91' lang='lat' dir='ltr'><strong>atque</strong></span> <span class='ocrx_word' id='word_1_187' title='bbox 1596 1160 1724 1233; x_wconf 80' lang='lat' dir='ltr'><strong>fulgente.</strong></span> <span class='ocrx_word' id='word_1_188' title='bbox 1735 1158 1789 1215; x_wconf 88' lang='lat' dir='ltr'><strong>Sed</strong></span> 
     </span>
     <span class='ocr_line' id='line_1_27' title="bbox 994 1247 1789 1326; baseline -0.013 -15"><span class='ocrx_word' id='word_1_189' title='bbox 994 1253 1182 1326; x_wconf 76' lang='lat' dir='ltr'><strong>splendoribus</strong></span> <span class='ocrx_word' id='word_1_190' title='bbox 1204 1252 1329 1309; x_wconf 84' lang='lat' dir='ltr'><strong>vanitatis</strong></span> <span class='ocrx_word' id='word_1_191' title='bbox 1348 1250 1511 1320; x_wconf 73' lang='lat' dir='ltr'><strong>praelucebat</strong></span> <span class='ocrx_word' id='word_1_192' title='bbox 1529 1249 1683 1304; x_wconf 76' lang='lat' dir='ltr'><strong>christianae</strong></span> <span class='ocrx_word' id='word_1_193' title='bbox 1697 1247 1789 1303; x_wconf 89' lang='lat' dir='ltr'><strong>bumi-</strong></span> 
     </span>
     <span class='ocr_line' id='line_1_28' title="bbox 993 1337 1789 1413; baseline -0.009 -16"><span class='ocrx_word' id='word_1_194' title='bbox 993 1343 1073 1397; x_wconf 88' lang='lat' dir='ltr'><strong>litatis</strong></span> <span class='ocrx_word' id='word_1_195' title='bbox 1089 1341 1185 1413; x_wconf 85' lang='lat' dir='ltr'><strong>gratia.</strong></span> <span class='ocrx_word' id='word_1_196' title='bbox 1201 1340 1412 1395; x_wconf 78' lang='lat' dir='ltr'><strong>Admirabantur</strong></span> <span class='ocrx_word' id='word_1_197' title='bbox 1425 1337 1523 1395; x_wconf 85' lang='lat' dir='ltr'><strong>diuites</strong></span> <span class='ocrx_word' id='word_1_198' title='bbox 1547 1337 1703 1409; x_wconf 85' lang='lat' dir='ltr'><strong>pauperiem</strong></span> <span class='ocrx_word' id='word_1_199' title='bbox 1723 1350 1789 1393; x_wconf 92' lang='lat' dir='ltr'><strong>san·</strong></span> 
     </span>
     <span class='ocr_line' id='line_1_29' title="bbox 995 1424 1790 1498; baseline -0.01 -12"><span class='ocrx_word' id='word_1_200' title='bbox 995 1439 1075 1495; x_wconf 74' lang='lat' dir='ltr'><strong>cmm,</strong></span> <span class='ocrx_word' id='word_1_201' title='bbox 1090 1438 1116 1485; x_wconf 89' lang='lat' dir='ltr'><strong>at</strong></span> <span class='ocrx_word' id='word_1_202' title='bbox 1131 1429 1192 1485; x_wconf 90' lang='lat' dir='ltr'><strong>illos</strong></span> <span class='ocrx_word' id='word_1_203' title='bbox 1211 1435 1303 1485; x_wconf 88' lang='lat' dir='ltr'><strong>nostra</strong></span> <span class='ocrx_word' id='word_1_204' title='bbox 1321 1427 1466 1498; x_wconf 87' lang='lat' dir='ltr'><strong>pauperies</strong></span> <span class='ocrx_word' id='word_1_205' title='bbox 1480 1427 1594 1482; x_wconf 88' lang='lat' dir='ltr'><strong>ridebat.</strong></span> <span class='ocrx_word' id='word_1_206' title='bbox 1609 1424 1731 1481; x_wconf 80' lang='lat' dir='ltr'><strong>Vidimus</strong></span> <span class='ocrx_word' id='word_1_207' title='bbox 1743 1424 1790 1478; x_wconf 87' lang='lat' dir='ltr'><strong>di·</strong></span> 
     </span>
     <span class='ocr_line' id='line_1_30' title="bbox 995 1515 1790 1594; baseline -0.009 -20"><span class='ocrx_word' id='word_1_208' title='bbox 995 1537 1078 1594; x_wconf 90' lang='lat' dir='ltr'><strong>gnum</strong></span> <span class='ocrx_word' id='word_1_209' title='bbox 1102 1521 1160 1575; x_wconf 86' lang='lat' dir='ltr'><strong>Deo</strong></span> <span class='ocrx_word' id='word_1_210' title='bbox 1178 1519 1258 1587; x_wconf 87' lang='lat' dir='ltr'><strong>hujus</strong></span> <span class='ocrx_word' id='word_1_211' title='bbox 1277 1517 1372 1573; x_wconf 90' lang='lat' dir='ltr'><strong>mundi</strong></span> <span class='ocrx_word' id='word_1_212' title='bbox 1396 1515 1592 1584; x_wconf 86' lang='lat' dir='ltr'><strong>confusionem,</strong></span> <span class='ocrx_word' id='word_1_213' title='bbox 1613 1528 1790 1586; x_wconf 90' lang='lat' dir='ltr'><strong>purpuream,</strong></span> 
     </span>
     <span class='ocr_line' id='line_1_31' title="bbox 995 1603 1794 1677; baseline -0.01 -12"><span class='ocrx_word' id='word_1_214' title='bbox 995 1609 1119 1677; x_wconf 88' lang='lat' dir='ltr'><strong>sericam,</strong></span> <span class='ocrx_word' id='word_1_215' title='bbox 1145 1615 1321 1677; x_wconf 88' lang='lat' dir='ltr'><strong>auratamque</strong></span> <span class='ocrx_word' id='word_1_216' title='bbox 1342 1605 1551 1677; x_wconf 79' lang='lat' dir='ltr'><strong>supellectilem,</strong></span> <span class='ocrx_word' id='word_1_217' title='bbox 1576 1603 1672 1676; x_wconf 90' lang='lat' dir='ltr'><strong>pannis</strong></span> <span class='ocrx_word' id='word_1_218' title='bbox 1692 1603 1794 1658; x_wconf 84' lang='lat' dir='ltr'><strong>reteri-</strong></span> 
     </span>
    </p>
   </div>
   <div class='ocr_carea' id='block_1_7' title="bbox 141 1682 1797 4345">
    <p class='ocr_par' dir='ltr' id='par_1_8' title="bbox 141 1682 1797 4345">
     <span class='ocr_line' id='line_1_32' title="bbox 142 1682 1793 1768; baseline 0 -25"><span class='ocrx_word' id='word_1_219' title='bbox 142 1690 182 1745; x_wconf 93' lang='lat' dir='ltr'><strong>les</strong></span> <span class='ocrx_word' id='word_1_220' title='bbox 201 1691 282 1758; x_wconf 81' lang='lat' dir='ltr'><strong>liujus</strong></span> <span class='ocrx_word' id='word_1_221' title='bbox 300 1689 411 1744; x_wconf 86' lang='lat' dir='ltr'><strong>Ordinis</strong></span> <span class='ocrx_word' id='word_1_222' title='bbox 435 1691 582 1761; x_wconf 80' lang='lat' dir='ltr'><strong>tepefactos</strong></span> <span class='ocrx_word' id='word_1_223' title='bbox 603 1710 618 1747; x_wconf 90' lang='lat' dir='ltr'><strong>a</strong></span> <span class='ocrx_word' id='word_1_224' title='bbox 642 1692 782 1764; x_wconf 90' lang='lat' dir='ltr'><strong>proposito</strong></span> <span class='ocrx_word' id='word_1_225' title='bbox 800 1698 938 1757; x_wconf 84' lang='lat' dir='ltr'><strong>cernebas,</strong></span> <span class='ocrx_word' id='word_1_226' title='bbox 958 1682 979 1759; x_wconf 84' lang='grc' dir='ltr'><strong>Β</strong></span> <span class='ocrx_word' id='word_1_227' title='bbox 996 1698 1045 1752; x_wconf 89' lang='lat' dir='ltr'><strong>bns</strong></span> <span class='ocrx_word' id='word_1_228' title='bbox 1068 1707 1096 1752; x_wconf 93' lang='lat' dir='ltr'><strong>et</strong></span> <span class='ocrx_word' id='word_1_229' title='bbox 1119 1696 1204 1768; x_wconf 89' lang='lat' dir='ltr'><strong>nigris</strong></span> <span class='ocrx_word' id='word_1_230' title='bbox 1226 1695 1398 1750; x_wconf 82' lang='lat' dir='ltr'><strong>seruientem.</strong></span> <span class='ocrx_word' id='word_1_231' title='bbox 1423 1692 1611 1747; x_wconf 85' lang='lat' dir='ltr'><strong>Benediximus</strong></span> <span class='ocrx_word' id='word_1_232' title='bbox 1634 1690 1793 1758; x_wconf 90' lang='lat' dir='ltr'><strong>Dominum,</strong></span> 
     </span>
     <span class='ocr_line' id='line_1_33' title="bbox 142 1778 1794 1858; baseline 0.001 -24"><span class='ocrx_word' id='word_1_233' title='bbox 142 1778 174 1834; x_wconf 90' lang='lat' dir='ltr'><strong>ad</strong></span> <span class='ocrx_word' id='word_1_234' title='bbox 191 1779 320 1847; x_wconf 83' lang='lat' dir='ltr'><strong>majorem</strong></span> <span class='ocrx_word' id='word_1_235' title='bbox 335 1786 362 1833; x_wconf 89' lang='lat' dir='ltr'><strong>et</strong></span> <span class='ocrx_word' id='word_1_236' title='bbox 377 1793 477 1839; x_wconf 84' lang='lat' dir='ltr'><strong>norum</strong></span> <span class='ocrx_word' id='word_1_237' title='bbox 489 1780 644 1836; x_wconf 73' lang='lat' dir='ltr'><strong>monasticae</strong></span> <span class='ocrx_word' id='word_1_238' title='bbox 655 1782 795 1854; x_wconf 76' lang='lat' dir='ltr'><strong>religionis</strong></span> <span class='ocrx_word' id='word_1_239' title='bbox 804 1780 938 1837; x_wconf 67' lang='lat' dir='ltr'><strong>sertorem</strong></span> <span class='ocrx_word' id='word_1_240' title='bbox 996 1787 1041 1858; x_wconf 94' lang='lat' dir='ltr'><strong>qui</strong></span> <span class='ocrx_word' id='word_1_241' title='bbox 1055 1787 1171 1842; x_wconf 88' lang='lat' dir='ltr'><strong>humiles</strong></span> <span class='ocrx_word' id='word_1_242' title='bbox 1184 1785 1307 1840; x_wconf 85' lang='lat' dir='ltr'><strong>excelsos</strong></span> <span class='ocrx_word' id='word_1_243' title='bbox 1322 1783 1395 1849; x_wconf 91' lang='lat' dir='ltr'><strong>facit,</strong></span> <span class='ocrx_word' id='word_1_244' title='bbox 1415 1781 1563 1837; x_wconf 85' lang='lat' dir='ltr'><strong>esurientes</strong></span> <span class='ocrx_word' id='word_1_245' title='bbox 1584 1780 1678 1851; x_wconf 91' lang='lat' dir='ltr'><strong>implet</strong></span> <span class='ocrx_word' id='word_1_246' title='bbox 1700 1781 1794 1850; x_wconf 77' lang='lat' dir='ltr'><strong>lionis,</strong></span> 
     </span>
     <span class='ocr_line' id='line_1_34' title="bbox 143 1868 1793 1929; baseline 0 -7"><span class='ocrx_word' id='word_1_247' title='bbox 143 1869 195 1923; x_wconf 86' lang='lat' dir='ltr'><strong>lroc</strong></span> <span class='ocrx_word' id='word_1_248' title='bbox 221 1868 353 1922; x_wconf 86' lang='lat' dir='ltr'><strong>haetenus</strong></span> <span class='ocrx_word' id='word_1_249' title='bbox 381 1868 507 1924; x_wconf 89' lang='lat' dir='ltr'><strong>inusitato</strong></span> <span class='ocrx_word' id='word_1_250' title='bbox 537 1872 653 1927; x_wconf 90' lang='lat' dir='ltr'><strong>vestium</strong></span> <span class='ocrx_word' id='word_1_251' title='bbox 680 1872 796 1927; x_wconf 81' lang='lat' dir='ltr'><strong>cautiore</strong></span> <span class='ocrx_word' id='word_1_252' title='bbox 827 1870 942 1926; x_wconf 86' lang='lat' dir='ltr'><strong>excitare</strong></span> <span class='ocrx_word' id='word_1_253' title='bbox 997 1881 1025 1929; x_wconf 92' lang='lat' dir='ltr'><strong>et</strong></span> <span class='ocrx_word' id='word_1_254' title='bbox 1046 1873 1143 1929; x_wconf 81' lang='lat' dir='ltr'><strong>diuites</strong></span> <span class='ocrx_word' id='word_1_255' title='bbox 1162 1871 1271 1927; x_wconf 88' lang='lat' dir='ltr'><strong>dimittit</strong></span> <span class='ocrx_word' id='word_1_256' title='bbox 1293 1873 1430 1926; x_wconf 77' lang='lat' dir='ltr'><strong>inanes.»</strong></span> <span class='ocrx_word' id='word_1_257' title='bbox 1456 1870 1524 1925; x_wconf 89' lang='lat' dir='ltr'><strong>Ecce</strong></span> <span class='ocrx_word' id='word_1_258' title='bbox 1546 1883 1600 1924; x_wconf 92' lang='lat' dir='ltr'><strong>non</strong></span> <span class='ocrx_word' id='word_1_259' title='bbox 1627 1868 1717 1923; x_wconf 87' lang='lat' dir='ltr'><strong>solum</strong></span> <span class='ocrx_word' id='word_1_260' title='bbox 1742 1869 1793 1923; x_wconf 82' lang='lat' dir='ltr'><strong>riri</strong></span> 
     </span>
     <span class='ocr_line' id='line_1_35' title="bbox 144 1955 1794 2034; baseline -0.001 -23"><span class='ocrx_word' id='word_1_261' title='bbox 144 1963 201 2011; x_wconf 91' lang='lat' dir='ltr'><strong>arte</strong></span> <span class='ocrx_word' id='word_1_262' title='bbox 214 1955 344 2010; x_wconf 87' lang='lat' dir='ltr'><strong>laudabili</strong></span> <span class='ocrx_word' id='word_1_263' title='bbox 364 1957 480 2012; x_wconf 87' lang='lat' dir='ltr'><strong>voluisti.</strong></span> <span class='ocrx_word' id='word_1_264' title='bbox 497 1959 519 2013; x_wconf 98' lang='lat' dir='ltr'><strong>ll</strong></span> <span class='ocrx_word' id='word_1_265' title='bbox 529 1960 586 2014; x_wconf 83' lang='lat' dir='ltr'><strong>ibes</strong></span> <span class='ocrx_word' id='word_1_266' title='bbox 609 1967 635 2015; x_wconf 91' lang='lat' dir='ltr'><strong>et</strong></span> <span class='ocrx_word' id='word_1_267' title='bbox 655 1970 683 2015; x_wconf 95' lang='lat' dir='ltr'><strong>tn</strong></span> <span class='ocrx_word' id='word_1_268' title='bbox 707 1975 761 2016; x_wconf 90' lang='lat' dir='ltr'><strong>non</strong></span> <span class='ocrx_word' id='word_1_269' title='bbox 779 1956 944 2014; x_wconf 88' lang='lat' dir='ltr'><strong>dissimiliter</strong></span> <span class='ocrx_word' id='word_1_270' title='bbox 998 1963 1113 2034; x_wconf 87' lang='lat' dir='ltr'><strong>antiquae</strong></span> <span class='ocrx_word' id='word_1_271' title='bbox 1136 1958 1286 2034; x_wconf 85' lang='lat' dir='ltr'><strong>religionis,</strong></span> <span class='ocrx_word' id='word_1_272' title='bbox 1310 1959 1357 2014; x_wconf 92' lang='lat' dir='ltr'><strong>sed</strong></span> <span class='ocrx_word' id='word_1_273' title='bbox 1379 1957 1459 2013; x_wconf 89' lang='lat' dir='ltr'><strong>etiam</strong></span> <span class='ocrx_word' id='word_1_274' title='bbox 1481 1957 1619 2021; x_wconf 90' lang='lat' dir='ltr'><strong>mulieres,</strong></span> <span class='ocrx_word' id='word_1_275' title='bbox 1644 1955 1794 2011; x_wconf 88' lang='lat' dir='ltr'><strong>sanctitatis</strong></span> 
     </span>
     <span class='ocr_line' id='line_1_36' title="bbox 146 2044 1792 2124; baseline 0 -24"><span class='ocrx_word' id='word_1_276' title='bbox 146 2044 312 2116; x_wconf 88' lang='lat' dir='ltr'><strong>probabilem</strong></span> <span class='ocrx_word' id='word_1_277' title='bbox 328 2052 464 2101; x_wconf 87' lang='lat' dir='ltr'><strong>auctorem</strong></span> <span class='ocrx_word' id='word_1_278' title='bbox 477 2047 627 2120; x_wconf 86' lang='lat' dir='ltr'><strong>nigredinis</strong></span> <span class='ocrx_word' id='word_1_279' title='bbox 645 2055 708 2117; x_wconf 78' lang='lat' dir='ltr'><strong>tna,</strong></span> <span class='ocrx_word' id='word_1_280' title='bbox 726 2047 943 2122; x_wconf 82' lang='lat' dir='ltr'><strong>longissimnma</strong></span> <span class='ocrx_word' id='word_1_281' title='bbox 996 2051 1165 2124; x_wconf 92' lang='lat' dir='ltr'><strong>propositum</strong></span> <span class='ocrx_word' id='word_1_282' title='bbox 1188 2054 1366 2113; x_wconf 87' lang='lat' dir='ltr'><strong>assumentes,</strong></span> <span class='ocrx_word' id='word_1_283' title='bbox 1392 2048 1514 2103; x_wconf 86' lang='lat' dir='ltr'><strong>vestibus</strong></span> <span class='ocrx_word' id='word_1_284' title='bbox 1535 2044 1621 2116; x_wconf 90' lang='lat' dir='ltr'><strong>nigris</strong></span> <span class='ocrx_word' id='word_1_285' title='bbox 1642 2060 1697 2100; x_wconf 83' lang='lat' dir='ltr'><strong>usae</strong></span> <span class='ocrx_word' id='word_1_286' title='bbox 1722 2045 1792 2100; x_wconf 90' lang='lat' dir='ltr'><strong>scri·</strong></span> 
     </span>
     <span class='ocr_line' id='line_1_37' title="bbox 145 2127 1555 2209; baseline 0.003 -21"><span class='ocrx_word' id='word_1_287' title='bbox 145 2135 267 2206; x_wconf 90' lang='lat' dir='ltr'><strong>patribus</strong></span> <span class='ocrx_word' id='word_1_288' title='bbox 280 2133 405 2189; x_wconf 89' lang='lat' dir='ltr'><strong>traditum</strong></span> <span class='ocrx_word' id='word_1_289' title='bbox 427 2136 632 2192; x_wconf 86' lang='lat' dir='ltr'><strong>consuetudinis</strong></span> <span class='ocrx_word' id='word_1_290' title='bbox 649 2154 752 2192; x_wconf 91' lang='lat' dir='ltr'><strong>morem</strong></span> <span class='ocrx_word' id='word_1_291' title='bbox 769 2155 775 2191; x_wconf 92' lang='lat'>:</span> <span class='ocrx_word' id='word_1_292' title='bbox 790 2153 843 2209; x_wconf 93' lang='lat' dir='ltr'><strong>quo</strong></span> <span class='ocrx_word' id='word_1_293' title='bbox 861 2136 943 2191; x_wconf 92' lang='lat' dir='ltr'><strong>tutior</strong></span> <span class='ocrx_word' id='word_1_294' title='bbox 997 2143 1108 2199; x_wconf 81' lang='lat' dir='ltr'><strong>buntur.</strong></span> <span class='ocrx_word' id='word_1_295' title='bbox 1551 2127 1555 2133; x_wconf 74' lang='grc'><strong>’</strong></span> 
     </span>
     <span class='ocr_line' id='line_1_38' title="bbox 146 2222 1794 2299; baseline -0.002 -20"><span class='ocrx_word' id='word_1_296' title='bbox 146 2223 195 2279; x_wconf 92' lang='lat' dir='ltr'><strong>tibi</strong></span> <span class='ocrx_word' id='word_1_297' title='bbox 216 2224 317 2281; x_wconf 85' lang='lat' dir='ltr'><strong>uideris</strong></span> <span class='ocrx_word' id='word_1_298' title='bbox 341 2226 478 2298; x_wconf 90' lang='lat' dir='ltr'><strong>sequendo</strong></span> <span class='ocrx_word' id='word_1_299' title='bbox 504 2237 614 2299; x_wconf 86' lang='lat' dir='ltr'><strong>uetera,</strong></span> <span class='ocrx_word' id='word_1_300' title='bbox 639 2243 718 2298; x_wconf 89' lang='lat' dir='ltr'><strong>qnam</strong></span> <span class='ocrx_word' id='word_1_301' title='bbox 742 2225 943 2281; x_wconf 89' lang='lat' dir='ltr'><strong>adinveniendo</strong></span> <span class='ocrx_word' id='word_1_302' title='bbox 1033 2233 1077 2286; x_wconf 73' lang='lat' dir='ltr'><strong>at.</strong></span> <span class='ocrx_word' id='word_1_303' title='bbox 1102 2230 1169 2284; x_wconf 79' lang='lat' dir='ltr'><strong>Nam</strong></span> <span class='ocrx_word' id='word_1_304' title='bbox 1197 2235 1227 2282; x_wconf 89' lang='lat' dir='ltr'><strong>ut</strong></span> <span class='ocrx_word' id='word_1_305' title='bbox 1251 2225 1322 2297; x_wconf 89' lang='lat' dir='ltr'><strong>quod</strong></span> <span class='ocrx_word' id='word_1_306' title='bbox 1346 2223 1433 2280; x_wconf 88' lang='lat' dir='ltr'><strong>sentio</strong></span> <span class='ocrx_word' id='word_1_307' title='bbox 1461 2222 1553 2287; x_wconf 82' lang='lat' dir='ltr'><strong>fatem,</strong></span> <span class='ocrx_word' id='word_1_308' title='bbox 1579 2223 1667 2277; x_wconf 89' lang='lat' dir='ltr'><strong>visum</strong></span> <span class='ocrx_word' id='word_1_309' title='bbox 1686 2231 1736 2289; x_wconf 90' lang='lat' dir='ltr'><strong>est,</strong></span> <span class='ocrx_word' id='word_1_310' title='bbox 1765 2233 1794 2280; x_wconf 90' lang='lat' dir='ltr'><strong>nt</strong></span> 
     </span>
     <span class='ocr_line' id='line_1_39' title="bbox 146 2312 1794 2388; baseline -0.002 -18"><span class='ocrx_word' id='word_1_311' title='bbox 146 2329 223 2371; x_wconf 90' lang='lat' dir='ltr'><strong>nova.</strong></span> <span class='ocrx_word' id='word_1_312' title='bbox 239 2315 328 2369; x_wconf 90' lang='lat' dir='ltr'><strong>llabes</strong></span> <span class='ocrx_word' id='word_1_313' title='bbox 351 2324 463 2387; x_wconf 89' lang='lat' dir='ltr'><strong>uterque</strong></span> <span class='ocrx_word' id='word_1_314' title='bbox 486 2317 624 2387; x_wconf 89' lang='lat' dir='ltr'><strong>utriusque</strong></span> <span class='ocrx_word' id='word_1_315' title='bbox 645 2316 743 2372; x_wconf 90' lang='lat' dir='ltr'><strong>coloris</strong></span> <span class='ocrx_word' id='word_1_316' title='bbox 766 2315 803 2372; x_wconf 92' lang='lat' dir='ltr'><strong>tui</strong></span> <span class='ocrx_word' id='word_1_317' title='bbox 827 2315 942 2387; x_wconf 84' lang='lat' dir='ltr'><strong>irrexpn·</strong></span> <span class='ocrx_word' id='word_1_318' title='bbox 997 2318 1063 2374; x_wconf 89' lang='lat' dir='ltr'><strong>mihi</strong></span> <span class='ocrx_word' id='word_1_319' title='bbox 1078 2319 1195 2383; x_wconf 87' lang='lat' dir='ltr'><strong>videtur,</strong></span> <span class='ocrx_word' id='word_1_320' title='bbox 1209 2315 1317 2388; x_wconf 89' lang='lat' dir='ltr'><strong>magnis</strong></span> <span class='ocrx_word' id='word_1_321' title='bbox 1339 2314 1461 2386; x_wconf 87' lang='lat' dir='ltr'><strong>patribus</strong></span> <span class='ocrx_word' id='word_1_322' title='bbox 1475 2312 1528 2368; x_wconf 92' lang='lat' dir='ltr'><strong>illis</strong></span> <span class='ocrx_word' id='word_1_323' title='bbox 1541 2312 1650 2386; x_wconf 85' lang='lat' dir='ltr'><strong>nigrum</strong></span> <span class='ocrx_word' id='word_1_324' title='bbox 1665 2312 1744 2378; x_wconf 92' lang='lat' dir='ltr'><strong>hunc,</strong></span> <span class='ocrx_word' id='word_1_325' title='bbox 1758 2314 1794 2369; x_wconf 89' lang='lat' dir='ltr'><strong>de</strong></span> 
     </span>
     <span class='ocr_line' id='line_1_40' title="bbox 143 2401 1794 2481; baseline 0.001 -24"><span class='ocrx_word' id='word_1_326' title='bbox 143 2402 278 2476; x_wconf 89' lang='lat' dir='ltr'><strong>gnabilem</strong></span> <span class='ocrx_word' id='word_1_327' title='bbox 294 2405 530 2476; x_wconf 85' lang='lat' dir='ltr'><strong>propugnatricem</strong></span> <span class='ocrx_word' id='word_1_328' title='bbox 552 2405 637 2477; x_wconf 87' lang='lat' dir='ltr'><strong>ipsius</strong></span> <span class='ocrx_word' id='word_1_329' title='bbox 656 2406 808 2460; x_wconf 91' lang='lat' dir='ltr'><strong>eommunis</strong></span> <span class='ocrx_word' id='word_1_330' title='bbox 830 2405 942 2475; x_wconf 81' lang='lat' dir='ltr'><strong>lingula</strong></span> <span class='ocrx_word' id='word_1_331' title='bbox 997 2425 1050 2480; x_wconf 87' lang='lat' dir='ltr'><strong>quo</strong></span> <span class='ocrx_word' id='word_1_332' title='bbox 1064 2409 1162 2481; x_wconf 88' lang='lat' dir='ltr'><strong>agitur,</strong></span> <span class='ocrx_word' id='word_1_333' title='bbox 1178 2407 1297 2462; x_wconf 84' lang='lat' dir='ltr'><strong>colorem</strong></span> <span class='ocrx_word' id='word_1_334' title='bbox 1318 2404 1405 2476; x_wconf 88' lang='lat' dir='ltr'><strong>magis</strong></span> <span class='ocrx_word' id='word_1_335' title='bbox 1428 2403 1582 2472; x_wconf 81' lang='lat' dir='ltr'><strong>humilitati,</strong></span> <span class='ocrx_word' id='word_1_336' title='bbox 1598 2401 1683 2473; x_wconf 88' lang='lat' dir='ltr'><strong>magis</strong></span> <span class='ocrx_word' id='word_1_337' title='bbox 1703 2403 1794 2474; x_wconf 88' lang='lat' dir='ltr'><strong>poeni-</strong></span> 
     </span>
     <span class='ocr_line' id='line_1_41' title="bbox 143 2491 1795 2568; baseline -0.001 -20"><span class='ocrx_word' id='word_1_338' title='bbox 143 2506 237 2550; x_wconf 90' lang='lat' dir='ltr'><strong>rocem</strong></span> <span class='ocrx_word' id='word_1_339' title='bbox 260 2494 337 2565; x_wconf 78' lang='lat' dir='ltr'><strong>(fleg.</strong></span> <span class='ocrx_word' id='word_1_340' title='bbox 357 2492 385 2549; x_wconf 88' lang='lat' dir='ltr'><strong>S.</strong></span> <span class='ocrx_word' id='word_1_341' title='bbox 403 2493 558 2563; x_wconf 76' lang='lat' dir='ltr'><strong>Bartcdrcli,</strong></span> <span class='ocrx_word' id='word_1_342' title='bbox 578 2510 637 2564; x_wconf 89' lang='lat' dir='ltr'><strong>cap.</strong></span> <span class='ocrx_word' id='word_1_343' title='bbox 654 2495 719 2565; x_wconf 81' lang='lat' dir='ltr'><strong>55l;</strong></span> <span class='ocrx_word' id='word_1_344' title='bbox 736 2509 796 2564; x_wconf 79' lang='lat' dir='ltr'><strong>quac</strong></span> <span class='ocrx_word' id='word_1_345' title='bbox 817 2492 940 2563; x_wconf 76' lang='lat' dir='ltr'><strong>ltraecipil</strong></span> <span class='ocrx_word' id='word_1_346' title='bbox 998 2497 1099 2562; x_wconf 79' lang='lat' dir='ltr'><strong>tentiae,</strong></span> <span class='ocrx_word' id='word_1_347' title='bbox 1115 2495 1203 2568; x_wconf 88' lang='lat' dir='ltr'><strong>magis</strong></span> <span class='ocrx_word' id='word_1_348' title='bbox 1217 2495 1301 2550; x_wconf 92' lang='lat' dir='ltr'><strong>luctui</strong></span> <span class='ocrx_word' id='word_1_349' title='bbox 1316 2494 1461 2549; x_wconf 85' lang='lat' dir='ltr'><strong>convenire</strong></span> <span class='ocrx_word' id='word_1_350' title='bbox 1479 2511 1485 2546; x_wconf 92' lang='lat'>:</span> <span class='ocrx_word' id='word_1_351' title='bbox 1503 2494 1602 2563; x_wconf 86' lang='lat' dir='ltr'><strong>quibus</strong></span> <span class='ocrx_word' id='word_1_352' title='bbox 1615 2491 1710 2548; x_wconf 88' lang='lat' dir='ltr'><strong>studiis</strong></span> <span class='ocrx_word' id='word_1_353' title='bbox 1728 2493 1795 2563; x_wconf 91' lang='lat' dir='ltr'><strong>quia</strong></span> 
     </span>
     <span class='ocr_line' id='line_1_42' title="bbox 144 2580 1791 2656; baseline -0.001 -20"><span class='ocrx_word' id='word_1_354' title='bbox 144 2590 174 2637; x_wconf 93' lang='lat' dir='ltr'><strong>ut</strong></span> <span class='ocrx_word' id='word_1_355' title='bbox 186 2581 219 2637; x_wconf 94' lang='lat' dir='ltr'><strong>de</strong></span> <span class='ocrx_word' id='word_1_356' title='bbox 232 2584 351 2638; x_wconf 85' lang='lat' dir='ltr'><strong>vestium</strong></span> <span class='ocrx_word' id='word_1_357' title='bbox 366 2582 456 2638; x_wconf 88' lang='lat' dir='ltr'><strong>colore</strong></span> <span class='ocrx_word' id='word_1_358' title='bbox 470 2593 517 2638; x_wconf 92' lang='lat' dir='ltr'><strong>aut</strong></span> <span class='ocrx_word' id='word_1_359' title='bbox 531 2583 714 2656; x_wconf 81' lang='lat' dir='ltr'><strong>grossitudine</strong></span> <span class='ocrx_word' id='word_1_360' title='bbox 729 2598 783 2638; x_wconf 94' lang='lat' dir='ltr'><strong>non</strong></span> <span class='ocrx_word' id='word_1_361' title='bbox 798 2589 943 2637; x_wconf 85' lang='lat' dir='ltr'><strong>causentur</strong></span> <span class='ocrx_word' id='word_1_362' title='bbox 999 2594 1080 2642; x_wconf 84' lang='lat' dir='ltr'><strong>totam</strong></span> <span class='ocrx_word' id='word_1_363' title='bbox 1108 2585 1232 2641; x_wconf 85' lang='lat' dir='ltr'><strong>monachi</strong></span> <span class='ocrx_word' id='word_1_364' title='bbox 1258 2583 1340 2640; x_wconf 87' lang='lat' dir='ltr'><strong>vitam</strong></span> <span class='ocrx_word' id='word_1_365' title='bbox 1364 2582 1479 2636; x_wconf 84' lang='lat' dir='ltr'><strong>maxime</strong></span> <span class='ocrx_word' id='word_1_366' title='bbox 1505 2580 1649 2652; x_wconf 83' lang='lat' dir='ltr'><strong>invigilare</strong></span> <span class='ocrx_word' id='word_1_367' title='bbox 1674 2589 1791 2651; x_wconf 87' lang='lat' dir='ltr'><strong>oportet,</strong></span> 
     </span>
     <span class='ocr_line' id='line_1_43' title="bbox 145 2671 1795 2744; baseline 0 -20"><span class='ocrx_word' id='word_1_368' title='bbox 145 2672 285 2737; x_wconf 84' lang='lat' dir='ltr'><strong>monachi,</strong></span> <span class='ocrx_word' id='word_1_369' title='bbox 309 2672 356 2727; x_wconf 88' lang='lat' dir='ltr'><strong>sed</strong></span> <span class='ocrx_word' id='word_1_370' title='bbox 381 2672 451 2727; x_wconf 85' lang='lat' dir='ltr'><strong>illius</strong></span> <span class='ocrx_word' id='word_1_371' title='bbox 475 2673 573 2728; x_wconf 90' lang='lat' dir='ltr'><strong>coloris</strong></span> <span class='ocrx_word' id='word_1_372' title='bbox 597 2683 642 2727; x_wconf 91' lang='lat' dir='ltr'><strong>aut</strong></span> <span class='ocrx_word' id='word_1_373' title='bbox 662 2673 798 2744; x_wconf 80' lang='lat' dir='ltr'><strong>qualitatis</strong></span> <span class='ocrx_word' id='word_1_374' title='bbox 822 2673 944 2729; x_wconf 74' lang='lat' dir='ltr'><strong>rustitius</strong></span> <span class='ocrx_word' id='word_1_375' title='bbox 997 2676 1174 2732; x_wconf 83' lang='lat' dir='ltr'><strong>decreverunt</strong></span> <span class='ocrx_word' id='word_1_376' title='bbox 1189 2681 1217 2727; x_wconf 94' lang='lat' dir='ltr'><strong>ut</strong></span> <span class='ocrx_word' id='word_1_377' title='bbox 1233 2671 1307 2728; x_wconf 90' lang='lat' dir='ltr'><strong>color</strong></span> <span class='ocrx_word' id='word_1_378' title='bbox 1321 2671 1451 2741; x_wconf 89' lang='lat' dir='ltr'><strong>moribus,</strong></span> <span class='ocrx_word' id='word_1_379' title='bbox 1467 2681 1556 2728; x_wconf 89' lang='lat' dir='ltr'><strong>vestes</strong></span> <span class='ocrx_word' id='word_1_380' title='bbox 1570 2671 1723 2735; x_wconf 84' lang='lat' dir='ltr'><strong>uirtutibus,</strong></span> <span class='ocrx_word' id='word_1_381' title='bbox 1740 2687 1795 2742; x_wconf 90' lang='lat' dir='ltr'><strong>qua</strong></span> 
     </span>
     <span class='ocr_line' id='line_1_44' title="bbox 145 2757 1792 2834; baseline -0.001 -20"><span class='ocrx_word' id='word_1_382' title='bbox 145 2764 266 2825; x_wconf 90' lang='lat' dir='ltr'><strong>utantur,</strong></span> <span class='ocrx_word' id='word_1_383' title='bbox 283 2777 344 2830; x_wconf 74' lang='lat' dir='ltr'><strong>qna&gt;</strong></span> <span class='ocrx_word' id='word_1_384' title='bbox 360 2760 384 2814; x_wconf 93' lang='lat' dir='ltr'><strong>in</strong></span> <span class='ocrx_word' id='word_1_385' title='bbox 407 2762 613 2833; x_wconf 74' lang='lat' dir='ltr'><strong>provinciaque</strong></span> <span class='ocrx_word' id='word_1_386' title='bbox 638 2762 758 2818; x_wconf 87' lang='lat' dir='ltr'><strong>habitant</strong></span> <span class='ocrx_word' id='word_1_387' title='bbox 776 2763 817 2820; x_wconf 85' lang='lat' dir='ltr'><strong>vel</strong></span> <span class='ocrx_word' id='word_1_388' title='bbox 838 2763 944 2817; x_wconf 91' lang='lat' dir='ltr'><strong>facilius</strong></span> <span class='ocrx_word' id='word_1_389' title='bbox 998 2771 1109 2834; x_wconf 86' lang='lat' dir='ltr'><strong>possent</strong></span> <span class='ocrx_word' id='word_1_390' title='bbox 1122 2761 1284 2834; x_wconf 83' lang='lat' dir='ltr'><strong>cognatione</strong></span> <span class='ocrx_word' id='word_1_391' title='bbox 1301 2761 1490 2832; x_wconf 84' lang='lat' dir='ltr'><strong>jungerentur.</strong></span> <span class='ocrx_word' id='word_1_392' title='bbox 1515 2757 1608 2815; x_wconf 81' lang='lat' dir='ltr'><strong>Vestes</strong></span> <span class='ocrx_word' id='word_1_393' title='bbox 1630 2760 1701 2814; x_wconf 92' lang='lat' dir='ltr'><strong>enim</strong></span> <span class='ocrx_word' id='word_1_394' title='bbox 1724 2774 1792 2814; x_wconf 90' lang='lat' dir='ltr'><strong>can-</strong></span> 
     </span>
     <span class='ocr_line' id='line_1_45' title="bbox 144 2846 1794 2925; baseline 0.001 -24"><span class='ocrx_word' id='word_1_395' title='bbox 144 2846 258 2904; x_wconf 89' lang='lat' dir='ltr'><strong>inveniri</strong></span> <span class='ocrx_word' id='word_1_396' title='bbox 284 2848 326 2903; x_wconf 87' lang='lat' dir='ltr'><strong>rel</strong></span> <span class='ocrx_word' id='word_1_397' title='bbox 358 2848 448 2904; x_wconf 91' lang='lat' dir='ltr'><strong>levius</strong></span> <span class='ocrx_word' id='word_1_398' title='bbox 477 2851 627 2920; x_wconf 89' lang='lat' dir='ltr'><strong>comparari</strong></span> <span class='ocrx_word' id='word_1_399' title='bbox 662 2850 807 2920; x_wconf 91' lang='lat' dir='ltr'><strong>potuerint.</strong></span> <span class='ocrx_word' id='word_1_400' title='bbox 831 2852 944 2906; x_wconf 85' lang='lat' dir='ltr'><strong>Tutatur</strong></span> <span class='ocrx_word' id='word_1_401' title='bbox 997 2855 1074 2909; x_wconf 87' lang='lat' dir='ltr'><strong>didas</strong></span> <span class='ocrx_word' id='word_1_402' title='bbox 1089 2856 1175 2925; x_wconf 89' lang='lat' dir='ltr'><strong>magis</strong></span> <span class='ocrx_word' id='word_1_403' title='bbox 1189 2849 1305 2925; x_wconf 88' lang='lat' dir='ltr'><strong>gloriam</strong></span> <span class='ocrx_word' id='word_1_404' title='bbox 1320 2865 1401 2921; x_wconf 91' lang='lat' dir='ltr'><strong>quarn</strong></span> <span class='ocrx_word' id='word_1_405' title='bbox 1416 2848 1606 2915; x_wconf 83' lang='lat' dir='ltr'><strong>abjectionem,</strong></span> <span class='ocrx_word' id='word_1_406' title='bbox 1625 2848 1711 2921; x_wconf 88' lang='lat' dir='ltr'><strong>magis</strong></span> <span class='ocrx_word' id='word_1_407' title='bbox 1725 2864 1794 2920; x_wconf 89' lang='lat' dir='ltr'><strong>gan·</strong></span> 
     </span>
     <span class='ocr_line' id='line_1_46' title="bbox 144 2937 1795 3013; baseline -0.002 -20"><span class='ocrx_word' id='word_1_408' title='bbox 144 2952 211 3012; x_wconf 87' lang='lat' dir='ltr'><strong>ergo</strong></span> <span class='ocrx_word' id='word_1_409' title='bbox 225 2937 373 2995; x_wconf 89' lang='lat' dir='ltr'><strong>albedinem</strong></span> <span class='ocrx_word' id='word_1_410' title='bbox 399 2949 473 2994; x_wconf 88' lang='lat' dir='ltr'><strong>tuam</strong></span> <span class='ocrx_word' id='word_1_411' title='bbox 489 2939 558 2993; x_wconf 86' lang='lat' dir='ltr'><strong>ratio</strong></span> <span class='ocrx_word' id='word_1_412' title='bbox 582 2940 745 3013; x_wconf 89' lang='lat' dir='ltr'><strong>supradicta,</strong></span> <span class='ocrx_word' id='word_1_413' title='bbox 762 2942 803 2996; x_wconf 89' lang='lat' dir='ltr'><strong>vel</strong></span> <span class='ocrx_word' id='word_1_414' title='bbox 827 2940 942 2997; x_wconf 76' lang='lat' dir='ltr'><strong>fortasse</strong></span> <span class='ocrx_word' id='word_1_415' title='bbox 997 2943 1071 2998; x_wconf 77' lang='lat' dir='ltr'><strong>ulium</strong></span> <span class='ocrx_word' id='word_1_416' title='bbox 1092 2957 1173 3013; x_wconf 94' lang='lat' dir='ltr'><strong>qnam</strong></span> <span class='ocrx_word' id='word_1_417' title='bbox 1194 2955 1338 2996; x_wconf 83' lang='lat' dir='ltr'><strong>moerorem</strong></span> <span class='ocrx_word' id='word_1_418' title='bbox 1354 2938 1502 3010; x_wconf 89' lang='lat' dir='ltr'><strong>antiquitus</strong></span> <span class='ocrx_word' id='word_1_419' title='bbox 1515 2937 1690 3006; x_wconf 82' lang='lat' dir='ltr'><strong>designasse;</strong></span> <span class='ocrx_word' id='word_1_420' title='bbox 1707 2937 1795 3008; x_wconf 87' lang='lat' dir='ltr'><strong>magis</strong></span> 
     </span>
     <span class='ocr_line' id='line_1_47' title="bbox 144 3027 1794 3103; baseline -0.001 -21"><span class='ocrx_word' id='word_1_421' title='bbox 144 3029 233 3097; x_wconf 87' lang='lat' dir='ltr'><strong>major</strong></span> <span class='ocrx_word' id='word_1_422' title='bbox 251 3043 332 3099; x_wconf 91' lang='lat' dir='ltr'><strong>quam</strong></span> <span class='ocrx_word' id='word_1_423' title='bbox 348 3029 467 3084; x_wconf 91' lang='lat' dir='ltr'><strong>nondum</strong></span> <span class='ocrx_word' id='word_1_424' title='bbox 486 3028 559 3094; x_wconf 85' lang='lat' dir='ltr'><strong>noti,</strong></span> <span class='ocrx_word' id='word_1_425' title='bbox 576 3028 686 3100; x_wconf 88' lang='lat' dir='ltr'><strong>aliqua:</strong></span> <span class='ocrx_word' id='word_1_426' title='bbox 705 3037 794 3085; x_wconf 91' lang='lat' dir='ltr'><strong>tuetur</strong></span> <span class='ocrx_word' id='word_1_427' title='bbox 809 3038 834 3085; x_wconf 89' lang='lat' dir='ltr'><strong>et</strong></span> <span class='ocrx_word' id='word_1_428' title='bbox 849 3030 942 3102; x_wconf 85' lang='lat' dir='ltr'><strong>nigre·</strong></span> <span class='ocrx_word' id='word_1_429' title='bbox 996 3033 1076 3088; x_wconf 90' lang='lat' dir='ltr'><strong>etium</strong></span> <span class='ocrx_word' id='word_1_430' title='bbox 1099 3030 1237 3098; x_wconf 74' lang='lat' dir='ltr'><strong>Ecclesiae,</strong></span> <span class='ocrx_word' id='word_1_431' title='bbox 1263 3035 1291 3084; x_wconf 92' lang='lat' dir='ltr'><strong>ul</strong></span> <span class='ocrx_word' id='word_1_432' title='bbox 1314 3027 1440 3103; x_wconf 80' lang='lat' dir='ltr'><strong>omnibus</strong></span> <span class='ocrx_word' id='word_1_433' title='bbox 1461 3036 1553 3082; x_wconf 93' lang='lat' dir='ltr'><strong>notum</strong></span> <span class='ocrx_word' id='word_1_434' title='bbox 1576 3034 1626 3090; x_wconf 85' lang='lat' dir='ltr'><strong>est,</strong></span> <span class='ocrx_word' id='word_1_435' title='bbox 1644 3028 1682 3082; x_wconf 89' lang='lat' dir='ltr'><strong>sic</strong></span> <span class='ocrx_word' id='word_1_436' title='bbox 1708 3027 1794 3082; x_wconf 91' lang='lat' dir='ltr'><strong>inter·</strong></span> 
     </span>
     <span class='ocr_line' id='line_1_48' title="bbox 144 3114 1795 3194; baseline -0.001 -23"><span class='ocrx_word' id='word_1_437' title='bbox 144 3116 234 3173; x_wconf 90' lang='lat' dir='ltr'><strong>dinem</strong></span> <span class='ocrx_word' id='word_1_438' title='bbox 261 3124 333 3172; x_wconf 90' lang='lat' dir='ltr'><strong>lnam</strong></span> <span class='ocrx_word' id='word_1_439' title='bbox 360 3125 470 3187; x_wconf 91' lang='lat' dir='ltr'><strong>paterna</strong></span> <span class='ocrx_word' id='word_1_440' title='bbox 495 3117 729 3190; x_wconf 62' lang='lat' dir='ltr'><strong>auctoritasque</strong></span> <span class='ocrx_word' id='word_1_441' title='bbox 747 3119 822 3173; x_wconf 91' lang='lat' dir='ltr'><strong>omni</strong></span> <span class='ocrx_word' id='word_1_442' title='bbox 846 3119 944 3176; x_wconf 89' lang='lat' dir='ltr'><strong>rationi</strong></span> <span class='ocrx_word' id='word_1_443' title='bbox 996 3121 1172 3194; x_wconf 81' lang='lat' dir='ltr'><strong>pretentiltns,</strong></span> <span class='ocrx_word' id='word_1_444' title='bbox 1188 3126 1215 3173; x_wconf 91' lang='lat' dir='ltr'><strong>et</strong></span> <span class='ocrx_word' id='word_1_445' title='bbox 1230 3116 1343 3187; x_wconf 80' lang='lat' dir='ltr'><strong>angelus</strong></span> <span class='ocrx_word' id='word_1_446' title='bbox 1362 3117 1537 3187; x_wconf 86' lang='lat' dir='ltr'><strong>resurgentis,</strong></span> <span class='ocrx_word' id='word_1_447' title='bbox 1554 3122 1580 3169; x_wconf 90' lang='lat' dir='ltr'><strong>et</strong></span> <span class='ocrx_word' id='word_1_448' title='bbox 1594 3114 1683 3188; x_wconf 86' lang='lat' dir='ltr'><strong>angeli</strong></span> <span class='ocrx_word' id='word_1_449' title='bbox 1700 3130 1795 3170; x_wconf 85' lang='lat' dir='ltr'><strong>ascen·</strong></span> 
     </span>
     <span class='ocr_line' id='line_1_49' title="bbox 143 3202 1796 3278; baseline -0.001 -20"><span class='ocrx_word' id='word_1_450' title='bbox 143 3202 310 3275; x_wconf 79' lang='lat' dir='ltr'><strong>aequipollet,</strong></span> <span class='ocrx_word' id='word_1_451' title='bbox 326 3213 352 3260; x_wconf 92' lang='lat' dir='ltr'><strong>et</strong></span> <span class='ocrx_word' id='word_1_452' title='bbox 375 3221 455 3276; x_wconf 90' lang='lat' dir='ltr'><strong>quam</strong></span> <span class='ocrx_word' id='word_1_453' title='bbox 479 3204 634 3261; x_wconf 88' lang='lat' dir='ltr'><strong>inferiorem</strong></span> <span class='ocrx_word' id='word_1_454' title='bbox 656 3205 774 3277; x_wconf 90' lang='lat' dir='ltr'><strong>judicari</strong></span> <span class='ocrx_word' id='word_1_455' title='bbox 796 3207 830 3261; x_wconf 88' lang='lat' dir='ltr'><strong>ab</strong></span> <span class='ocrx_word' id='word_1_456' title='bbox 853 3207 943 3278; x_wconf 88' lang='lat' dir='ltr'><strong>aliquo</strong></span> <span class='ocrx_word' id='word_1_457' title='bbox 997 3211 1086 3264; x_wconf 91' lang='lat' dir='ltr'><strong>dentis</strong></span> <span class='ocrx_word' id='word_1_458' title='bbox 1099 3206 1206 3264; x_wconf 90' lang='lat' dir='ltr'><strong>Domini</strong></span> <span class='ocrx_word' id='word_1_459' title='bbox 1224 3203 1532 3275; x_wconf 80' lang='lat' dir='ltr'><strong>praeconesiudicarunt,</strong></span> <span class='ocrx_word' id='word_1_460' title='bbox 1545 3203 1659 3273; x_wconf 92' lang='lat' dir='ltr'><strong>ipseque</strong></span> <span class='ocrx_word' id='word_1_461' title='bbox 1671 3203 1796 3259; x_wconf 78' lang='lat' dir='ltr'><strong>Salvator</strong></span> 
     </span>
     <span class='ocr_line' id='line_1_50' title="bbox 144 3289 1797 3365; baseline 0 -19"><span class='ocrx_word' id='word_1_462' title='bbox 144 3307 237 3347; x_wconf 87' lang='lat' dir='ltr'><strong>sunum</strong></span> <span class='ocrx_word' id='word_1_463' title='bbox 253 3293 373 3365; x_wconf 90' lang='lat' dir='ltr'><strong>sapiente</strong></span> <span class='ocrx_word' id='word_1_464' title='bbox 387 3310 442 3350; x_wconf 92' lang='lat' dir='ltr'><strong>non</strong></span> <span class='ocrx_word' id='word_1_465' title='bbox 457 3296 544 3350; x_wconf 87' lang='lat' dir='ltr'><strong>decet.</strong></span> <span class='ocrx_word' id='word_1_466' title='bbox 997 3298 1025 3353; x_wconf 93' lang='lat' dir='ltr'><strong>in</strong></span> <span class='ocrx_word' id='word_1_467' title='bbox 1051 3296 1095 3351; x_wconf 90' lang='lat' dir='ltr'><strong>illa</strong></span> <span class='ocrx_word' id='word_1_468' title='bbox 1117 3291 1359 3350; x_wconf 86' lang='lat' dir='ltr'><strong>transformationis</strong></span> <span class='ocrx_word' id='word_1_469' title='bbox 1380 3306 1436 3345; x_wconf 79' lang='lat' dir='ltr'><strong>sure</strong></span> <span class='ocrx_word' id='word_1_470' title='bbox 1455 3289 1543 3362; x_wconf 89' lang='lat' dir='ltr'><strong>gloria</strong></span> <span class='ocrx_word' id='word_1_471' title='bbox 1562 3289 1683 3343; x_wconf 81' lang='lat' dir='ltr'><strong>restibus</strong></span> <span class='ocrx_word' id='word_1_472' title='bbox 1708 3290 1797 3346; x_wconf 86' lang='lat' dir='ltr'><strong>niveis</strong></span> 
     </span>
     <span class='ocr_line' id='line_1_51' title="bbox 181 3377 1796 3458; baseline -0.001 -24"><span class='ocrx_word' id='word_1_473' title='bbox 181 3384 226 3435; x_wconf 78' lang='lat'><strong>23.</strong></span> <span class='ocrx_word' id='word_1_474' title='bbox 243 3383 277 3436; x_wconf 86' lang='lat' dir='ltr'><strong>Et</strong></span> <span class='ocrx_word' id='word_1_475' title='bbox 295 3383 373 3450; x_wconf 86' lang='lat' dir='ltr'><strong>cujus</strong></span> <span class='ocrx_word' id='word_1_476' title='bbox 388 3382 471 3450; x_wconf 90' lang='lat' dir='ltr'><strong>patris</strong></span> <span class='ocrx_word' id='word_1_477' title='bbox 486 3383 639 3454; x_wconf 89' lang='lat' dir='ltr'><strong>exemplum</strong></span> <span class='ocrx_word' id='word_1_478' title='bbox 655 3382 688 3438; x_wconf 87' lang='lat' dir='ltr'><strong>ad</strong></span> <span class='ocrx_word' id='word_1_479' title='bbox 703 3385 754 3439; x_wconf 90' lang='lat' dir='ltr'><strong>boe</strong></span> <span class='ocrx_word' id='word_1_480' title='bbox 768 3383 941 3439; x_wconf 88' lang='lat' dir='ltr'><strong>asserendum</strong></span> <span class='ocrx_word' id='word_1_481' title='bbox 996 3384 1142 3458; x_wconf 74' lang='lat' dir='ltr'><strong>praeclarus</strong></span> <span class='ocrx_word' id='word_1_482' title='bbox 1156 3397 1301 3453; x_wconf 86' lang='lat' dir='ltr'><strong>apparens,</strong></span> <span class='ocrx_word' id='word_1_483' title='bbox 1316 3378 1444 3434; x_wconf 88' lang='lat' dir='ltr'><strong>ostendit.</strong></span> <span class='ocrx_word' id='word_1_484' title='bbox 1462 3378 1528 3432; x_wconf 82' lang='lat' dir='ltr'><strong>lnrle</strong></span> <span class='ocrx_word' id='word_1_485' title='bbox 1543 3378 1630 3432; x_wconf 90' lang='lat' dir='ltr'><strong>bonus</strong></span> <span class='ocrx_word' id='word_1_486' title='bbox 1650 3383 1677 3430; x_wconf 89' lang='lat' dir='ltr'><strong>et</strong></span> <span class='ocrx_word' id='word_1_487' title='bbox 1696 3377 1796 3433; x_wconf 88' lang='lat' dir='ltr'><strong>doctus</strong></span> 
     </span>
     <span class='ocr_line' id='line_1_52' title="bbox 144 3465 1797 3546; baseline -0.001 -23"><span class='ocrx_word' id='word_1_488' title='bbox 144 3467 242 3524; x_wconf 85' lang='lat' dir='ltr'><strong>afferre</strong></span> <span class='ocrx_word' id='word_1_489' title='bbox 265 3470 383 3540; x_wconf 76' lang='lat' dir='ltr'><strong>potero‘.l</strong></span> <span class='ocrx_word' id='word_1_490' title='bbox 396 3471 429 3525; x_wconf 90' lang='lat' dir='ltr'><strong>Et</strong></span> <span class='ocrx_word' id='word_1_491' title='bbox 451 3486 530 3542; x_wconf 90' lang='lat' dir='ltr'><strong>quem</strong></span> <span class='ocrx_word' id='word_1_492' title='bbox 551 3473 682 3540; x_wconf 79' lang='lat' dir='ltr'><strong>maiorem</strong></span> <span class='ocrx_word' id='word_1_493' title='bbox 706 3487 805 3546; x_wconf 87' lang='lat' dir='ltr'><strong>magno</strong></span> <span class='ocrx_word' id='word_1_494' title='bbox 829 3471 944 3526; x_wconf 91' lang='lat' dir='ltr'><strong>lllartiuo</strong></span> <span class='ocrx_word' id='word_1_495' title='bbox 996 3473 1039 3530; x_wconf 83' lang='lat' dir='ltr'><strong>vir</strong></span> <span class='ocrx_word' id='word_1_496' title='bbox 1061 3472 1185 3527; x_wconf 88' lang='lat' dir='ltr'><strong>Sidonius</strong></span> <span class='ocrx_word' id='word_1_497' title='bbox 1207 3470 1347 3527; x_wconf 83' lang='lat' dir='ltr'><strong>Arvernus</strong></span> <span class='ocrx_word' id='word_1_498' title='bbox 1360 3466 1514 3538; x_wconf 90' lang='lat' dir='ltr'><strong>episcopus,</strong></span> <span class='ocrx_word' id='word_1_499' title='bbox 1531 3465 1712 3537; x_wconf 90' lang='lat' dir='ltr'><strong>quorumdam</strong></span> <span class='ocrx_word' id='word_1_500' title='bbox 1728 3466 1797 3521; x_wconf 87' lang='lat' dir='ltr'><strong>uitia</strong></span> 
     </span>
     <span class='ocr_line' id='line_1_53' title="bbox 145 3552 1797 3634; baseline -0.002 -24"><span class='ocrx_word' id='word_1_501' title='bbox 145 3556 265 3627; x_wconf 89' lang='lat' dir='ltr'><strong>reperire</strong></span> <span class='ocrx_word' id='word_1_502' title='bbox 285 3555 943 3634; x_wconf 81' lang='lat' dir='ltr'><strong>velebo‘fllle,inquam,illemagnusMartinus</strong></span> <span class='ocrx_word' id='word_1_503' title='bbox 997 3561 1113 3618; x_wconf 78' lang='lat' dir='ltr'><strong>mordaci</strong></span> <span class='ocrx_word' id='word_1_504' title='bbox 1147 3558 1356 3632; x_wconf 84' lang='lat' dir='ltr'><strong>reprehensione</strong></span> <span class='ocrx_word' id='word_1_505' title='bbox 1378 3556 1503 3622; x_wconf 86' lang='lat' dir='ltr'><strong>irridens,</strong></span> <span class='ocrx_word' id='word_1_506' title='bbox 1531 3552 1671 3611; x_wconf 88' lang='lat' dir='ltr'><strong>interalia</strong></span> <span class='ocrx_word' id='word_1_507' title='bbox 1696 3554 1797 3624; x_wconf 71' lang='lat' dir='ltr'><strong>quilius</strong></span> 
     </span>
     <span class='ocr_line' id='line_1_54' title="bbox 144 3642 1794 3722; baseline -0.003 -22"><span class='ocrx_word' id='word_1_508' title='bbox 144 3646 292 3703; x_wconf 86' lang='lat' dir='ltr'><strong>monachus</strong></span> <span class='ocrx_word' id='word_1_509' title='bbox 310 3655 338 3702; x_wconf 92' lang='lat' dir='ltr'><strong>et</strong></span> <span class='ocrx_word' id='word_1_510' title='bbox 351 3647 505 3718; x_wconf 91' lang='lat' dir='ltr'><strong>episcopus,</strong></span> <span class='ocrx_word' id='word_1_511' title='bbox 522 3650 660 3722; x_wconf 88' lang='lat' dir='ltr'><strong>nigrarum</strong></span> <span class='ocrx_word' id='word_1_512' title='bbox 685 3653 803 3707; x_wconf 92' lang='lat' dir='ltr'><strong>colorem</strong></span> <span class='ocrx_word' id='word_1_513' title='bbox 829 3650 942 3706; x_wconf 87' lang='lat' dir='ltr'><strong>uestium</strong></span> <span class='ocrx_word' id='word_1_514' title='bbox 997 3650 1024 3705; x_wconf 89' lang='lat' dir='ltr'><strong>in</strong></span> <span class='ocrx_word' id='word_1_515' title='bbox 1045 3665 1093 3706; x_wconf 91' lang='lat' dir='ltr'><strong>eos</strong></span> <span class='ocrx_word' id='word_1_516' title='bbox 1117 3649 1263 3712; x_wconf 91' lang='lat' dir='ltr'><strong>invehitur,</strong></span> <span class='ocrx_word' id='word_1_517' title='bbox 1282 3667 1293 3697; x_wconf 77' lang='lat' dir='ltr'><strong>u</strong></span> <span class='ocrx_word' id='word_1_518' title='bbox 1311 3647 1469 3714; x_wconf 81' lang='lat' dir='ltr'><strong>Procedunt,</strong></span> <span class='ocrx_word' id='word_1_519' title='bbox 1489 3663 1502 3695; x_wconf 87' lang='lat' dir='ltr'><strong>u</strong></span> <span class='ocrx_word' id='word_1_520' title='bbox 1519 3643 1616 3714; x_wconf 91' lang='lat' dir='ltr'><strong>inquit,</strong></span> <span class='ocrx_word' id='word_1_521' title='bbox 1636 3642 1745 3697; x_wconf 77' lang='lat' dir='ltr'><strong>‹allrati</strong></span> <span class='ocrx_word' id='word_1_522' title='bbox 1762 3644 1794 3695; x_wconf 88' lang='lat' dir='ltr'><strong>ad</strong></span> 
     </span>
     <span class='ocr_line' id='line_1_55' title="bbox 144 3731 1794 3811; baseline -0.004 -21"><span class='ocrx_word' id='word_1_523' title='bbox 144 3733 200 3790; x_wconf 87' lang='lat' dir='ltr'><strong>suis</strong></span> <span class='ocrx_word' id='word_1_524' title='bbox 218 3735 338 3790; x_wconf 86' lang='lat' dir='ltr'><strong>restibus</strong></span> <span class='ocrx_word' id='word_1_525' title='bbox 360 3737 504 3805; x_wconf 86' lang='lat' dir='ltr'><strong>dedicarit,</strong></span> <span class='ocrx_word' id='word_1_526' title='bbox 521 3739 554 3793; x_wconf 89' lang='lat' dir='ltr'><strong>de</strong></span> <span class='ocrx_word' id='word_1_527' title='bbox 577 3755 627 3810; x_wconf 89' lang='lat' dir='ltr'><strong>qua</strong></span> <span class='ocrx_word' id='word_1_528' title='bbox 648 3756 677 3794; x_wconf 90' lang='lat' dir='ltr'><strong>re</strong></span> <span class='ocrx_word' id='word_1_529' title='bbox 701 3739 781 3793; x_wconf 93' lang='lat' dir='ltr'><strong>sicin</strong></span> <span class='ocrx_word' id='word_1_530' title='bbox 799 3740 859 3806; x_wconf 88' lang='lat' dir='ltr'><strong>ejus</strong></span> <span class='ocrx_word' id='word_1_531' title='bbox 883 3736 943 3792; x_wconf 88' lang='lat' dir='ltr'><strong>Vita</strong></span> <span class='ocrx_word' id='word_1_532' title='bbox 997 3757 1011 3791; x_wconf 75' lang='lat' dir='ltr'><strong>t</strong></span> <span class='ocrx_word' id='word_1_533' title='bbox 1027 3737 1180 3811; x_wconf 86' lang='lat' dir='ltr'><strong>exsequias,</strong></span> <span class='ocrx_word' id='word_1_534' title='bbox 1193 3735 1289 3808; x_wconf 91' lang='lat' dir='ltr'><strong>pullati</strong></span> <span class='ocrx_word' id='word_1_535' title='bbox 1305 3736 1338 3789; x_wconf 91' lang='lat' dir='ltr'><strong>ad</strong></span> <span class='ocrx_word' id='word_1_536' title='bbox 1352 3733 1460 3804; x_wconf 86' lang='lat' dir='ltr'><strong>nuptias</strong></span> <span class='ocrx_word' id='word_1_537' title='bbox 1477 3749 1483 3788; x_wconf 88' lang='lat'>:</span> <span class='ocrx_word' id='word_1_538' title='bbox 1503 3731 1677 3787; x_wconf 74' lang='lat' dir='ltr'><strong>»ostendens</strong></span> <span class='ocrx_word' id='word_1_539' title='bbox 1695 3746 1743 3786; x_wconf 91' lang='lat' dir='ltr'><strong>eos</strong></span> <span class='ocrx_word' id='word_1_540' title='bbox 1767 3731 1794 3785; x_wconf 93' lang='lat' dir='ltr'><strong>in</strong></span> 
     </span>
     <span class='ocr_line' id='line_1_56' title="bbox 145 3821 1794 3899; baseline -0.002 -22"><span class='ocrx_word' id='word_1_541' title='bbox 145 3823 398 3895; x_wconf 77' lang='lat' dir='ltr'><strong>legiturthuern</strong></span> <span class='ocrx_word' id='word_1_542' title='bbox 423 3843 484 3881; x_wconf 92' lang='lat' dir='ltr'><strong>cnm</strong></span> <span class='ocrx_word' id='word_1_543' title='bbox 499 3827 578 3898; x_wconf 84' lang='lat' dir='ltr'><strong>nigro</strong></span> <span class='ocrx_word' id='word_1_544' title='bbox 600 3843 631 3883; x_wconf 91' lang='lat' dir='ltr'><strong>ac</strong></span> <span class='ocrx_word' id='word_1_545' title='bbox 645 3828 765 3899; x_wconf 87' lang='lat' dir='ltr'><strong>pendulo</strong></span> <span class='ocrx_word' id='word_1_546' title='bbox 790 3826 872 3898; x_wconf 91' lang='lat' dir='ltr'><strong>pallio</strong></span> <span class='ocrx_word' id='word_1_547' title='bbox 887 3827 944 3882; x_wconf 85' lang='lat' dir='ltr'><strong>cir·</strong></span> <span class='ocrx_word' id='word_1_548' title='bbox 999 3836 1104 3883; x_wconf 90' lang='lat' dir='ltr'><strong>tantum</strong></span> <span class='ocrx_word' id='word_1_549' title='bbox 1136 3826 1258 3881; x_wconf 86' lang='lat' dir='ltr'><strong>moribus</strong></span> <span class='ocrx_word' id='word_1_550' title='bbox 1289 3832 1316 3879; x_wconf 92' lang='lat' dir='ltr'><strong>et</strong></span> <span class='ocrx_word' id='word_1_551' title='bbox 1338 3833 1397 3879; x_wconf 89' lang='lat' dir='ltr'><strong>actu</strong></span> <span class='ocrx_word' id='word_1_552' title='bbox 1422 3821 1561 3886; x_wconf 88' lang='lat' dir='ltr'><strong>confusos,</strong></span> <span class='ocrx_word' id='word_1_553' title='bbox 1586 3829 1615 3875; x_wconf 93' lang='lat' dir='ltr'><strong>ut</strong></span> <span class='ocrx_word' id='word_1_554' title='bbox 1636 3833 1794 3891; x_wconf 88' lang='lat' dir='ltr'><strong>apparatum</strong></span> 
     </span>
     <span class='ocr_line' id='line_1_57' title="bbox 145 3912 1795 3988; baseline -0.002 -22"><span class='ocrx_word' id='word_1_555' title='bbox 145 3920 308 3968; x_wconf 89' lang='lat' dir='ltr'><strong>cumtecturn</strong></span> <span class='ocrx_word' id='word_1_556' title='bbox 328 3913 455 3988; x_wconf 89' lang='lat' dir='ltr'><strong>contigua</strong></span> <span class='ocrx_word' id='word_1_557' title='bbox 479 3916 512 3971; x_wconf 82' lang='lat' dir='ltr'><strong>tle</strong></span> <span class='ocrx_word' id='word_1_558' title='bbox 542 3916 624 3970; x_wconf 90' lang='lat' dir='ltr'><strong>latere</strong></span> <span class='ocrx_word' id='word_1_559' title='bbox 645 3919 769 3985; x_wconf 87' lang='lat' dir='ltr'><strong>jumenta</strong></span> <span class='ocrx_word' id='word_1_560' title='bbox 791 3915 943 3980; x_wconf 87' lang='lat' dir='ltr'><strong>uidissent,</strong></span> <span class='ocrx_word' id='word_1_561' title='bbox 999 3917 1136 3972; x_wconf 86' lang='lat' dir='ltr'><strong>funereum</strong></span> <span class='ocrx_word' id='word_1_562' title='bbox 1157 3915 1282 3986; x_wconf 85' lang='lat' dir='ltr'><strong>nuptiali,</strong></span> <span class='ocrx_word' id='word_1_563' title='bbox 1296 3913 1445 3984; x_wconf 90' lang='lat' dir='ltr'><strong>nuptialem</strong></span> <span class='ocrx_word' id='word_1_564' title='bbox 1470 3912 1591 3981; x_wconf 88' lang='lat' dir='ltr'><strong>funereo,</strong></span> <span class='ocrx_word' id='word_1_565' title='bbox 1608 3926 1734 3981; x_wconf 78' lang='lat' dir='ltr'><strong>perverso</strong></span> <span class='ocrx_word' id='word_1_566' title='bbox 1749 3923 1795 3963; x_wconf 91' lang='lat' dir='ltr'><strong>or·</strong></span> 
     </span>
     <span class='ocr_line' id='line_1_58' title="bbox 146 3998 1793 4076; baseline -0.004 -20"><span class='ocrx_word' id='word_1_567' title='bbox 146 4002 281 4073; x_wconf 90' lang='lat' dir='ltr'><strong>paululum</strong></span> <span class='ocrx_word' id='word_1_568' title='bbox 322 4005 347 4058; x_wconf 91' lang='lat' dir='ltr'><strong>in</strong></span> <span class='ocrx_word' id='word_1_569' title='bbox 385 4014 487 4074; x_wconf 90' lang='lat' dir='ltr'><strong>partem</strong></span> <span class='ocrx_word' id='word_1_570' title='bbox 525 4005 634 4059; x_wconf 89' lang='lat' dir='ltr'><strong>alteram</strong></span> <span class='ocrx_word' id='word_1_571' title='bbox 672 4004 811 4076; x_wconf 82' lang='lat' dir='ltr'><strong>patefacta</strong></span> <span class='ocrx_word' id='word_1_572' title='bbox 851 3998 949 4059; x_wconf 85' lang='lat' dir='ltr'><strong>cesse·¹</strong></span> <span class='ocrx_word' id='word_1_573' title='bbox 998 4008 1060 4060; x_wconf 92' lang='lat' dir='ltr'><strong>dine</strong></span> <span class='ocrx_word' id='word_1_574' title='bbox 1088 4010 1284 4076; x_wconf 86' lang='lat' dir='ltr'><strong>permutarunt.</strong></span> <span class='ocrx_word' id='word_1_575' title='bbox 1314 4004 1382 4058; x_wconf 91' lang='lat' dir='ltr'><strong>Nam</strong></span> <span class='ocrx_word' id='word_1_576' title='bbox 1418 4000 1595 4071; x_wconf 90' lang='lat' dir='ltr'><strong>quimorem</strong></span> <span class='ocrx_word' id='word_1_577' title='bbox 1624 4014 1793 4053; x_wconf 73' lang='lat' dir='ltr'><strong>communi—tn</strong></span> 
     </span>
     <span class='ocr_line' id='line_1_59' title="bbox 145 4086 1792 4166; baseline -0.004 -20"><span class='ocrx_word' id='word_1_578' title='bbox 145 4098 215 4146; x_wconf 84' lang='lat' dir='ltr'><strong>runt.</strong></span> <span class='ocrx_word' id='word_1_579' title='bbox 243 4112 254 4143; x_wconf 80' lang='lat' dir='ltr'><strong>u</strong></span> <span class='ocrx_word' id='word_1_580' title='bbox 280 4090 357 4158; x_wconf 88' lang='lat' dir='ltr'><strong>Quod</strong></span> <span class='ocrx_word' id='word_1_581' title='bbox 376 4109 441 4151; x_wconf 89' lang='lat' dir='ltr'><strong>vero</strong></span> <span class='ocrx_word' id='word_1_582' title='bbox 463 4095 611 4150; x_wconf 89' lang='lat' dir='ltr'><strong>monachus</strong></span> <span class='ocrx_word' id='word_1_583' title='bbox 631 4094 720 4159; x_wconf 89' lang='lat' dir='ltr'><strong>luerit,</strong></span> <span class='ocrx_word' id='word_1_584' title='bbox 747 4093 943 4149; x_wconf 88' lang='lat' dir='ltr'><strong>monasterinm</strong></span> <span class='ocrx_word' id='word_1_585' title='bbox 999 4096 1127 4166; x_wconf 90' lang='lat' dir='ltr'><strong>temporis</strong></span> <span class='ocrx_word' id='word_1_586' title='bbox 1152 4093 1222 4148; x_wconf 87' lang='lat' dir='ltr'><strong>illins</strong></span> <span class='ocrx_word' id='word_1_587' title='bbox 1246 4091 1400 4159; x_wconf 84' lang='lat' dir='ltr'><strong>seruabant,</strong></span> <span class='ocrx_word' id='word_1_588' title='bbox 1416 4103 1471 4143; x_wconf 92' lang='lat' dir='ltr'><strong>non</strong></span> <span class='ocrx_word' id='word_1_589' title='bbox 1496 4088 1577 4143; x_wconf 89' lang='lat' dir='ltr'><strong>albati</strong></span> <span class='ocrx_word' id='word_1_590' title='bbox 1591 4089 1625 4142; x_wconf 90' lang='lat' dir='ltr'><strong>ad</strong></span> <span class='ocrx_word' id='word_1_591' title='bbox 1640 4086 1792 4158; x_wconf 75' lang='lat' dir='ltr'><strong>exsequias,</strong></span> 
     </span>
     <span class='ocr_line' id='line_1_60' title="bbox 141 4176 1793 4256; baseline -0.003 -20"><span class='ocrx_word' id='word_1_592' title='bbox 141 4183 213 4254; x_wconf 88' lang='lat' dir='ltr'><strong>quod</strong></span> <span class='ocrx_word' id='word_1_593' title='bbox 226 4198 280 4237; x_wconf 93' lang='lat' dir='ltr'><strong>non</strong></span> <span class='ocrx_word' id='word_1_594' title='bbox 298 4183 379 4255; x_wconf 87' lang='lat' dir='ltr'><strong>longe</strong></span> <span class='ocrx_word' id='word_1_595' title='bbox 394 4184 429 4238; x_wconf 88' lang='lat' dir='ltr'><strong>ab</strong></span> <span class='ocrx_word' id='word_1_596' title='bbox 446 4183 546 4255; x_wconf 89' lang='lat' dir='ltr'><strong>oppido</strong></span> <span class='ocrx_word' id='word_1_597' title='bbox 562 4183 729 4248; x_wconf 82' lang='lat' dir='ltr'><strong>l‘ictariensi,</strong></span> <span class='ocrx_word' id='word_1_598' title='bbox 747 4183 939 4238; x_wconf 89' lang='lat' dir='ltr'><strong>monasterium</strong></span> <span class='ocrx_word' id='word_1_599' title='bbox 998 4184 1092 4256; x_wconf 89' lang='lat' dir='ltr'><strong>pullati</strong></span> <span class='ocrx_word' id='word_1_600' title='bbox 1108 4183 1142 4237; x_wconf 88' lang='lat' dir='ltr'><strong>ad</strong></span> <span class='ocrx_word' id='word_1_601' title='bbox 1156 4181 1283 4253; x_wconf 90' lang='lat' dir='ltr'><strong>nuptias;</strong></span> <span class='ocrx_word' id='word_1_602' title='bbox 1301 4180 1348 4235; x_wconf 93' lang='lat' dir='ltr'><strong>sed</strong></span> <span class='ocrx_word' id='word_1_603' title='bbox 1364 4179 1446 4233; x_wconf 90' lang='lat' dir='ltr'><strong>albati</strong></span> <span class='ocrx_word' id='word_1_604' title='bbox 1462 4178 1495 4231; x_wconf 90' lang='lat' dir='ltr'><strong>ad</strong></span> <span class='ocrx_word' id='word_1_605' title='bbox 1516 4178 1634 4249; x_wconf 67' lang='lat' dir='ltr'><strong>nuptus,</strong></span> <span class='ocrx_word' id='word_1_606' title='bbox 1649 4176 1697 4245; x_wconf 90' lang='lat' dir='ltr'><strong>pul</strong></span> <span class='ocrx_word' id='word_1_607' title='bbox 1709 4176 1744 4228; x_wconf 81' lang='lat' dir='ltr'><strong>ati</strong></span> <span class='ocrx_word' id='word_1_608' title='bbox 1761 4176 1793 4229; x_wconf 84' lang='lat' dir='ltr'><strong>ad</strong></span> 
     </span>
     <span class='ocr_line' id='line_1_61' title="bbox 142 4263 1792 4345; baseline -0.005 -21"><span class='ocrx_word' id='word_1_609' title='bbox 142 4271 214 4341; x_wconf 90' lang='lat' dir='ltr'><strong>qnod</strong></span> <span class='ocrx_word' id='word_1_610' title='bbox 242 4270 398 4336; x_wconf 88' lang='lat' dir='ltr'><strong>lleliolani,</strong></span> <span class='ocrx_word' id='word_1_611' title='bbox 423 4272 617 4329; x_wconf 88' lang='lat' dir='ltr'><strong>monasterinm</strong></span> <span class='ocrx_word' id='word_1_612' title='bbox 645 4274 717 4345; x_wconf 87' lang='lat' dir='ltr'><strong>qnod</strong></span> <span class='ocrx_word' id='word_1_613' title='bbox 747 4272 798 4327; x_wconf 88' lang='lat' dir='ltr'><strong>sibi</strong></span> <span class='ocrx_word' id='word_1_614' title='bbox 826 4270 942 4326; x_wconf 86' lang='lat' dir='ltr'><strong>Turonis</strong></span> <span class='ocrx_word' id='word_1_615' title='bbox 960 4266 982 4343; x_wconf 79' lang='lat' dir='ltr'><strong>n</strong></span> <span class='ocrx_word' id='word_1_616' title='bbox 997 4275 1139 4343; x_wconf 81' lang='lat' dir='ltr'><strong>exsequias</strong></span> <span class='ocrx_word' id='word_1_617' title='bbox 1162 4270 1369 4343; x_wconf 87' lang='lat' dir='ltr'><strong>procedebant:</strong></span> <span class='ocrx_word' id='word_1_618' title='bbox 1395 4277 1425 4324; x_wconf 91' lang='lat' dir='ltr'><strong>ut</strong></span> <span class='ocrx_word' id='word_1_619' title='bbox 1448 4268 1530 4322; x_wconf 76' lang='lat' dir='ltr'><strong>alluati</strong></span> <span class='ocrx_word' id='word_1_620' title='bbox 1555 4266 1665 4334; x_wconf 75' lang='lat' dir='ltr'><strong>nuptnrli</strong></span> <span class='ocrx_word' id='word_1_621' title='bbox 1682 4263 1792 4335; x_wconf 76' lang='lat' dir='ltr'><strong>granrlio,</strong></span> 
     </span>
    </p>
   </div>
   <div class='ocr_carea' id='block_1_8' title="bbox 143 4358 945 5587">
    <p class='ocr_par' dir='ltr' id='par_1_9' title="bbox 143 4358 945 5587">
     <span class='ocr_line' id='line_1_62' title="bbox 143 4358 940 4425; baseline -0.003 -11"><span class='ocrx_word' id='word_1_622' title='bbox 143 4358 312 4422; x_wconf 84' lang='lat' dir='ltr'><strong>construxit,</strong></span> <span class='ocrx_word' id='word_1_623' title='bbox 343 4365 485 4413; x_wconf 89' lang='lat' dir='ltr'><strong>testantur.</strong></span> <span class='ocrx_word' id='word_1_624' title='bbox 514 4361 586 4416; x_wconf 88' lang='lat' dir='ltr'><strong>Eece</strong></span> <span class='ocrx_word' id='word_1_625' title='bbox 615 4361 762 4414; x_wconf 73' lang='lat' dir='ltr'><strong>monnellus</strong></span> <span class='ocrx_word' id='word_1_626' title='bbox 789 4359 940 4425; x_wconf 87' lang='lat' dir='ltr'><strong>llartinos,</strong></span> 
     </span>
     <span class='ocr_line' id='line_1_63' title="bbox 143 4446 941 4520; baseline -0.001 -17"><span class='ocrx_word' id='word_1_627' title='bbox 143 4462 207 4504; x_wconf 89' lang='lat' dir='ltr'><strong>cccc</strong></span> <span class='ocrx_word' id='word_1_628' title='bbox 222 4446 309 4519; x_wconf 89' lang='lat' dir='ltr'><strong>nigris</strong></span> <span class='ocrx_word' id='word_1_629' title='bbox 323 4448 445 4503; x_wconf 86' lang='lat' dir='ltr'><strong>vestibus</strong></span> <span class='ocrx_word' id='word_1_630' title='bbox 459 4455 598 4505; x_wconf 85' lang='lat' dir='ltr'><strong>contectus</strong></span> <span class='ocrx_word' id='word_1_631' title='bbox 612 4450 754 4505; x_wconf 84' lang='lat' dir='ltr'><strong>blartinus.</strong></span> <span class='ocrx_word' id='word_1_632' title='bbox 765 4450 817 4505; x_wconf 90' lang='lat' dir='ltr'><strong>Sed</strong></span> <span class='ocrx_word' id='word_1_633' title='bbox 833 4448 899 4520; x_wconf 90' lang='lat' dir='ltr'><strong>qnid</strong></span> <span class='ocrx_word' id='word_1_634' title='bbox 914 4454 941 4502; x_wconf 91' lang='lat' dir='ltr'><strong>ct</strong></span> 
     </span>
     <span class='ocr_line' id='line_1_64' title="bbox 144 4535 942 4609; baseline -0.001 -18"><span class='ocrx_word' id='word_1_635' title='bbox 144 4537 178 4591; x_wconf 94' lang='lat' dir='ltr'><strong>de</strong></span> <span class='ocrx_word' id='word_1_636' title='bbox 206 4535 246 4590; x_wconf 83' lang='lat' dir='ltr'><strong>liis</strong></span> <span class='ocrx_word' id='word_1_637' title='bbox 280 4535 460 4607; x_wconf 76' lang='lat' dir='ltr'><strong>Hieronymus</strong></span> <span class='ocrx_word' id='word_1_638' title='bbox 483 4539 510 4591; x_wconf 94' lang='lat' dir='ltr'><strong>in</strong></span> <span class='ocrx_word' id='word_1_639' title='bbox 548 4539 661 4607; x_wconf 87' lang='lat' dir='ltr'><strong>epistula</strong></span> <span class='ocrx_word' id='word_1_640' title='bbox 694 4541 727 4591; x_wconf 89' lang='lat' dir='ltr'><strong>ad</strong></span> <span class='ocrx_word' id='word_1_641' title='bbox 762 4537 942 4609; x_wconf 83' lang='lat' dir='ltr'><strong>Nepotianum</strong></span> 
     </span>
     <span class='ocr_line' id='line_1_65' title="bbox 143 4623 942 4697; baseline 0 -20"><span class='ocrx_word' id='word_1_642' title='bbox 143 4623 225 4677; x_wconf 79' lang='lat' dir='ltr'><strong>missu</strong></span> <span class='ocrx_word' id='word_1_643' title='bbox 239 4624 355 4680; x_wconf 80' lang='lat' dir='ltr'><strong>scribit?</strong></span> <span class='ocrx_word' id='word_1_644' title='bbox 374 4647 385 4676; x_wconf 88' lang='lat' dir='ltr'><strong>tt</strong></span> <span class='ocrx_word' id='word_1_645' title='bbox 403 4626 510 4694; x_wconf 84' lang='lat' dir='ltr'><strong>Vestes,</strong></span> <span class='ocrx_word' id='word_1_646' title='bbox 528 4646 539 4676; x_wconf 79' lang='lat' dir='ltr'><strong>u</strong></span> <span class='ocrx_word' id='word_1_647' title='bbox 558 4626 605 4697; x_wconf 78' lang='lat' dir='ltr'><strong>ait,</strong></span> <span class='ocrx_word' id='word_1_648' title='bbox 623 4648 633 4676; x_wconf 77' lang='lat' dir='ltr'><strong>r</strong></span> <span class='ocrx_word' id='word_1_649' title='bbox 653 4626 738 4697; x_wconf 88' lang='lat' dir='ltr'><strong>pullas</strong></span> <span class='ocrx_word' id='word_1_650' title='bbox 753 4641 830 4695; x_wconf 77' lang='lat' dir='ltr'><strong>reque</strong></span> <span class='ocrx_word' id='word_1_651' title='bbox 843 4634 942 4681; x_wconf 86' lang='lat' dir='ltr'><strong>atcan-</strong></span> 
     </span>
     <span class='ocr_line' id='line_1_66' title="bbox 144 4710 941 4770; baseline 0.003 -4"><span class='ocrx_word' id='word_1_652' title='bbox 144 4710 221 4766; x_wconf 90' lang='lat' dir='ltr'><strong>didas</strong></span> <span class='ocrx_word' id='word_1_653' title='bbox 249 4713 347 4769; x_wconf 74' lang='lat' dir='ltr'><strong>desita.</strong></span> <span class='ocrx_word' id='word_1_654' title='bbox 379 4715 526 4769; x_wconf 87' lang='lat' dir='ltr'><strong>ultionens</strong></span> <span class='ocrx_word' id='word_1_655' title='bbox 554 4731 613 4769; x_wconf 89' lang='lat' dir='ltr'><strong>curn</strong></span> <span class='ocrx_word' id='word_1_656' title='bbox 648 4715 751 4770; x_wconf 83' lang='lat' dir='ltr'><strong>scilicet</strong></span> <span class='ocrx_word' id='word_1_657' title='bbox 779 4721 808 4769; x_wconf 88' lang='lat' dir='ltr'><strong>ut</strong></span> <span class='ocrx_word' id='word_1_658' title='bbox 841 4715 941 4768; x_wconf 86' lang='lat' dir='ltr'><strong>fastum</strong></span> 
     </span>
     <span class='ocr_line' id='line_1_67' title="bbox 143 4802 942 4875; baseline 0 -17"><span class='ocrx_word' id='word_1_659' title='bbox 143 4803 187 4858; x_wconf 85' lang='lat' dir='ltr'><strong>uel</strong></span> <span class='ocrx_word' id='word_1_660' title='bbox 198 4803 357 4871; x_wconf 83' lang='lat' dir='ltr'><strong>jactantiam</strong></span> <span class='ocrx_word' id='word_1_661' title='bbox 378 4813 496 4875; x_wconf 85' lang='lat' dir='ltr'><strong>careret,</strong></span> <span class='ocrx_word' id='word_1_662' title='bbox 513 4819 566 4859; x_wconf 93' lang='lat' dir='ltr'><strong>non</strong></span> <span class='ocrx_word' id='word_1_663' title='bbox 591 4803 679 4859; x_wconf 88' lang='lat' dir='ltr'><strong>solnm</strong></span> <span class='ocrx_word' id='word_1_664' title='bbox 695 4803 722 4857; x_wconf 93' lang='lat' dir='ltr'><strong>in</strong></span> <span class='ocrx_word' id='word_1_665' title='bbox 747 4802 869 4858; x_wconf 76' lang='lat' dir='ltr'><strong>canonis</strong></span> <span class='ocrx_word' id='word_1_666' title='bbox 892 4818 942 4858; x_wconf 88' lang='lat' dir='ltr'><strong>ve·</strong></span> 
     </span>
     <span class='ocr_line' id='line_1_68' title="bbox 143 4890 943 4965; baseline 0.001 -20"><span class='ocrx_word' id='word_1_667' title='bbox 143 4890 240 4960; x_wconf 90' lang='lat' dir='ltr'><strong>stibus,</strong></span> <span class='ocrx_word' id='word_1_668' title='bbox 257 4892 352 4965; x_wconf 91' lang='lat' dir='ltr'><strong>quibus</strong></span> <span class='ocrx_word' id='word_1_669' title='bbox 377 4901 441 4947; x_wconf 91' lang='lat' dir='ltr'><strong>tunc</strong></span> <span class='ocrx_word' id='word_1_670' title='bbox 460 4892 546 4964; x_wconf 85' lang='lat' dir='ltr'><strong>magis</strong></span> <span class='ocrx_word' id='word_1_671' title='bbox 571 4891 716 4949; x_wconf 81' lang='lat' dir='ltr'><strong>saeculares</strong></span> <span class='ocrx_word' id='word_1_672' title='bbox 729 4893 879 4962; x_wconf 87' lang='lat' dir='ltr'><strong>utebantur,</strong></span> <span class='ocrx_word' id='word_1_673' title='bbox 896 4891 943 4946; x_wconf 91' lang='lat' dir='ltr'><strong>sed</strong></span> 
     </span>
     <span class='ocr_line' id='line_1_69' title="bbox 143 4980 945 5053; baseline 0.001 -17"><span class='ocrx_word' id='word_1_674' title='bbox 143 4980 224 5036; x_wconf 88' lang='lat' dir='ltr'><strong>etiam</strong></span> <span class='ocrx_word' id='word_1_675' title='bbox 249 4981 276 5035; x_wconf 91' lang='lat' dir='ltr'><strong>in</strong></span> <span class='ocrx_word' id='word_1_676' title='bbox 302 4982 403 5052; x_wconf 88' lang='lat' dir='ltr'><strong>pullis,</strong></span> <span class='ocrx_word' id='word_1_677' title='bbox 429 4982 527 5053; x_wconf 91' lang='lat' dir='ltr'><strong>quibus</strong></span> <span class='ocrx_word' id='word_1_678' title='bbox 553 4983 625 5037; x_wconf 92' lang='lat' dir='ltr'><strong>illius</strong></span> <span class='ocrx_word' id='word_1_679' title='bbox 648 4983 779 5051; x_wconf 90' lang='lat' dir='ltr'><strong>temporis</strong></span> <span class='ocrx_word' id='word_1_680' title='bbox 804 4981 945 5053; x_wconf 86' lang='lat' dir='ltr'><strong>religionis</strong></span> 
     </span>
     <span class='ocr_line' id='line_1_70' title="bbox 145 5069 945 5139; baseline 0.003 -14"><span class='ocrx_word' id='word_1_681' title='bbox 145 5069 312 5139; x_wconf 84' lang='lat' dir='ltr'><strong>professores</strong></span> <span class='ocrx_word' id='word_1_682' title='bbox 335 5072 374 5126; x_wconf 93' lang='lat' dir='ltr'><strong>uti</strong></span> <span class='ocrx_word' id='word_1_683' title='bbox 402 5082 605 5128; x_wconf 86' lang='lat' dir='ltr'><strong>consueuerant.</strong></span> <span class='ocrx_word' id='word_1_684' title='bbox 635 5071 674 5127; x_wconf 85' lang='lat' dir='ltr'><strong>De</strong></span> <span class='ocrx_word' id='word_1_685' title='bbox 703 5070 744 5124; x_wconf 81' lang='lat' dir='ltr'><strong>liis</strong></span> <span class='ocrx_word' id='word_1_686' title='bbox 774 5071 945 5126; x_wconf 86' lang='lat' dir='ltr'><strong>admirandus</strong></span> 
     </span>
     <span class='ocr_line' id='line_1_71' title="bbox 145 5157 944 5232; baseline 0.003 -20"><span class='ocrx_word' id='word_1_687' title='bbox 145 5157 191 5213; x_wconf 92' lang='lat' dir='ltr'><strong>ille</strong></span> <span class='ocrx_word' id='word_1_688' title='bbox 214 5159 334 5214; x_wconf 87' lang='lat' dir='ltr'><strong>Nolanus</strong></span> <span class='ocrx_word' id='word_1_689' title='bbox 355 5159 502 5231; x_wconf 91' lang='lat' dir='ltr'><strong>episcopus</strong></span> <span class='ocrx_word' id='word_1_690' title='bbox 527 5161 665 5226; x_wconf 86' lang='lat' dir='ltr'><strong>Paulinus,</strong></span> <span class='ocrx_word' id='word_1_691' title='bbox 680 5160 737 5232; x_wconf 86' lang='lat' dir='ltr'><strong>jam</strong></span> <span class='ocrx_word' id='word_1_692' title='bbox 760 5159 826 5214; x_wconf 88' lang='lat' dir='ltr'><strong>dieti</strong></span> <span class='ocrx_word' id='word_1_693' title='bbox 851 5160 944 5215; x_wconf 92' lang='lat' dir='ltr'><strong>lllarti-</strong></span> 
     </span>
     <span class='ocr_line' id='line_1_72' title="bbox 145 5245 945 5322; baseline 0.008 -23"><span class='ocrx_word' id='word_1_694' title='bbox 145 5245 183 5311; x_wconf 92' lang='lat' dir='ltr'><strong>ni,</strong></span> <span class='ocrx_word' id='word_1_695' title='bbox 195 5248 341 5319; x_wconf 75' lang='lat' dir='ltr'><strong>Ambrosii,</strong></span> <span class='ocrx_word' id='word_1_696' title='bbox 352 5248 510 5319; x_wconf 75' lang='lat' dir='ltr'><strong>Augustini,</strong></span> <span class='ocrx_word' id='word_1_697' title='bbox 527 5250 684 5322; x_wconf 75' lang='lat' dir='ltr'><strong>llirronpmi</strong></span> <span class='ocrx_word' id='word_1_698' title='bbox 700 5259 945 5321; x_wconf 87' lang='lat' dir='ltr'><strong>contemporaneus</strong></span> 
     </span>
     <span class='ocr_line' id='line_1_73' title="bbox 146 5333 945 5409; baseline 0.005 -20"><span class='ocrx_word' id='word_1_699' title='bbox 146 5348 178 5389; x_wconf 85' lang='lat' dir='ltr'><strong>ac</strong></span> <span class='ocrx_word' id='word_1_700' title='bbox 194 5333 341 5401; x_wconf 81' lang='lat' dir='ltr'><strong>familiaris,</strong></span> <span class='ocrx_word' id='word_1_701' title='bbox 359 5337 505 5408; x_wconf 92' lang='lat' dir='ltr'><strong>multisque</strong></span> <span class='ocrx_word' id='word_1_702' title='bbox 519 5355 591 5409; x_wconf 88' lang='lat' dir='ltr'><strong>saepe</strong></span> <span class='ocrx_word' id='word_1_703' title='bbox 606 5339 639 5394; x_wconf 88' lang='lat' dir='ltr'><strong>ab</strong></span> <span class='ocrx_word' id='word_1_704' title='bbox 655 5338 732 5409; x_wconf 89' lang='lat' dir='ltr'><strong>ipsis,</strong></span> <span class='ocrx_word' id='word_1_705' title='bbox 748 5342 794 5394; x_wconf 87' lang='lat' dir='ltr'><strong>sed</strong></span> <span class='ocrx_word' id='word_1_706' title='bbox 815 5346 842 5392; x_wconf 92' lang='lat' dir='ltr'><strong>et</strong></span> <span class='ocrx_word' id='word_1_707' title='bbox 857 5356 872 5393; x_wconf 89' lang='lat' dir='ltr'><strong>a</strong></span> <span class='ocrx_word' id='word_1_708' title='bbox 887 5356 945 5393; x_wconf 92' lang='lat' dir='ltr'><strong>ma·</strong></span> 
     </span>
     <span class='ocr_line' id='line_1_74' title="bbox 146 5424 944 5498; baseline 0.009 -24"><span class='ocrx_word' id='word_1_709' title='bbox 146 5436 199 5494; x_wconf 87' lang='lat' dir='ltr'><strong>gno</strong></span> <span class='ocrx_word' id='word_1_710' title='bbox 215 5438 285 5494; x_wconf 87' lang='lat' dir='ltr'><strong>papa</strong></span> <span class='ocrx_word' id='word_1_711' title='bbox 302 5424 438 5496; x_wconf 82' lang='lat' dir='ltr'><strong>Gregorio</strong></span> <span class='ocrx_word' id='word_1_712' title='bbox 452 5426 579 5482; x_wconf 86' lang='lat' dir='ltr'><strong>laudibus</strong></span> <span class='ocrx_word' id='word_1_713' title='bbox 601 5427 772 5498; x_wconf 77' lang='lat' dir='ltr'><strong>praedicatus,</strong></span> <span class='ocrx_word' id='word_1_714' title='bbox 789 5428 840 5482; x_wconf 91' lang='lat' dir='ltr'><strong>iter</strong></span> <span class='ocrx_word' id='word_1_715' title='bbox 853 5429 944 5497; x_wconf 87' lang='lat' dir='ltr'><strong>cujus·</strong></span> 
     </span>
     <span class='ocr_line' id='line_1_75' title="bbox 146 5508 944 5587; baseline 0.009 -21"><span class='ocrx_word' id='word_1_716' title='bbox 146 5508 207 5567; x_wconf 87' lang='lat' dir='ltr'><strong>dam</strong></span> <span class='ocrx_word' id='word_1_717' title='bbox 221 5511 406 5586; x_wconf 85' lang='lat' dir='ltr'><strong>nobilissimae,</strong></span> <span class='ocrx_word' id='word_1_718' title='bbox 422 5513 469 5568; x_wconf 87' lang='lat' dir='ltr'><strong>sed</strong></span> <span class='ocrx_word' id='word_1_719' title='bbox 494 5515 528 5571; x_wconf 90' lang='lat' dir='ltr'><strong>ad</strong></span> <span class='ocrx_word' id='word_1_720' title='bbox 542 5514 678 5587; x_wconf 80' lang='lat' dir='ltr'><strong>religionis</strong></span> <span class='ocrx_word' id='word_1_721' title='bbox 701 5515 856 5572; x_wconf 72' lang='lat' dir='ltr'><strong>monasticar</strong></span> <span class='ocrx_word' id='word_1_722' title='bbox 879 5531 944 5587; x_wconf 92' lang='lat' dir='ltr'><strong>pro·</strong></span> 
     </span>
    </p>
   </div>
   <div class='ocr_carea' id='block_1_9' title="bbox 997 4353 1794 4519">
    <p class='ocr_par' dir='ltr' id='par_1_10' title="bbox 997 4353 1794 4519">
     <span class='ocr_line' id='line_1_76' title="bbox 997 4353 1794 4435; baseline -0.009 -20"><span class='ocrx_word' id='word_1_723' title='bbox 997 4362 1093 4435; x_wconf 89' lang='lat' dir='ltr'><strong>pullati</strong></span> <span class='ocrx_word' id='word_1_724' title='bbox 1114 4360 1196 4415; x_wconf 91' lang='lat' dir='ltr'><strong>luctui</strong></span> <span class='ocrx_word' id='word_1_725' title='bbox 1220 4358 1329 4414; x_wconf 88' lang='lat' dir='ltr'><strong>funereo</strong></span> <span class='ocrx_word' id='word_1_726' title='bbox 1344 4356 1545 4413; x_wconf 87' lang='lat' dir='ltr'><strong>concordarent.</strong></span> <span class='ocrx_word' id='word_1_727' title='bbox 1561 4355 1621 4411; x_wconf 83' lang='lat' dir='ltr'><strong>Vidi</strong></span> <span class='ocrx_word' id='word_1_728' title='bbox 1636 4370 1721 4425; x_wconf 90' lang='lat' dir='ltr'><strong>nuper</strong></span> <span class='ocrx_word' id='word_1_729' title='bbox 1737 4353 1794 4424; x_wconf 90' lang='lat' dir='ltr'><strong>ipse</strong></span> 
     </span>
     <span class='ocr_line' id='line_1_77' title="bbox 997 4442 1794 4519; baseline -0.013 -14"><span class='ocrx_word' id='word_1_730' title='bbox 997 4451 1023 4505; x_wconf 93' lang='lat' dir='ltr'><strong>in</strong></span> <span class='ocrx_word' id='word_1_731' title='bbox 1048 4448 1185 4519; x_wconf 89' lang='lat' dir='ltr'><strong>llispaniis</strong></span> <span class='ocrx_word' id='word_1_732' title='bbox 1213 4449 1383 4512; x_wconf 89' lang='lat' dir='ltr'><strong>constitutus,</strong></span> <span class='ocrx_word' id='word_1_733' title='bbox 1404 4455 1430 4501; x_wconf 83' lang='lat' dir='ltr'><strong>et</strong></span> <span class='ocrx_word' id='word_1_734' title='bbox 1457 4445 1605 4499; x_wconf 89' lang='lat' dir='ltr'><strong>admiratus</strong></span> <span class='ocrx_word' id='word_1_735' title='bbox 1633 4459 1703 4508; x_wconf 90' lang='lat' dir='ltr'><strong>snm,</strong></span> <span class='ocrx_word' id='word_1_736' title='bbox 1723 4442 1794 4496; x_wconf 81' lang='lat' dir='ltr'><strong>ariti-</strong></span> 
     </span>
    </p>
   </div>
   <div class='ocr_carea' id='block_1_10' title="bbox 990 4531 1795 4612">
    <p class='ocr_par' dir='ltr' id='par_1_11' title="bbox 990 4531 1795 4612">
     <span class='ocr_line' id='line_1_78' title="bbox 990 4531 1795 4612; baseline -0.01 -18"><span class='ocrx_word' id='word_1_737' title='bbox 990 4556 1079 4612; x_wconf 35' lang='lat' dir='ltr'><strong>,quum</strong></span> <span class='ocrx_word' id='word_1_738' title='bbox 1108 4539 1180 4591; x_wconf 91' lang='lat' dir='ltr'><strong>ltunc</strong></span> <span class='ocrx_word' id='word_1_739' title='bbox 1207 4549 1309 4589; x_wconf 85' lang='lat' dir='ltr'><strong>ntorem</strong></span> <span class='ocrx_word' id='word_1_740' title='bbox 1339 4535 1373 4588; x_wconf 92' lang='lat' dir='ltr'><strong>ab</strong></span> <span class='ocrx_word' id='word_1_741' title='bbox 1399 4533 1525 4605; x_wconf 88' lang='lat' dir='ltr'><strong>Ilispanis</strong></span> <span class='ocrx_word' id='word_1_742' title='bbox 1554 4533 1641 4587; x_wconf 88' lang='lat' dir='ltr'><strong>adhuc</strong></span> <span class='ocrx_word' id='word_1_743' title='bbox 1668 4531 1795 4586; x_wconf 91' lang='lat' dir='ltr'><strong>omnibus</strong></span> 
     </span>
    </p>
   </div>
   <div class='ocr_carea' id='block_1_11' title="bbox 996 4623 1800 5585">
    <p class='ocr_par' dir='ltr' id='par_1_12' title="bbox 996 4623 1800 5585">
     <span class='ocr_line' id='line_1_79' title="bbox 996 4623 1793 4694; baseline -0.013 -10"><span class='ocrx_word' id='word_1_744' title='bbox 996 4625 1144 4684; x_wconf 86' lang='lat' dir='ltr'><strong>observari.</strong></span> <span class='ocrx_word' id='word_1_745' title='bbox 1171 4626 1274 4679; x_wconf 82' lang='lat' dir='ltr'><strong>llortna</strong></span> <span class='ocrx_word' id='word_1_746' title='bbox 1302 4623 1403 4694; x_wconf 90' lang='lat' dir='ltr'><strong>quippe</strong></span> <span class='ocrx_word' id='word_1_747' title='bbox 1429 4638 1512 4678; x_wconf 81' lang='lat' dir='ltr'><strong>uxore</strong></span> <span class='ocrx_word' id='word_1_748' title='bbox 1539 4623 1656 4687; x_wconf 87' lang='lat' dir='ltr'><strong>maritus,</strong></span> <span class='ocrx_word' id='word_1_749' title='bbox 1684 4626 1793 4674; x_wconf 87' lang='lat' dir='ltr'><strong>mortuo</strong></span> 
     </span>
     <span class='ocr_line' id='line_1_80' title="bbox 999 4708 1792 4784; baseline -0.013 -13"><span class='ocrx_word' id='word_1_750' title='bbox 999 4716 1094 4771; x_wconf 91' lang='lat' dir='ltr'><strong>marito</strong></span> <span class='ocrx_word' id='word_1_751' title='bbox 1117 4715 1227 4784; x_wconf 77' lang='lat' dir='ltr'><strong>coniux,</strong></span> <span class='ocrx_word' id='word_1_752' title='bbox 1245 4713 1358 4768; x_wconf 91' lang='lat' dir='ltr'><strong>mortuis</strong></span> <span class='ocrx_word' id='word_1_753' title='bbox 1380 4711 1443 4768; x_wconf 88' lang='lat' dir='ltr'><strong>liliis</strong></span> <span class='ocrx_word' id='word_1_754' title='bbox 1466 4708 1563 4783; x_wconf 79' lang='lat' dir='ltr'><strong>patres,</strong></span> <span class='ocrx_word' id='word_1_755' title='bbox 1579 4711 1692 4768; x_wconf 90' lang='lat' dir='ltr'><strong>mortuis</strong></span> <span class='ocrx_word' id='word_1_756' title='bbox 1706 4709 1792 4779; x_wconf 90' lang='lat' dir='ltr'><strong>patri·</strong></span> 
     </span>
     <span class='ocr_line' id='line_1_81' title="bbox 999 4798 1794 4872; baseline -0.011 -12"><span class='ocrx_word' id='word_1_757' title='bbox 999 4807 1051 4860; x_wconf 82' lang='lat' dir='ltr'><strong>lius</strong></span> <span class='ocrx_word' id='word_1_758' title='bbox 1078 4803 1137 4871; x_wconf 91' lang='lat' dir='ltr'><strong>tilii,</strong></span> <span class='ocrx_word' id='word_1_759' title='bbox 1168 4802 1303 4858; x_wconf 90' lang='lat' dir='ltr'><strong>defunctis</strong></span> <span class='ocrx_word' id='word_1_760' title='bbox 1329 4802 1492 4872; x_wconf 88' lang='lat' dir='ltr'><strong>quibuslibet</strong></span> <span class='ocrx_word' id='word_1_761' title='bbox 1517 4801 1641 4872; x_wconf 88' lang='lat' dir='ltr'><strong>cognatis</strong></span> <span class='ocrx_word' id='word_1_762' title='bbox 1672 4798 1794 4870; x_wconf 84' lang='lat' dir='ltr'><strong>cognati,</strong></span> 
     </span>
     <span class='ocr_line' id='line_1_82' title="bbox 999 4887 1796 4963; baseline -0.013 -13"><span class='ocrx_word' id='word_1_763' title='bbox 999 4893 1136 4950; x_wconf 79' lang='lat' dir='ltr'><strong>exstinctis</strong></span> <span class='ocrx_word' id='word_1_764' title='bbox 1155 4891 1276 4963; x_wconf 88' lang='lat' dir='ltr'><strong>quolibet</strong></span> <span class='ocrx_word' id='word_1_765' title='bbox 1294 4907 1361 4947; x_wconf 88' lang='lat' dir='ltr'><strong>casu</strong></span> <span class='ocrx_word' id='word_1_766' title='bbox 1381 4889 1476 4945; x_wconf 87' lang='lat' dir='ltr'><strong>anricis</strong></span> <span class='ocrx_word' id='word_1_767' title='bbox 1498 4890 1585 4956; x_wconf 90' lang='lat' dir='ltr'><strong>amici,</strong></span> <span class='ocrx_word' id='word_1_768' title='bbox 1611 4887 1701 4943; x_wconf 92' lang='lat' dir='ltr'><strong>statim</strong></span> <span class='ocrx_word' id='word_1_769' title='bbox 1720 4902 1796 4942; x_wconf 82' lang='lat' dir='ltr'><strong>arina</strong></span> 
     </span>
     <span class='ocr_line' id='line_1_83' title="bbox 1000 4976 1793 5054; baseline -0.009 -19"><span class='ocrx_word' id='word_1_770' title='bbox 1000 4985 1158 5054; x_wconf 91' lang='lat' dir='ltr'><strong>deponunt,</strong></span> <span class='ocrx_word' id='word_1_771' title='bbox 1192 4980 1292 5035; x_wconf 85' lang='lat' dir='ltr'><strong>sericas</strong></span> <span class='ocrx_word' id='word_1_772' title='bbox 1326 4988 1423 5043; x_wconf 85' lang='lat' dir='ltr'><strong>restes,</strong></span> <span class='ocrx_word' id='word_1_773' title='bbox 1454 4979 1655 5050; x_wconf 84' lang='lat' dir='ltr'><strong>peregrinarum</strong></span> <span class='ocrx_word' id='word_1_774' title='bbox 1682 4976 1793 5048; x_wconf 91' lang='lat' dir='ltr'><strong>pellium</strong></span> 
     </span>
     <span class='ocr_line' id='line_1_84' title="bbox 1001 5065 1796 5143; baseline -0.01 -18"><span class='ocrx_word' id='word_1_775' title='bbox 1001 5070 1119 5143; x_wconf 83' lang='lat' dir='ltr'><strong>tegmina</strong></span> <span class='ocrx_word' id='word_1_776' title='bbox 1138 5069 1276 5139; x_wconf 75' lang='lat' dir='ltr'><strong>abiiciunt,</strong></span> <span class='ocrx_word' id='word_1_777' title='bbox 1301 5075 1443 5138; x_wconf 91' lang='lat' dir='ltr'><strong>totumque</strong></span> <span class='ocrx_word' id='word_1_778' title='bbox 1466 5068 1576 5138; x_wconf 84' lang='lat' dir='ltr'><strong>penitus</strong></span> <span class='ocrx_word' id='word_1_779' title='bbox 1594 5065 1796 5121; x_wconf 89' lang='lat' dir='ltr'><strong>multicolorem</strong></span> 
     </span>
     <span class='ocr_line' id='line_1_85' title="bbox 1000 5155 1796 5232; baseline -0.01 -18"><span class='ocrx_word' id='word_1_780' title='bbox 1000 5176 1031 5216; x_wconf 89' lang='lat' dir='ltr'><strong>ac</strong></span> <span class='ocrx_word' id='word_1_781' title='bbox 1061 5159 1209 5232; x_wconf 91' lang='lat' dir='ltr'><strong>pretiosum</strong></span> <span class='ocrx_word' id='word_1_782' title='bbox 1238 5157 1359 5213; x_wconf 81' lang='lat' dir='ltr'><strong>ltalritum</strong></span> <span class='ocrx_word' id='word_1_783' title='bbox 1388 5157 1550 5222; x_wconf 87' lang='lat' dir='ltr'><strong>alulicantes,</strong></span> <span class='ocrx_word' id='word_1_784' title='bbox 1580 5155 1667 5225; x_wconf 83' lang='lat' dir='ltr'><strong>nigris</strong></span> <span class='ocrx_word' id='word_1_785' title='bbox 1693 5162 1796 5208; x_wconf 90' lang='lat' dir='ltr'><strong>tanturn</strong></span> 
     </span>
     <span class='ocr_line' id='line_1_86' title="bbox 1000 5242 1800 5319; baseline -0.01 -16"><span class='ocrx_word' id='word_1_786' title='bbox 1000 5249 1150 5319; x_wconf 78' lang='lat' dir='ltr'><strong>vilibusque</strong></span> <span class='ocrx_word' id='word_1_787' title='bbox 1176 5246 1342 5300; x_wconf 89' lang='lat' dir='ltr'><strong>indtnnentis</strong></span> <span class='ocrx_word' id='word_1_788' title='bbox 1369 5261 1397 5300; x_wconf 81' lang='lat' dir='ltr'><strong>se</strong></span> <span class='ocrx_word' id='word_1_789' title='bbox 1425 5254 1581 5317; x_wconf 81' lang='lat' dir='ltr'><strong>contegunt.</strong></span> <span class='ocrx_word' id='word_1_790' title='bbox 1603 5245 1648 5299; x_wconf 89' lang='lat' dir='ltr'><strong>Sic</strong></span> <span class='ocrx_word' id='word_1_791' title='bbox 1676 5242 1800 5298; x_wconf 86' lang='lat' dir='ltr'><strong>crinibus</strong></span> 
     </span>
     <span class='ocr_line' id='line_1_87' title="bbox 1000 5331 1797 5408; baseline -0.008 -17"><span class='ocrx_word' id='word_1_792' title='bbox 1000 5334 1130 5408; x_wconf 87' lang='lat' dir='ltr'><strong>propriis,</strong></span> <span class='ocrx_word' id='word_1_793' title='bbox 1146 5335 1185 5391; x_wconf 80' lang='lat' dir='ltr'><strong>sic</strong></span> <span class='ocrx_word' id='word_1_794' title='bbox 1198 5336 1381 5404; x_wconf 88' lang='lat' dir='ltr'><strong>jumentorum</strong></span> <span class='ocrx_word' id='word_1_795' title='bbox 1395 5350 1505 5389; x_wconf 90' lang='lat' dir='ltr'><strong>suorum</strong></span> <span class='ocrx_word' id='word_1_796' title='bbox 1525 5333 1617 5388; x_wconf 82' lang='lat' dir='ltr'><strong>candia</strong></span> <span class='ocrx_word' id='word_1_797' title='bbox 1639 5331 1797 5395; x_wconf 86' lang='lat' dir='ltr'><strong>decurtatis,</strong></span> 
     </span>
     <span class='ocr_line' id='line_1_88' title="bbox 999 5420 1799 5496; baseline -0.008 -15"><span class='ocrx_word' id='word_1_798' title='bbox 999 5441 1083 5496; x_wconf 88' lang='lat' dir='ltr'><strong>seque</strong></span> <span class='ocrx_word' id='word_1_799' title='bbox 1099 5434 1127 5480; x_wconf 91' lang='lat' dir='ltr'><strong>et</strong></span> <span class='ocrx_word' id='word_1_800' title='bbox 1141 5424 1200 5496; x_wconf 89' lang='lat' dir='ltr'><strong>ipsa</strong></span> <span class='ocrx_word' id='word_1_801' title='bbox 1214 5433 1272 5480; x_wconf 88' lang='lat' dir='ltr'><strong>ntro</strong></span> <span class='ocrx_word' id='word_1_802' title='bbox 1288 5438 1401 5496; x_wconf 89' lang='lat' dir='ltr'><strong>prorsus</strong></span> <span class='ocrx_word' id='word_1_803' title='bbox 1415 5424 1505 5480; x_wconf 88' lang='lat' dir='ltr'><strong>colore</strong></span> <span class='ocrx_word' id='word_1_804' title='bbox 1518 5422 1672 5496; x_wconf 76' lang='lat' dir='ltr'><strong>‹lertigrant</strong></span> <span class='ocrx_word' id='word_1_805' title='bbox 1685 5420 1799 5476; x_wconf 79' lang='lat' dir='ltr'><strong>Talibus</strong></span> 
     </span>
     <span class='ocr_line' id='line_1_89' title="bbox 999 5511 1799 5585; baseline -0.001 -16"><span class='ocrx_word' id='word_1_806' title='bbox 999 5515 1087 5570; x_wconf 88' lang='lat' dir='ltr'><strong>luctus</strong></span> <span class='ocrx_word' id='word_1_807' title='bbox 1112 5512 1249 5571; x_wconf 85' lang='lat' dir='ltr'><strong>dolorisve</strong></span> <span class='ocrx_word' id='word_1_808' title='bbox 1273 5512 1423 5585; x_wconf 81' lang='lat' dir='ltr'><strong>insignibus</strong></span> <span class='ocrx_word' id='word_1_809' title='bbox 1443 5514 1598 5571; x_wconf 87' lang='lat' dir='ltr'><strong>subtractos</strong></span> <span class='ocrx_word' id='word_1_810' title='bbox 1621 5511 1799 5568; x_wconf 82' lang='lat' dir='ltr'><strong>charissimes</strong></span> 
     </span>
    </p>
   </div>
   <div class='ocr_carea' id='block_1_12' title="bbox 0 0 1873 5940">
    <p class='ocr_par' dir='ltr' id='par_1_13' title="bbox 0 0 1873 5940">
     <span class='ocr_line' id='line_1_90' title="bbox 0 0 1873 5940; baseline 0 0"><span class='ocrx_word' id='word_1_811' title='bbox 0 0 1873 5940; x_wconf 95' lang='lat' dir='ltr'><strong> </strong></span> 
     </span>
    </p>
   </div>
  </div>
 </body>
</html>
