<?xml version="1.0" encoding="UTF-8"?>
<!DOCTYPE html PUBLIC "-//W3C//DTD XHTML 1.0 Transitional//EN"
    "http://www.w3.org/TR/xhtml1/DTD/xhtml1-transitional.dtd">
<html xmlns="http://www.w3.org/1999/xhtml" xml:lang="en" lang="en">
 <head>
  <title>
</title>
<meta http-equiv="Content-Type" content="text/html;charset=utf-8" />
  <meta name='ocr-system' content='tesseract 3.04.00' />
  <meta name='ocr-capabilities' content='ocr_page ocr_carea ocr_par ocr_line ocrx_word'/>
</head>
<body>
  <div class='ocr_page' id='page_1' title='image "./patrologiaecurs62unkngoog/patrologiaecurs62unkngoog_0139.png"; bbox 0 0 3728 5940; ppageno 0'>
   <div class='ocr_carea' id='block_1_1' title="bbox 171 112 227 175">
    <p class='ocr_par' dir='ltr' id='par_1_1' title="bbox 171 112 227 175">
     <span class='ocr_line' id='line_1_1' title="bbox 171 112 227 175; baseline -0.018 0"><span class='ocrx_word' id='word_1_1' title='bbox 171 112 227 175; x_wconf 75' lang='lat' dir='ltr'>aba</span> 
     </span>
    </p>
   </div>
   <div class='ocr_carea' id='block_1_2' title="bbox 209 229 1011 338">
    <p class='ocr_par' dir='ltr' id='par_1_2' title="bbox 209 229 1011 338">
     <span class='ocr_line' id='line_1_2' title="bbox 209 229 1011 338; baseline -0.015 -44"><span class='ocrx_word' id='word_1_2' title='bbox 209 238 314 294; x_wconf 74' lang='lat' dir='ltr'>lineam</span> <span class='ocrx_word' id='word_1_3' title='bbox 339 233 409 291; x_wconf 78' lang='lat' dir='ltr'>sicut</span> <span class='ocrx_word' id='word_1_4' title='bbox 429 234 549 290; x_wconf 91' lang='lat' dir='ltr'>chartam</span> <span class='ocrx_word' id='word_1_5' title='bbox 578 244 651 288; x_wconf 89' lang='lat' dir='ltr'>nunc</span> <span class='ocrx_word' id='word_1_6' title='bbox 678 239 848 302; x_wconf 84' lang='lat' dir='ltr'>praesentem,</span> <span class='ocrx_word' id='word_1_7' title='bbox 873 229 911 284; x_wconf 91' lang='lat' dir='ltr'>ita</span> <span class='ocrx_word' id='word_1_8' title='bbox 938 234 1011 338; x_wconf 60' lang='grc' dir='ltr'>ει.</span> 
     </span>
    </p>
   </div>
   <div class='ocr_carea' id='block_1_3' title="bbox 132 316 967 1547">
    <p class='ocr_par' dir='ltr' id='par_1_3' title="bbox 132 316 967 1547">
     <span class='ocr_line' id='line_1_3' title="bbox 171 316 964 391; baseline -0.015 -9"><span class='ocrx_word' id='word_1_9' title='bbox 171 342 258 382; x_wconf 88' lang='lat' dir='ltr'>meam</span> <span class='ocrx_word' id='word_1_10' title='bbox 273 324 320 380; x_wconf 89' lang='lat' dir='ltr'>tibi</span> <span class='ocrx_word' id='word_1_11' title='bbox 334 331 453 379; x_wconf 81' lang='lat' dir='ltr'><strong>mentem</strong></span> <span class='ocrx_word' id='word_1_12' title='bbox 466 320 619 391; x_wconf 83' lang='lat' dir='ltr'>expandere</span> <span class='ocrx_word' id='word_1_13' title='bbox 633 317 754 391; x_wconf 88' lang='lat' dir='ltr'>possem!</span> <span class='ocrx_word' id='word_1_14' title='bbox 777 317 801 373; x_wconf 92' lang='lat'>0</span> <span class='ocrx_word' id='word_1_15' title='bbox 828 316 850 373; x_wconf 90' lang='lat' dir='ltr'>si</span> <span class='ocrx_word' id='word_1_16' title='bbox 873 317 964 388; x_wconf 87' lang='lat' dir='ltr'>legere</span> 
     </span>
     <span class='ocr_line' id='line_1_4' title="bbox 172 408 966 486; baseline -0.011 -17"><span class='ocrx_word' id='word_1_17' title='bbox 172 429 267 486; x_wconf 84' lang='lat' dir='ltr'>posses</span> <span class='ocrx_word' id='word_1_18' title='bbox 282 413 308 468; x_wconf 94' lang='lat' dir='ltr'>in</span> <span class='ocrx_word' id='word_1_19' title='bbox 323 414 403 469; x_wconf 91' lang='lat' dir='ltr'>corde</span> <span class='ocrx_word' id='word_1_20' title='bbox 416 426 488 479; x_wconf 89' lang='lat' dir='ltr'>meo,</span> <span class='ocrx_word' id='word_1_21' title='bbox 501 409 573 480; x_wconf 93' lang='lat' dir='ltr'>quod</span> <span class='ocrx_word' id='word_1_22' title='bbox 597 408 635 463; x_wconf 89' lang='lat' dir='ltr'>ibi</span> <span class='ocrx_word' id='word_1_23' title='bbox 663 408 697 462; x_wconf 92' lang='lat' dir='ltr'>de</span> <span class='ocrx_word' id='word_1_24' title='bbox 720 421 812 464; x_wconf 89' lang='lat' dir='ltr'>amore</span> <span class='ocrx_word' id='word_1_25' title='bbox 831 414 888 474; x_wconf 92' lang='lat' dir='ltr'>tuo,</span> <span class='ocrx_word' id='word_1_26' title='bbox 915 420 966 460; x_wconf 90' lang='lat' dir='ltr'>sao</span> 
     </span>
     <span class='ocr_line' id='line_1_5' title="bbox 172 496 965 574; baseline -0.011 -18"><span class='ocrx_word' id='word_1_27' title='bbox 172 501 258 574; x_wconf 77' lang='lat' dir='ltr'>digito</span> <span class='ocrx_word' id='word_1_28' title='bbox 272 502 345 555; x_wconf 88' lang='lat' dir='ltr'>Deus</span> <span class='ocrx_word' id='word_1_29' title='bbox 359 497 479 555; x_wconf 89' lang='lat' dir='ltr'>scribere</span> <span class='ocrx_word' id='word_1_30' title='bbox 492 497 621 570; x_wconf 86' lang='lat' dir='ltr'>dignatus</span> <span class='ocrx_word' id='word_1_31' title='bbox 635 496 691 552; x_wconf 90' lang='lat' dir='ltr'>est!</span> <span class='ocrx_word' id='word_1_32' title='bbox 713 502 787 552; x_wconf 89' lang='lat' dir='ltr'>certe</span> <span class='ocrx_word' id='word_1_33' title='bbox 803 508 965 565; x_wconf 78' lang='lat' dir='ltr'>agnosceres</span> 
     </span>
     <span class='ocr_line' id='line_1_6' title="bbox 173 582 967 661; baseline -0.009 -17"><span class='ocrx_word' id='word_1_34' title='bbox 173 607 252 661; x_wconf 90' lang='lat' dir='ltr'>quam</span> <span class='ocrx_word' id='word_1_35' title='bbox 276 589 349 642; x_wconf 90' lang='lat' dir='ltr'>nulla</span> <span class='ocrx_word' id='word_1_36' title='bbox 371 586 465 660; x_wconf 84' lang='lat' dir='ltr'>lingua</span> <span class='ocrx_word' id='word_1_37' title='bbox 492 587 534 640; x_wconf 82' lang='lat' dir='ltr'>vel</span> <span class='ocrx_word' id='word_1_38' title='bbox 558 601 647 656; x_wconf 88' lang='lat' dir='ltr'>penna</span> <span class='ocrx_word' id='word_1_39' title='bbox 674 582 790 639; x_wconf 85' lang='lat' dir='ltr'>sufficiat</span> <span class='ocrx_word' id='word_1_40' title='bbox 814 582 967 654; x_wconf 72' lang='lat' dir='ltr'>exprimere</span> 
     </span>
     <span class='ocr_line' id='line_1_7' title="bbox 172 671 965 749; baseline -0.008 -17"><span class='ocrx_word' id='word_1_41' title='bbox 172 677 277 749; x_wconf 90' lang='lat' dir='ltr'>quodin</span> <span class='ocrx_word' id='word_1_42' title='bbox 288 677 391 731; x_wconf 89' lang='lat' dir='ltr'>intimis</span> <span class='ocrx_word' id='word_1_43' title='bbox 406 677 470 729; x_wconf 91' lang='lat' dir='ltr'>mihi</span> <span class='ocrx_word' id='word_1_44' title='bbox 485 673 613 731; x_wconf 85' lang='lat' dir='ltr'>medullis</span> <span class='ocrx_word' id='word_1_45' title='bbox 623 672 674 728; x_wconf 89' lang='lat' dir='ltr'>Dei</span> <span class='ocrx_word' id='word_1_46' title='bbox 689 672 798 743; x_wconf 90' lang='lat' dir='ltr'>spiritus</span> <span class='ocrx_word' id='word_1_47' title='bbox 810 671 965 743; x_wconf 83' lang='lat' dir='ltr'>imprimere</span> 
     </span>
     <span class='ocr_line' id='line_1_8' title="bbox 132 759 966 836; baseline -0.013 -15"><span class='ocrx_word' id='word_1_48' title='bbox 132 825 133 828; x_wconf 49' lang='lat'>,</span> <span class='ocrx_word' id='word_1_49' title='bbox 171 766 267 836; x_wconf 86' lang='lat' dir='ltr'>potuit.</span> <span class='ocrx_word' id='word_1_50' title='bbox 291 766 325 819; x_wconf 92' lang='lat' dir='ltr'>Et</span> <span class='ocrx_word' id='word_1_51' title='bbox 340 780 411 819; x_wconf 90' lang='lat' dir='ltr'>nunc</span> <span class='ocrx_word' id='word_1_52' title='bbox 425 763 533 834; x_wconf 90' lang='lat' dir='ltr'>quidem</span> <span class='ocrx_word' id='word_1_53' title='bbox 557 777 679 830; x_wconf 83' lang='lat' dir='ltr'>praeseus</span> <span class='ocrx_word' id='word_1_54' title='bbox 693 777 751 815; x_wconf 90' lang='lat' dir='ltr'>sum</span> <span class='ocrx_word' id='word_1_55' title='bbox 772 759 880 832; x_wconf 87' lang='lat' dir='ltr'>spiritu,</span> <span class='ocrx_word' id='word_1_56' title='bbox 903 760 966 815; x_wconf 89' lang='lat' dir='ltr'>licet</span> 
     </span>
     <span class='ocr_line' id='line_1_9' title="bbox 171 847 966 928; baseline -0.014 -16"><span class='ocrx_word' id='word_1_57' title='bbox 171 870 286 928; x_wconf 83' lang='lat' dir='ltr'>corpore</span> <span class='ocrx_word' id='word_1_58' title='bbox 301 854 412 922; x_wconf 78' lang='lat' dir='ltr'>absens3</span> <span class='ocrx_word' id='word_1_59' title='bbox 437 851 488 907; x_wconf 89' lang='lat' dir='ltr'>sed</span> <span class='ocrx_word' id='word_1_60' title='bbox 509 866 559 906; x_wconf 90' lang='lat' dir='ltr'>nec</span> <span class='ocrx_word' id='word_1_61' title='bbox 575 849 652 920; x_wconf 85' lang='lat' dir='ltr'>mihi,</span> <span class='ocrx_word' id='word_1_62' title='bbox 675 865 724 906; x_wconf 92' lang='lat' dir='ltr'>nec</span> <span class='ocrx_word' id='word_1_63' title='bbox 747 849 804 915; x_wconf 85' lang='lat' dir='ltr'>tibi,</span> <span class='ocrx_word' id='word_1_64' title='bbox 829 856 870 904; x_wconf 91' lang='lat' dir='ltr'>est</span> <span class='ocrx_word' id='word_1_65' title='bbox 893 847 966 903; x_wconf 88' lang='lat' dir='ltr'>unde</span> 
     </span>
     <span class='ocr_line' id='line_1_10' title="bbox 171 937 966 1016; baseline -0.008 -18"><span class='ocrx_word' id='word_1_66' title='bbox 171 958 324 1016; x_wconf 82' lang='lat' dir='ltr'>appaream.</span> <span class='ocrx_word' id='word_1_67' title='bbox 339 942 388 996; x_wconf 66' lang='lat' dir='ltr'>Est</span> <span class='ocrx_word' id='word_1_68' title='bbox 402 948 493 995; x_wconf 92' lang='lat' dir='ltr'>tamen</span> <span class='ocrx_word' id='word_1_69' title='bbox 512 953 597 1010; x_wconf 87' lang='lat' dir='ltr'>penas</span> <span class='ocrx_word' id='word_1_70' title='bbox 611 946 636 993; x_wconf 90' lang='lat' dir='ltr'>te</span> <span class='ocrx_word' id='word_1_71' title='bbox 661 937 733 994; x_wconf 91' lang='lat' dir='ltr'>unde</span> <span class='ocrx_word' id='word_1_72' title='bbox 746 937 834 1009; x_wconf 87' lang='lat' dir='ltr'>possis</span> <span class='ocrx_word' id='word_1_73' title='bbox 859 937 893 992; x_wconf 89' lang='lat' dir='ltr'>de</span> <span class='ocrx_word' id='word_1_74' title='bbox 921 952 966 992; x_wconf 94' lang='lat' dir='ltr'>me</span> 
     </span>
     <span class='ocr_line' id='line_1_11' title="bbox 171 1026 965 1104; baseline -0.008 -17"><span class='ocrx_word' id='word_1_75' title='bbox 171 1041 308 1104; x_wconf 87' lang='lat' dir='ltr'>utcunque</span> <span class='ocrx_word' id='word_1_76' title='bbox 321 1031 466 1101; x_wconf 74' lang='lat' dir='ltr'>conjicere,</span> <span class='ocrx_word' id='word_1_77' title='bbox 481 1029 531 1085; x_wconf 91' lang='lat' dir='ltr'>etsi</span> <span class='ocrx_word' id='word_1_78' title='bbox 546 1027 666 1084; x_wconf 91' lang='lat' dir='ltr'>nondum</span> <span class='ocrx_word' id='word_1_79' title='bbox 688 1036 862 1102; x_wconf 79' lang='lat' dir='ltr'>cognoscere,</span> <span class='ocrx_word' id='word_1_80' title='bbox 892 1026 965 1098; x_wconf 92' lang='lat' dir='ltr'>quod</span> 
     </span>
     <span class='ocr_line' id='line_1_12' title="bbox 171 1116 964 1191; baseline -0.005 -17"><span class='ocrx_word' id='word_1_81' title='bbox 171 1119 242 1175; x_wconf 90' lang='lat' dir='ltr'>dico.</span> <span class='ocrx_word' id='word_1_82' title='bbox 255 1120 328 1174; x_wconf 90' lang='lat' dir='ltr'>lutra</span> <span class='ocrx_word' id='word_1_83' title='bbox 342 1134 408 1191; x_wconf 90' lang='lat' dir='ltr'>ergo</span> <span class='ocrx_word' id='word_1_84' title='bbox 422 1133 469 1174; x_wconf 91' lang='lat' dir='ltr'>cor</span> <span class='ocrx_word' id='word_1_85' title='bbox 484 1128 568 1185; x_wconf 90' lang='lat' dir='ltr'>tunm,</span> <span class='ocrx_word' id='word_1_86' title='bbox 586 1126 613 1173; x_wconf 89' lang='lat' dir='ltr'>et</span> <span class='ocrx_word' id='word_1_87' title='bbox 631 1117 735 1188; x_wconf 87' lang='lat' dir='ltr'>inspice</span> <span class='ocrx_word' id='word_1_88' title='bbox 753 1133 861 1189; x_wconf 81' lang='lat' dir='ltr'>meum3</span> <span class='ocrx_word' id='word_1_89' title='bbox 876 1127 904 1173; x_wconf 91' lang='lat' dir='ltr'>et</span> <span class='ocrx_word' id='word_1_90' title='bbox 921 1116 964 1171; x_wconf 84' lang='lat' dir='ltr'>vel</span> 
     </span>
     <span class='ocr_line' id='line_1_13' title="bbox 171 1204 962 1279; baseline -0.011 -14"><span class='ocrx_word' id='word_1_91' title='bbox 171 1218 276 1266; x_wconf 74' lang='lat' dir='ltr'>mutum</span> <span class='ocrx_word' id='word_1_92' title='bbox 290 1207 356 1262; x_wconf 90' lang='lat' dir='ltr'>mibi</span> <span class='ocrx_word' id='word_1_93' title='bbox 371 1208 459 1264; x_wconf 78' lang='lat' dir='ltr'>tribue</span> <span class='ocrx_word' id='word_1_94' title='bbox 475 1208 574 1263; x_wconf 91' lang='lat' dir='ltr'>amoris</span> <span class='ocrx_word' id='word_1_95' title='bbox 597 1221 664 1279; x_wconf 90' lang='lat' dir='ltr'>erga</span> <span class='ocrx_word' id='word_1_96' title='bbox 690 1215 727 1276; x_wconf 90' lang='lat' dir='ltr'>te,</span> <span class='ocrx_word' id='word_1_97' title='bbox 755 1216 887 1277; x_wconf 90' lang='lat' dir='ltr'>quantum</span> <span class='ocrx_word' id='word_1_98' title='bbox 916 1204 962 1260; x_wconf 92' lang='lat' dir='ltr'>tibi</span> 
     </span>
     <span class='ocr_line' id='line_1_14' title="bbox 171 1294 963 1372; baseline -0.006 -19"><span class='ocrx_word' id='word_1_99' title='bbox 171 1315 236 1372; x_wconf 90' lang='lat' dir='ltr'>erga</span> <span class='ocrx_word' id='word_1_100' title='bbox 252 1313 295 1354; x_wconf 90' lang='lat' dir='ltr'>me</span> <span class='ocrx_word' id='word_1_101' title='bbox 314 1297 402 1353; x_wconf 90' lang='lat' dir='ltr'>inesse</span> <span class='ocrx_word' id='word_1_102' title='bbox 417 1297 521 1353; x_wconf 90' lang='lat' dir='ltr'>sentis:</span> <span class='ocrx_word' id='word_1_103' title='bbox 539 1313 583 1361; x_wconf 87' lang='lat' dir='ltr'>ne,</span> <span class='ocrx_word' id='word_1_104' title='bbox 598 1295 621 1350; x_wconf 92' lang='lat' dir='ltr'>si</span> <span class='ocrx_word' id='word_1_105' title='bbox 634 1312 685 1352; x_wconf 86' lang='lat' dir='ltr'>nos</span> <span class='ocrx_word' id='word_1_106' title='bbox 697 1294 807 1367; x_wconf 89' lang='lat' dir='ltr'>quidem</span> <span class='ocrx_word' id='word_1_107' title='bbox 822 1295 920 1363; x_wconf 90' lang='lat' dir='ltr'>minus,</span> <span class='ocrx_word' id='word_1_108' title='bbox 937 1301 963 1348; x_wconf 89' lang='lat' dir='ltr'>ta</span> 
     </span>
     <span class='ocr_line' id='line_1_15' title="bbox 170 1382 962 1457; baseline -0.01 -13"><span class='ocrx_word' id='word_1_109' title='bbox 170 1401 234 1444; x_wconf 89' lang='lat' dir='ltr'>vero</span> <span class='ocrx_word' id='word_1_110' title='bbox 244 1384 360 1457; x_wconf 91' lang='lat' dir='ltr'>amplius</span> <span class='ocrx_word' id='word_1_111' title='bbox 373 1400 464 1441; x_wconf 92' lang='lat' dir='ltr'>amare</span> <span class='ocrx_word' id='word_1_112' title='bbox 479 1384 692 1455; x_wconf 76' lang='lat' dir='ltr'>presumpserts,</span> <span class='ocrx_word' id='word_1_113' title='bbox 712 1399 745 1440; x_wconf 92' lang='lat' dir='ltr'>eo</span> <span class='ocrx_word' id='word_1_114' title='bbox 756 1391 783 1439; x_wconf 91' lang='lat' dir='ltr'>te</span> <span class='ocrx_word' id='word_1_115' title='bbox 796 1382 876 1439; x_wconf 91' lang='lat' dir='ltr'>nobis</span> <span class='ocrx_word' id='word_1_116' title='bbox 890 1397 962 1454; x_wconf 85' lang='lat' dir='ltr'>prar-</span> 
     </span>
     <span class='ocr_line' id='line_1_16' title="bbox 170 1472 961 1547; baseline -0.004 -17"><span class='ocrx_word' id='word_1_117' title='bbox 170 1475 241 1532; x_wconf 88' lang='lat' dir='ltr'>lerre</span> <span class='ocrx_word' id='word_1_118' title='bbox 260 1477 371 1546; x_wconf 88' lang='lat' dir='ltr'>puteris,</span> <span class='ocrx_word' id='word_1_119' title='bbox 386 1492 440 1547; x_wconf 92' lang='lat' dir='ltr'>quo</span> <span class='ocrx_word' id='word_1_120' title='bbox 450 1482 478 1530; x_wconf 90' lang='lat' dir='ltr'>et</span> <span class='ocrx_word' id='word_1_121' title='bbox 491 1475 598 1531; x_wconf 88' lang='lat' dir='ltr'>vincere</span> <span class='ocrx_word' id='word_1_122' title='bbox 618 1490 667 1531; x_wconf 91' lang='lat' dir='ltr'>nos</span> <span class='ocrx_word' id='word_1_123' title='bbox 679 1474 808 1531; x_wconf 87' lang='lat' dir='ltr'>charitate</span> <span class='ocrx_word' id='word_1_124' title='bbox 816 1472 961 1545; x_wconf 74' lang='lat' dir='ltr'>putareris</span> 
     </span>
    </p>
   </div>
   <div class='ocr_carea' id='block_1_4' title="bbox 645 102 1348 176">
    <p class='ocr_par' dir='ltr' id='par_1_4' title="bbox 645 102 1348 176">
     <span class='ocr_line' id='line_1_17' title="bbox 645 102 1348 176; baseline -0.003 -9"><span class='ocrx_word' id='word_1_125' title='bbox 645 108 672 167; x_wconf 89' lang='lat' dir='ltr'>S.</span> <span class='ocrx_word' id='word_1_126' title='bbox 693 104 860 167; x_wconf 76' lang='lat' dir='ltr'>stuntabl</span> <span class='ocrx_word' id='word_1_127' title='bbox 878 103 1017 176; x_wconf 77' lang='lat' dir='ltr'>lustris</span> <span class='ocrx_word' id='word_1_128' title='bbox 1034 102 1348 168; x_wconf 68' lang='lat' dir='ltr'>amabilissime</span> 
     </span>
    </p>
   </div>
   <div class='ocr_carea' id='block_1_5' title="bbox 1765 106 1819 168">
    <p class='ocr_par' dir='ltr' id='par_1_5' title="bbox 1765 106 1819 168">
     <span class='ocr_line' id='line_1_18' title="bbox 1765 106 1819 168; baseline 0 0"><span class='ocrx_word' id='word_1_129' title='bbox 1765 106 1819 168; x_wconf 83' lang='lat' dir='ltr'>tel</span> 
     </span>
    </p>
   </div>
   <div class='ocr_carea' id='block_1_6' title="bbox 1019 223 1821 1541">
    <p class='ocr_par' dir='ltr' id='par_1_6' title="bbox 1019 223 1821 1541">
     <span class='ocr_line' id='line_1_19' title="bbox 1023 223 1818 298; baseline 0.005 -15"><span class='ocrx_word' id='word_1_130' title='bbox 1023 228 1120 286; x_wconf 77' lang='lat' dir='ltr'>nobis?</span> <span class='ocrx_word' id='word_1_131' title='bbox 1134 228 1209 285; x_wconf 91' lang='lat' dir='ltr'>unde</span> <span class='ocrx_word' id='word_1_132' title='bbox 1220 228 1352 286; x_wconf 80' lang='lat' dir='ltr'>maurini</span> <span class='ocrx_word' id='word_1_133' title='bbox 1367 223 1521 287; x_wconf 87' lang='lat' dir='ltr'>sollicitudo</span> <span class='ocrx_word' id='word_1_134' title='bbox 1541 227 1577 286; x_wconf 88' lang='lat' dir='ltr'>da</span> <span class='ocrx_word' id='word_1_135' title='bbox 1590 225 1689 287; x_wconf 73' lang='lat' dir='ltr'>nobis?</span> <span class='ocrx_word' id='word_1_136' title='bbox 1706 227 1738 285; x_wconf 79' lang='lat' dir='ltr'>Si</span> <span class='ocrx_word' id='word_1_137' title='bbox 1754 226 1818 298; x_wconf 77' lang='lat' dir='ltr'>llll,</span> 
     </span>
     <span class='ocr_line' id='line_1_20' title="bbox 1021 316 1821 390; baseline 0.001 -16"><span class='ocrx_word' id='word_1_138' title='bbox 1021 317 1044 374; x_wconf 88' lang='lat' dir='ltr'>si</span> <span class='ocrx_word' id='word_1_139' title='bbox 1077 323 1197 388; x_wconf 80' lang='lat' dir='ltr'>nepotes,</span> <span class='ocrx_word' id='word_1_140' title='bbox 1226 318 1249 373; x_wconf 91' lang='lat' dir='ltr'>si</span> <span class='ocrx_word' id='word_1_141' title='bbox 1277 317 1320 374; x_wconf 86' lang='lat' dir='ltr'>vel</span> <span class='ocrx_word' id='word_1_142' title='bbox 1342 319 1430 390; x_wconf 88' lang='lat' dir='ltr'>aliqua</span> <span class='ocrx_word' id='word_1_143' title='bbox 1461 325 1581 376; x_wconf 90' lang='lat' dir='ltr'>extrema</span> <span class='ocrx_word' id='word_1_144' title='bbox 1612 316 1821 390; x_wconf 79' lang='lat' dir='ltr'>propinquitatis</span> 
     </span>
     <span class='ocr_line' id='line_1_21' title="bbox 1021 403 1819 476; baseline 0.005 -17"><span class='ocrx_word' id='word_1_145' title='bbox 1021 404 1094 461; x_wconf 90' lang='lat' dir='ltr'>linea</span> <span class='ocrx_word' id='word_1_146' title='bbox 1111 405 1159 461; x_wconf 90' lang='lat' dir='ltr'>tibi</span> <span class='ocrx_word' id='word_1_147' title='bbox 1171 406 1261 474; x_wconf 83' lang='lat' dir='ltr'>juncti</span> <span class='ocrx_word' id='word_1_148' title='bbox 1270 423 1404 476; x_wconf 90' lang='lat' dir='ltr'>essemus,</span> <span class='ocrx_word' id='word_1_149' title='bbox 1418 415 1464 463; x_wconf 88' lang='lat' dir='ltr'>tua</span> <span class='ocrx_word' id='word_1_150' title='bbox 1482 407 1575 463; x_wconf 87' lang='lat' dir='ltr'>crebra</span> <span class='ocrx_word' id='word_1_151' title='bbox 1597 403 1739 476; x_wconf 83' lang='lat' dir='ltr'>beneficia,</span> <span class='ocrx_word' id='word_1_152' title='bbox 1761 405 1819 463; x_wconf 89' lang='lat' dir='ltr'>ire·</span> 
     </span>
     <span class='ocr_line' id='line_1_22' title="bbox 1022 493 1820 566; baseline 0.006 -19"><span class='ocrx_word' id='word_1_153' title='bbox 1022 502 1134 563; x_wconf 79' lang='lat' dir='ltr'>quantes</span> <span class='ocrx_word' id='word_1_154' title='bbox 1156 494 1343 562; x_wconf 89' lang='lat' dir='ltr'>salutationes,</span> <span class='ocrx_word' id='word_1_155' title='bbox 1361 497 1507 551; x_wconf 88' lang='lat' dir='ltr'>innumera</span> <span class='ocrx_word' id='word_1_156' title='bbox 1529 494 1646 566; x_wconf 88' lang='lat' dir='ltr'>denique</span> <span class='ocrx_word' id='word_1_157' title='bbox 1660 493 1700 549; x_wconf 91' lang='lat' dir='ltr'>tui</span> <span class='ocrx_word' id='word_1_158' title='bbox 1719 495 1820 552; x_wconf 81' lang='lat' dir='ltr'>ameris</span> 
     </span>
     <span class='ocr_line' id='line_1_23' title="bbox 1021 582 1820 656; baseline 0.004 -20"><span class='ocrx_word' id='word_1_159' title='bbox 1021 582 1223 654; x_wconf 73' lang='lat' dir='ltr'>insigniaque</span> <span class='ocrx_word' id='word_1_160' title='bbox 1241 584 1362 654; x_wconf 91' lang='lat' dir='ltr'>quotidie</span> <span class='ocrx_word' id='word_1_161' title='bbox 1386 583 1551 656; x_wconf 82' lang='lat' dir='ltr'>experimur,</span> <span class='ocrx_word' id='word_1_162' title='bbox 1579 597 1633 639; x_wconf 91' lang='lat' dir='ltr'>uon</span> <span class='ocrx_word' id='word_1_163' title='bbox 1661 589 1717 639; x_wconf 87' lang='lat' dir='ltr'>tam</span> <span class='ocrx_word' id='word_1_164' title='bbox 1740 584 1820 649; x_wconf 82' lang='lat' dir='ltr'>uobis</span> 
     </span>
     <span class='ocr_line' id='line_1_24' title="bbox 1019 669 1817 744; baseline 0.005 -19"><span class='ocrx_word' id='word_1_165' title='bbox 1019 672 1145 727; x_wconf 88' lang='lat' dir='ltr'>miranda</span> <span class='ocrx_word' id='word_1_166' title='bbox 1158 672 1326 742; x_wconf 87' lang='lat' dir='ltr'>riderentur,</span> <span class='ocrx_word' id='word_1_167' title='bbox 1347 689 1428 744; x_wconf 91' lang='lat' dir='ltr'>qnam</span> <span class='ocrx_word' id='word_1_168' title='bbox 1456 688 1488 729; x_wconf 85' lang='lat' dir='ltr'>ex</span> <span class='ocrx_word' id='word_1_169' title='bbox 1517 672 1608 729; x_wconf 88' lang='lat' dir='ltr'>debito</span> <span class='ocrx_word' id='word_1_170' title='bbox 1635 669 1817 743; x_wconf 88' lang='lat' dir='ltr'>suscipienda.</span> 
     </span>
     <span class='ocr_line' id='line_1_25' title="bbox 1020 759 1818 832; baseline 0.004 -19"><span class='ocrx_word' id='word_1_171' title='bbox 1020 759 1098 814; x_wconf 91' lang='lat' dir='ltr'>Nunc</span> <span class='ocrx_word' id='word_1_172' title='bbox 1126 769 1214 815; x_wconf 91' lang='lat' dir='ltr'>autem</span> <span class='ocrx_word' id='word_1_173' title='bbox 1239 777 1302 817; x_wconf 88' lang='lat' dir='ltr'>cum</span> <span class='ocrx_word' id='word_1_174' title='bbox 1329 777 1431 832; x_wconf 86' lang='lat' dir='ltr'>genera</span> <span class='ocrx_word' id='word_1_175' title='bbox 1456 770 1560 818; x_wconf 79' lang='lat' dir='ltr'>uatum</span> <span class='ocrx_word' id='word_1_176' title='bbox 1586 760 1735 824; x_wconf 89' lang='lat' dir='ltr'>dominam,</span> <span class='ocrx_word' id='word_1_177' title='bbox 1763 775 1818 816; x_wconf 92' lang='lat' dir='ltr'>non</span> 
     </span>
     <span class='ocr_line' id='line_1_26' title="bbox 1019 848 1816 924; baseline 0.005 -22"><span class='ocrx_word' id='word_1_178' title='bbox 1019 858 1135 905; x_wconf 89' lang='lat' dir='ltr'>matrem</span> <span class='ocrx_word' id='word_1_179' title='bbox 1149 857 1175 904; x_wconf 91' lang='lat' dir='ltr'>te</span> <span class='ocrx_word' id='word_1_180' title='bbox 1196 864 1403 922; x_wconf 80' lang='lat' dir='ltr'>cognoscamus,</span> <span class='ocrx_word' id='word_1_181' title='bbox 1433 865 1488 908; x_wconf 90' lang='lat' dir='ltr'>non</span> <span class='ocrx_word' id='word_1_182' title='bbox 1505 848 1603 906; x_wconf 90' lang='lat' dir='ltr'>mirum</span> <span class='ocrx_word' id='word_1_183' title='bbox 1630 851 1652 905; x_wconf 90' lang='lat' dir='ltr'>si</span> <span class='ocrx_word' id='word_1_184' title='bbox 1676 851 1816 924; x_wconf 85' lang='lat' dir='ltr'>miramur,</span> 
     </span>
     <span class='ocr_line' id='line_1_27' title="bbox 1021 936 1817 1010; baseline 0.005 -18"><span class='ocrx_word' id='word_1_185' title='bbox 1021 937 1068 992; x_wconf 91' lang='lat' dir='ltr'>sed</span> <span class='ocrx_word' id='word_1_186' title='bbox 1085 937 1183 993; x_wconf 90' lang='lat' dir='ltr'>miram</span> <span class='ocrx_word' id='word_1_187' title='bbox 1208 938 1232 993; x_wconf 90' lang='lat' dir='ltr'>si</span> <span class='ocrx_word' id='word_1_188' title='bbox 1257 938 1323 993; x_wconf 87' lang='lat' dir='ltr'>satis</span> <span class='ocrx_word' id='word_1_189' title='bbox 1350 939 1440 995; x_wconf 88' lang='lat' dir='ltr'>mirari</span> <span class='ocrx_word' id='word_1_190' title='bbox 1467 954 1623 1010; x_wconf 88' lang='lat' dir='ltr'>possumus.</span> <span class='ocrx_word' id='word_1_191' title='bbox 1648 936 1718 1008; x_wconf 87' lang='lat' dir='ltr'>Quis</span> <span class='ocrx_word' id='word_1_192' title='bbox 1744 938 1817 996; x_wconf 88' lang='lat' dir='ltr'>enirn</span> 
     </span>
     <span class='ocr_line' id='line_1_28' title="bbox 1021 1020 1818 1100; baseline 0.004 -19"><span class='ocrx_word' id='word_1_193' title='bbox 1021 1035 1148 1082; x_wconf 91' lang='lat' dir='ltr'>notorum</span> <span class='ocrx_word' id='word_1_194' title='bbox 1163 1028 1204 1082; x_wconf 86' lang='lat' dir='ltr'>nel</span> <span class='ocrx_word' id='word_1_195' title='bbox 1219 1034 1396 1100; x_wconf 86' lang='lat' dir='ltr'>cognatorum</span> <span class='ocrx_word' id='word_1_196' title='bbox 1410 1034 1563 1084; x_wconf 88' lang='lat' dir='ltr'>nostrorum</span> <span class='ocrx_word' id='word_1_197' title='bbox 1577 1020 1671 1083; x_wconf 75' lang='lat' dir='ltr'>curam</span> <span class='ocrx_word' id='word_1_198' title='bbox 1686 1025 1771 1083; x_wconf 86' lang='lat' dir='ltr'>habet</span> <span class='ocrx_word' id='word_1_199' title='bbox 1782 1026 1818 1085; x_wconf 88' lang='lat' dir='ltr'>de</span> 
     </span>
     <span class='ocr_line' id='line_1_29' title="bbox 1020 1106 1816 1192; baseline 0.008 -24"><span class='ocrx_word' id='word_1_200' title='bbox 1020 1114 1329 1188; x_wconf 87' lang='lat' dir='ltr'>nobislquianaquam</span> <span class='ocrx_word' id='word_1_201' title='bbox 1358 1117 1393 1172; x_wconf 92' lang='lat' dir='ltr'>de</span> <span class='ocrx_word' id='word_1_202' title='bbox 1420 1123 1513 1173; x_wconf 91' lang='lat' dir='ltr'>nostra</span> <span class='ocrx_word' id='word_1_203' title='bbox 1536 1106 1620 1173; x_wconf 84' lang='lat' dir='ltr'>salute</span> <span class='ocrx_word' id='word_1_204' title='bbox 1648 1114 1816 1192; x_wconf 80' lang='lat' dir='ltr'>interrogati</span> 
     </span>
     <span class='ocr_line' id='line_1_30' title="bbox 1019 1203 1818 1277; baseline 0.008 -18"><span class='ocrx_word' id='word_1_205' title='bbox 1019 1205 1090 1276; x_wconf 91' lang='lat' dir='ltr'>quis,</span> <span class='ocrx_word' id='word_1_206' title='bbox 1107 1204 1229 1277; x_wconf 87' lang='lat' dir='ltr'>inquam,</span> <span class='ocrx_word' id='word_1_207' title='bbox 1244 1221 1299 1261; x_wconf 93' lang='lat' dir='ltr'>non</span> <span class='ocrx_word' id='word_1_208' title='bbox 1317 1205 1379 1262; x_wconf 92' lang='lat' dir='ltr'>dico</span> <span class='ocrx_word' id='word_1_209' title='bbox 1400 1205 1540 1271; x_wconf 83' lang='lat' dir='ltr'>sollicitus,</span> <span class='ocrx_word' id='word_1_210' title='bbox 1567 1203 1616 1262; x_wconf 88' lang='lat' dir='ltr'>sed</span> <span class='ocrx_word' id='word_1_211' title='bbox 1638 1205 1683 1263; x_wconf 84' lang='lat' dir='ltr'>sel</span> <span class='ocrx_word' id='word_1_212' title='bbox 1711 1222 1818 1265; x_wconf 90' lang='lat' dir='ltr'>mernor</span> 
     </span>
     <span class='ocr_line' id='line_1_31' title="bbox 1020 1293 1817 1366; baseline 0.008 -19"><span class='ocrx_word' id='word_1_213' title='bbox 1020 1293 1161 1349; x_wconf 75' lang='lat' dir='ltr'>nostriset</span> <span class='ocrx_word' id='word_1_214' title='bbox 1182 1293 1209 1348; x_wconf 91' lang='lat' dir='ltr'>in</span> <span class='ocrx_word' id='word_1_215' title='bbox 1237 1295 1361 1351; x_wconf 78' lang='lat' dir='ltr'>saeculci</span> <span class='ocrx_word' id='word_1_216' title='bbox 1384 1295 1496 1361; x_wconf 78' lang='lat' dir='ltr'>Amicis,</span> <span class='ocrx_word' id='word_1_217' title='bbox 1526 1293 1695 1366; x_wconf 70' lang='lat' dir='ltr'>propinquis,</span> <span class='ocrx_word' id='word_1_218' title='bbox 1721 1296 1817 1353; x_wconf 82' lang='lat' dir='ltr'>vicinis</span> 
     </span>
     <span class='ocr_line' id='line_1_32' title="bbox 1019 1381 1817 1455; baseline 0.009 -19"><span class='ocrx_word' id='word_1_219' title='bbox 1019 1381 1120 1438; x_wconf 91' lang='lat' dir='ltr'>nostris</span> <span class='ocrx_word' id='word_1_220' title='bbox 1136 1381 1196 1438; x_wconf 85' lang='lat' dir='ltr'>laeti</span> <span class='ocrx_word' id='word_1_221' title='bbox 1210 1398 1302 1438; x_wconf 88' lang='lat' dir='ltr'>sumus</span> <span class='ocrx_word' id='word_1_222' title='bbox 1315 1391 1441 1454; x_wconf 91' lang='lat' dir='ltr'>tanquam</span> <span class='ocrx_word' id='word_1_223' title='bbox 1457 1399 1504 1455; x_wconf 88' lang='lat' dir='ltr'>vas</span> <span class='ocrx_word' id='word_1_224' title='bbox 1517 1382 1670 1455; x_wconf 90' lang='lat' dir='ltr'>perditum:</span> <span class='ocrx_word' id='word_1_225' title='bbox 1691 1385 1752 1440; x_wconf 92' lang='lat' dir='ltr'>sola</span> <span class='ocrx_word' id='word_1_226' title='bbox 1767 1401 1817 1442; x_wconf 90' lang='lat' dir='ltr'>nos</span> 
     </span>
     <span class='ocr_line' id='line_1_33' title="bbox 1019 1467 1816 1541; baseline 0.006 -17"><span class='ocrx_word' id='word_1_227' title='bbox 1019 1467 1141 1526; x_wconf 80' lang='lat' dir='ltr'>oblivisci</span> <span class='ocrx_word' id='word_1_228' title='bbox 1157 1485 1212 1526; x_wconf 92' lang='lat' dir='ltr'>uon</span> <span class='ocrx_word' id='word_1_229' title='bbox 1231 1479 1320 1541; x_wconf 87' lang='lat' dir='ltr'>potes.</span> <span class='ocrx_word' id='word_1_230' title='bbox 1341 1469 1459 1541; x_wconf 87' lang='lat' dir='ltr'>inquiris</span> <span class='ocrx_word' id='word_1_231' title='bbox 1477 1471 1631 1526; x_wconf 82' lang='lat' dir='ltr'>deessset</span> <span class='ocrx_word' id='word_1_232' title='bbox 1654 1478 1728 1527; x_wconf 90' lang='lat' dir='ltr'>statu</span> <span class='ocrx_word' id='word_1_233' title='bbox 1742 1474 1816 1529; x_wconf 83' lang='lat' dir='ltr'>sani-</span> 
     </span>
    </p>
   </div>
   <div class='ocr_carea' id='block_1_7' title="bbox 166 1557 1817 2431">
    <p class='ocr_par' dir='ltr' id='par_1_7' title="bbox 166 1557 1817 2342">
     <span class='ocr_line' id='line_1_34' title="bbox 169 1557 1816 1645; baseline -0.002 -27"><span class='ocrx_word' id='word_1_234' title='bbox 169 1563 304 1620; x_wconf 84' lang='lat' dir='ltr'>Caeterum</span> <span class='ocrx_word' id='word_1_235' title='bbox 327 1571 381 1620; x_wconf 87' lang='lat' dir='ltr'>tuae</span> <span class='ocrx_word' id='word_1_236' title='bbox 395 1564 537 1621; x_wconf 83' lang='lat' dir='ltr'>modestiae</span> <span class='ocrx_word' id='word_1_237' title='bbox 565 1571 606 1618; x_wconf 90' lang='lat' dir='ltr'>est</span> <span class='ocrx_word' id='word_1_238' title='bbox 634 1563 661 1619; x_wconf 91' lang='lat' dir='ltr'>id</span> <span class='ocrx_word' id='word_1_239' title='bbox 688 1563 780 1633; x_wconf 89' lang='lat' dir='ltr'>potius</span> <span class='ocrx_word' id='word_1_240' title='bbox 806 1562 907 1619; x_wconf 84' lang='lat' dir='ltr'>sentire</span> <span class='ocrx_word' id='word_1_241' title='bbox 930 1564 964 1616; x_wconf 89' lang='lat' dir='ltr'>de</span> <span class='ocrx_word' id='word_1_242' title='bbox 983 1557 1083 1645; x_wconf 56' lang='lat' dir='ltr'>utatis</span> <span class='ocrx_word' id='word_1_243' title='bbox 1101 1565 1210 1624; x_wconf 85' lang='lat' dir='ltr'>nostrae,</span> <span class='ocrx_word' id='word_1_244' title='bbox 1233 1558 1267 1613; x_wconf 91' lang='lat' dir='ltr'>de</span> <span class='ocrx_word' id='word_1_245' title='bbox 1293 1560 1337 1614; x_wconf 87' lang='lat' dir='ltr'>nia</span> <span class='ocrx_word' id='word_1_246' title='bbox 1358 1574 1437 1630; x_wconf 92' lang='lat' dir='ltr'>quam</span> <span class='ocrx_word' id='word_1_247' title='bbox 1452 1573 1537 1629; x_wconf 87' lang='lat' dir='ltr'>nuper</span> <span class='ocrx_word' id='word_1_248' title='bbox 1551 1557 1666 1630; x_wconf 85' lang='lat' dir='ltr'>egimus,</span> <span class='ocrx_word' id='word_1_249' title='bbox 1692 1558 1729 1615; x_wconf 90' lang='lat' dir='ltr'>de</span> <span class='ocrx_word' id='word_1_250' title='bbox 1754 1575 1816 1615; x_wconf 92' lang='lat' dir='ltr'>mo·</span> 
     </span>
     <span class='ocr_line' id='line_1_35' title="bbox 169 1646 1817 1725; baseline -0.004 -17"><span class='ocrx_word' id='word_1_251' title='bbox 169 1653 258 1720; x_wconf 88' lang='lat' dir='ltr'>nohis,</span> <span class='ocrx_word' id='word_1_252' title='bbox 278 1663 308 1709; x_wconf 89' lang='lat' dir='ltr'>nt</span> <span class='ocrx_word' id='word_1_253' title='bbox 320 1654 366 1724; x_wconf 91' lang='lat' dir='ltr'>qui</span> <span class='ocrx_word' id='word_1_254' title='bbox 381 1662 408 1708; x_wconf 90' lang='lat' dir='ltr'>te</span> <span class='ocrx_word' id='word_1_255' title='bbox 422 1653 516 1708; x_wconf 75' lang='lat' dir='ltr'>al&#39;leeit</span> <span class='ocrx_word' id='word_1_256' title='bbox 531 1652 567 1708; x_wconf 93' lang='lat' dir='ltr'>ita</span> <span class='ocrx_word' id='word_1_257' title='bbox 583 1668 625 1708; x_wconf 90' lang='lat' dir='ltr'>rne</span> <span class='ocrx_word' id='word_1_258' title='bbox 648 1652 761 1725; x_wconf 86' lang='lat' dir='ltr'>diligere</span> <span class='ocrx_word' id='word_1_259' title='bbox 775 1659 801 1707; x_wconf 90' lang='lat' dir='ltr'>et</span> <span class='ocrx_word' id='word_1_260' title='bbox 814 1651 917 1724; x_wconf 83' lang='lat' dir='ltr'>eligere</span> <span class='ocrx_word' id='word_1_261' title='bbox 931 1652 965 1706; x_wconf 89' lang='lat' dir='ltr'>ad</span> <span class='ocrx_word' id='word_1_262' title='bbox 1020 1646 1122 1719; x_wconf 81' lang='lat' dir='ltr'>bachis,</span> <span class='ocrx_word' id='word_1_263' title='bbox 1136 1646 1246 1719; x_wconf 90' lang='lat' dir='ltr'>quosad</span> <span class='ocrx_word' id='word_1_264' title='bbox 1261 1647 1346 1704; x_wconf 91' lang='lat' dir='ltr'>alium</span> <span class='ocrx_word' id='word_1_265' title='bbox 1356 1647 1444 1703; x_wconf 90' lang='lat' dir='ltr'>locum</span> <span class='ocrx_word' id='word_1_266' title='bbox 1456 1646 1652 1703; x_wconf 86' lang='lat' dir='ltr'>transtulimus.</span> <span class='ocrx_word' id='word_1_267' title='bbox 1665 1647 1706 1701; x_wconf 86' lang='lat' dir='ltr'>De</span> <span class='ocrx_word' id='word_1_268' title='bbox 1717 1647 1817 1720; x_wconf 90' lang='lat' dir='ltr'>quibus</span> 
     </span>
     <span class='ocr_line' id='line_1_36' title="bbox 169 1733 1817 1812; baseline -0.003 -14"><span class='ocrx_word' id='word_1_269' title='bbox 169 1742 314 1798; x_wconf 90' lang='lat' dir='ltr'>consilium</span> <span class='ocrx_word' id='word_1_270' title='bbox 329 1749 383 1798; x_wconf 86' lang='lat' dir='ltr'>tuae</span> <span class='ocrx_word' id='word_1_271' title='bbox 398 1741 504 1806; x_wconf 89' lang='lat' dir='ltr'>salutis,</span> <span class='ocrx_word' id='word_1_272' title='bbox 520 1756 597 1812; x_wconf 86' lang='lat' dir='ltr'>aeque</span> <span class='ocrx_word' id='word_1_273' title='bbox 610 1740 732 1796; x_wconf 81' lang='lat' dir='ltr'>affecerit</span> <span class='ocrx_word' id='word_1_274' title='bbox 746 1748 773 1795; x_wconf 91' lang='lat' dir='ltr'>et</span> <span class='ocrx_word' id='word_1_275' title='bbox 789 1756 831 1795; x_wconf 90' lang='lat' dir='ltr'>me</span> <span class='ocrx_word' id='word_1_276' title='bbox 845 1740 872 1793; x_wconf 90' lang='lat' dir='ltr'>in</span> <span class='ocrx_word' id='word_1_277' title='bbox 885 1739 965 1795; x_wconf 88' lang='lat' dir='ltr'>obse·</span> <span class='ocrx_word' id='word_1_278' title='bbox 1018 1733 1137 1791; x_wconf 88' lang='lat' dir='ltr'>breviter</span> <span class='ocrx_word' id='word_1_279' title='bbox 1151 1736 1303 1808; x_wconf 89' lang='lat' dir='ltr'>respondeo</span> <span class='ocrx_word' id='word_1_280' title='bbox 1318 1736 1390 1808; x_wconf 94' lang='lat' dir='ltr'>quod</span> <span class='ocrx_word' id='word_1_281' title='bbox 1406 1739 1441 1791; x_wconf 91' lang='lat' dir='ltr'>de</span> <span class='ocrx_word' id='word_1_282' title='bbox 1455 1744 1526 1793; x_wconf 92' lang='lat' dir='ltr'>terra</span> <span class='ocrx_word' id='word_1_283' title='bbox 1539 1737 1644 1792; x_wconf 90' lang='lat' dir='ltr'>deserta</span> <span class='ocrx_word' id='word_1_284' title='bbox 1663 1736 1740 1793; x_wconf 87' lang='lat' dir='ltr'>etde</span> <span class='ocrx_word' id='word_1_285' title='bbox 1757 1737 1817 1795; x_wconf 91' lang='lat' dir='ltr'>loco</span> 
     </span>
     <span class='ocr_line' id='line_1_37' title="bbox 167 1824 1815 1902; baseline -0.001 -17"><span class='ocrx_word' id='word_1_286' title='bbox 167 1831 259 1902; x_wconf 90' lang='lat' dir='ltr'>quium</span> <span class='ocrx_word' id='word_1_287' title='bbox 274 1839 328 1886; x_wconf 88' lang='lat' dir='ltr'>tuae</span> <span class='ocrx_word' id='word_1_288' title='bbox 343 1829 511 1885; x_wconf 88' lang='lat' dir='ltr'>dilectionis:</span> <span class='ocrx_word' id='word_1_289' title='bbox 527 1830 568 1884; x_wconf 89' lang='lat' dir='ltr'>Tu</span> <span class='ocrx_word' id='word_1_290' title='bbox 583 1845 649 1901; x_wconf 81' lang='lat' dir='ltr'>ergo</span> <span class='ocrx_word' id='word_1_291' title='bbox 659 1829 757 1884; x_wconf 87' lang='lat' dir='ltr'>rideris</span> <span class='ocrx_word' id='word_1_292' title='bbox 770 1829 908 1900; x_wconf 90' lang='lat' dir='ltr'>quomodo</span> <span class='ocrx_word' id='word_1_293' title='bbox 922 1843 964 1884; x_wconf 85' lang='lat' dir='ltr'>rae</span> <span class='ocrx_word' id='word_1_294' title='bbox 1018 1824 1140 1880; x_wconf 88' lang='lat' dir='ltr'>horroris</span> <span class='ocrx_word' id='word_1_295' title='bbox 1171 1835 1197 1881; x_wconf 90' lang='lat' dir='ltr'>et</span> <span class='ocrx_word' id='word_1_296' title='bbox 1224 1834 1306 1882; x_wconf 87' lang='lat' dir='ltr'>vastae</span> <span class='ocrx_word' id='word_1_297' title='bbox 1329 1824 1485 1884; x_wconf 85' lang='lat' dir='ltr'>solitudinis</span> <span class='ocrx_word' id='word_1_298' title='bbox 1522 1824 1668 1882; x_wconf 84' lang='lat' dir='ltr'>introducti</span> <span class='ocrx_word' id='word_1_299' title='bbox 1696 1827 1815 1882; x_wconf 86' lang='lat' dir='ltr'>suntin</span> 
     </span>
     <span class='ocr_line' id='line_1_38' title="bbox 167 1913 1816 1990; baseline 0.001 -18"><span class='ocrx_word' id='word_1_300' title='bbox 167 1927 260 1974; x_wconf 85' lang='lat' dir='ltr'>tecum</span> <span class='ocrx_word' id='word_1_301' title='bbox 274 1917 419 1972; x_wconf 87' lang='lat' dir='ltr'>retinueris</span> <span class='ocrx_word' id='word_1_302' title='bbox 435 1935 442 1970; x_wconf 77' lang='grc' dir='ltr'><strong>ε</strong></span> <span class='ocrx_word' id='word_1_303' title='bbox 457 1931 511 1988; x_wconf 87' lang='lat' dir='ltr'>ego</span> <span class='ocrx_word' id='word_1_304' title='bbox 534 1924 564 1971; x_wconf 93' lang='lat' dir='ltr'>ut</span> <span class='ocrx_word' id='word_1_305' title='bbox 592 1933 688 1971; x_wconf 86' lang='lat' dir='ltr'>verum</span> <span class='ocrx_word' id='word_1_306' title='bbox 718 1915 812 1984; x_wconf 80' lang='lat' dir='ltr'>fatear,</span> <span class='ocrx_word' id='word_1_307' title='bbox 832 1933 964 1990; x_wconf 89' lang='lat' dir='ltr'>nusquam</span> <span class='ocrx_word' id='word_1_308' title='bbox 1018 1913 1209 1970; x_wconf 89' lang='lat' dir='ltr'>abundantiam</span> <span class='ocrx_word' id='word_1_309' title='bbox 1231 1930 1331 1979; x_wconf 90' lang='lat' dir='ltr'>rerum,</span> <span class='ocrx_word' id='word_1_310' title='bbox 1346 1914 1438 1970; x_wconf 85' lang='lat' dir='ltr'>fidium</span> <span class='ocrx_word' id='word_1_311' title='bbox 1453 1921 1480 1971; x_wconf 92' lang='lat' dir='ltr'>et</span> <span class='ocrx_word' id='word_1_312' title='bbox 1493 1914 1660 1985; x_wconf 65' lang='lat' dir='ltr'>amicorum</span> <span class='ocrx_word' id='word_1_313' title='bbox 1673 1915 1701 1972; x_wconf 92' lang='lat' dir='ltr'>in</span> <span class='ocrx_word' id='word_1_314' title='bbox 1717 1925 1816 1975; x_wconf 86' lang='lat' dir='ltr'>terram</span> 
     </span>
     <span class='ocr_line' id='line_1_39' title="bbox 167 2001 1816 2075; baseline 0.002 -16"><span class='ocrx_word' id='word_1_315' title='bbox 167 2004 215 2059; x_wconf 92' lang='lat' dir='ltr'>abs</span> <span class='ocrx_word' id='word_1_316' title='bbox 230 2010 255 2057; x_wconf 91' lang='lat' dir='ltr'>te</span> <span class='ocrx_word' id='word_1_317' title='bbox 269 2002 372 2075; x_wconf 87' lang='lat' dir='ltr'>absque</span> <span class='ocrx_word' id='word_1_318' title='bbox 388 2013 413 2058; x_wconf 89' lang='lat' dir='ltr'>te</span> <span class='ocrx_word' id='word_1_319' title='bbox 437 2004 543 2059; x_wconf 89' lang='lat' dir='ltr'>recedo.</span> <span class='ocrx_word' id='word_1_320' title='bbox 568 2006 630 2059; x_wconf 83' lang='lat' dir='ltr'>llaec</span> <span class='ocrx_word' id='word_1_321' title='bbox 653 2004 701 2059; x_wconf 90' lang='lat' dir='ltr'>tibi</span> <span class='ocrx_word' id='word_1_322' title='bbox 724 2004 833 2059; x_wconf 91' lang='lat' dir='ltr'>interim</span> <span class='ocrx_word' id='word_1_323' title='bbox 860 2004 894 2060; x_wconf 90' lang='lat' dir='ltr'>de</span> <span class='ocrx_word' id='word_1_324' title='bbox 922 2005 966 2062; x_wconf 86' lang='lat' dir='ltr'>ria</span> <span class='ocrx_word' id='word_1_325' title='bbox 1017 2001 1134 2075; x_wconf 87' lang='lat' dir='ltr'>denique</span> <span class='ocrx_word' id='word_1_326' title='bbox 1160 2003 1285 2067; x_wconf 90' lang='lat' dir='ltr'>lertilem,</span> <span class='ocrx_word' id='word_1_327' title='bbox 1310 2010 1336 2058; x_wconf 91' lang='lat' dir='ltr'>et</span> <span class='ocrx_word' id='word_1_328' title='bbox 1364 2002 1455 2059; x_wconf 91' lang='lat' dir='ltr'>locum</span> <span class='ocrx_word' id='word_1_329' title='bbox 1487 2018 1601 2060; x_wconf 83' lang='lat' dir='ltr'>amoenae</span> <span class='ocrx_word' id='word_1_330' title='bbox 1630 2005 1816 2063; x_wconf 82' lang='lat' dir='ltr'>habitationis.</span> 
     </span>
     <span class='ocr_line' id='line_1_40' title="bbox 167 2091 1816 2165; baseline 0.002 -18"><span class='ocrx_word' id='word_1_331' title='bbox 167 2093 286 2149; x_wconf 91' lang='lat' dir='ltr'>breviter</span> <span class='ocrx_word' id='word_1_332' title='bbox 300 2092 327 2147; x_wconf 92' lang='lat' dir='ltr'>in</span> <span class='ocrx_word' id='word_1_333' title='bbox 343 2091 454 2147; x_wconf 91' lang='lat' dir='ltr'>transitu</span> <span class='ocrx_word' id='word_1_334' title='bbox 475 2092 596 2148; x_wconf 89' lang='lat' dir='ltr'>scribere</span> <span class='ocrx_word' id='word_1_335' title='bbox 611 2093 702 2156; x_wconf 90' lang='lat' dir='ltr'>volui;</span> <span class='ocrx_word' id='word_1_336' title='bbox 724 2109 835 2162; x_wconf 88' lang='lat' dir='ltr'>sperans</span> <span class='ocrx_word' id='word_1_337' title='bbox 844 2108 887 2147; x_wconf 92' lang='lat' dir='ltr'>me</span> <span class='ocrx_word' id='word_1_338' title='bbox 902 2109 965 2148; x_wconf 91' lang='lat' dir='ltr'>ma·</span> <span class='ocrx_word' id='word_1_339' title='bbox 1017 2091 1107 2147; x_wconf 80' lang='lat' dir='ltr'>Laetos</span> <span class='ocrx_word' id='word_1_340' title='bbox 1119 2092 1209 2162; x_wconf 88' lang='lat' dir='ltr'>itaque</span> <span class='ocrx_word' id='word_1_341' title='bbox 1223 2101 1250 2148; x_wconf 91' lang='lat' dir='ltr'>et</span> <span class='ocrx_word' id='word_1_342' title='bbox 1273 2092 1300 2147; x_wconf 92' lang='lat' dir='ltr'>in</span> <span class='ocrx_word' id='word_1_343' title='bbox 1314 2107 1379 2164; x_wconf 91' lang='lat' dir='ltr'>pace</span> <span class='ocrx_word' id='word_1_344' title='bbox 1397 2091 1563 2165; x_wconf 85' lang='lat' dir='ltr'>reliquimus,</span> <span class='ocrx_word' id='word_1_345' title='bbox 1589 2092 1643 2148; x_wconf 84' lang='lat' dir='ltr'>laeti</span> <span class='ocrx_word' id='word_1_346' title='bbox 1660 2109 1711 2150; x_wconf 88' lang='lat' dir='ltr'>nes</span> <span class='ocrx_word' id='word_1_347' title='bbox 1733 2103 1762 2151; x_wconf 93' lang='lat' dir='ltr'>et</span> <span class='ocrx_word' id='word_1_348' title='bbox 1788 2095 1816 2150; x_wconf 87' lang='lat' dir='ltr'>ia</span> 
     </span>
     <span class='ocr_line' id='line_1_41' title="bbox 166 2178 1814 2253; baseline 0.002 -17"><span class='ocrx_word' id='word_1_349' title='bbox 166 2181 222 2252; x_wconf 81' lang='lat' dir='ltr'>jori</span> <span class='ocrx_word' id='word_1_350' title='bbox 236 2182 291 2237; x_wconf 89' lang='lat' dir='ltr'>otio</span> <span class='ocrx_word' id='word_1_351' title='bbox 307 2182 410 2251; x_wconf 89' lang='lat' dir='ltr'>majora</span> <span class='ocrx_word' id='word_1_352' title='bbox 425 2179 581 2245; x_wconf 88' lang='lat' dir='ltr'>missurum,</span> <span class='ocrx_word' id='word_1_353' title='bbox 598 2180 621 2234; x_wconf 91' lang='lat' dir='ltr'>si</span> <span class='ocrx_word' id='word_1_354' title='bbox 636 2178 708 2234; x_wconf 87' lang='lat' dir='ltr'>Dens</span> <span class='ocrx_word' id='word_1_355' title='bbox 723 2180 855 2236; x_wconf 90' lang='lat' dir='ltr'>annuerit.</span> <span class='ocrx_word' id='word_1_356' title='bbox 1018 2193 1083 2248; x_wconf 90' lang='lat' dir='ltr'>pace</span> <span class='ocrx_word' id='word_1_357' title='bbox 1093 2179 1195 2235; x_wconf 86' lang='lat' dir='ltr'>reversi</span> <span class='ocrx_word' id='word_1_358' title='bbox 1210 2195 1319 2237; x_wconf 89' lang='lat' dir='ltr'>sumus:</span> <span class='ocrx_word' id='word_1_359' title='bbox 1334 2181 1521 2252; x_wconf 83' lang='lat' dir='ltr'>praeterquod</span> <span class='ocrx_word' id='word_1_360' title='bbox 1534 2197 1586 2253; x_wconf 82' lang='lat' dir='ltr'>ego</span> <span class='ocrx_word' id='word_1_361' title='bbox 1602 2181 1694 2252; x_wconf 85' lang='lat' dir='ltr'>paucis</span> <span class='ocrx_word' id='word_1_362' title='bbox 1706 2182 1814 2250; x_wconf 89' lang='lat' dir='ltr'>diebus,</span> 
     </span>
     <span class='ocr_line' id='line_1_42' title="bbox 415 2266 1814 2342; baseline 0.004 -20"><span class='ocrx_word' id='word_1_363' title='bbox 415 2267 583 2323; x_wconf 78' lang='lat' dir='ltr'>EPISTOLA</span> <span class='ocrx_word' id='word_1_364' title='bbox 606 2266 714 2324; x_wconf 86' lang='lat' dir='ltr'>CXVll.</span> <span class='ocrx_word' id='word_1_365' title='bbox 1016 2267 1066 2322; x_wconf 91' lang='lat' dir='ltr'>sed</span> <span class='ocrx_word' id='word_1_366' title='bbox 1081 2282 1248 2336; x_wconf 79' lang='lat' dir='ltr'>nonnarum,</span> <span class='ocrx_word' id='word_1_367' title='bbox 1273 2269 1348 2324; x_wconf 86' lang='lat' dir='ltr'>lehre</span> <span class='ocrx_word' id='word_1_368' title='bbox 1360 2269 1499 2338; x_wconf 89' lang='lat' dir='ltr'>redeunte,</span> <span class='ocrx_word' id='word_1_369' title='bbox 1508 2269 1545 2326; x_wconf 90' lang='lat' dir='ltr'>ita</span> <span class='ocrx_word' id='word_1_370' title='bbox 1558 2276 1587 2326; x_wconf 92' lang='lat' dir='ltr'>ut</span> <span class='ocrx_word' id='word_1_371' title='bbox 1600 2271 1669 2327; x_wconf 89' lang='lat' dir='ltr'>mori</span> <span class='ocrx_word' id='word_1_372' title='bbox 1678 2272 1814 2342; x_wconf 86' lang='lat' dir='ltr'>timerem,</span> 
     </span>
    </p>

    <p class='ocr_par' dir='ltr' id='par_1_8' title="bbox 474 2354 1816 2431">
     <span class='ocr_line' id='line_1_43' title="bbox 474 2354 1816 2431; baseline 0.004 -20"><span class='ocrx_word' id='word_1_373' title='bbox 474 2372 512 2412; x_wconf 84' lang='lat' dir='ltr'>an</span> <span class='ocrx_word' id='word_1_374' title='bbox 525 2371 652 2414; x_wconf 79' lang='lat' dir='ltr'>ananan.</span> <span class='ocrx_word' id='word_1_375' title='bbox 969 2370 981 2383; x_wconf 84' lang='lat'><em>·</em></span> <span class='ocrx_word' id='word_1_376' title='bbox 1015 2362 1180 2427; x_wconf 85' lang='lat' dir='ltr'>aggravatus</span> <span class='ocrx_word' id='word_1_377' title='bbox 1200 2354 1246 2411; x_wconf 92' lang='lat' dir='ltr'>lui.</span> <span class='ocrx_word' id='word_1_378' title='bbox 1269 2356 1322 2411; x_wconf 91' lang='lat' dir='ltr'>Sed</span> <span class='ocrx_word' id='word_1_379' title='bbox 1352 2372 1468 2428; x_wconf 84' lang='lat' dir='ltr'>rursum,</span> <span class='ocrx_word' id='word_1_380' title='bbox 1496 2359 1553 2415; x_wconf 87' lang='lat' dir='ltr'>Deo</span> <span class='ocrx_word' id='word_1_381' title='bbox 1576 2359 1730 2431; x_wconf 87' lang='lat' dir='ltr'>miserante,</span> <span class='ocrx_word' id='word_1_382' title='bbox 1759 2361 1816 2418; x_wconf 88' lang='lat' dir='ltr'>cito</span> 
     </span>
    </p>
   </div>
   <div class='ocr_carea' id='block_1_8' title="bbox 167 2442 1815 2608">
    <p class='ocr_par' dir='ltr' id='par_1_9' title="bbox 167 2442 1815 2608">
     <span class='ocr_line' id='line_1_44' title="bbox 167 2442 1815 2521; baseline 0 -15"><span class='ocrx_word' id='word_1_383' title='bbox 167 2448 275 2506; x_wconf 84' lang='lat' dir='ltr'>Londot</span> <span class='ocrx_word' id='word_1_384' title='bbox 283 2450 345 2520; x_wconf 77' lang='lat' dir='ltr'>eius</span> <span class='ocrx_word' id='word_1_385' title='bbox 359 2447 391 2503; x_wconf 84' lang='lat' dir='ltr'>in</span> <span class='ocrx_word' id='word_1_386' title='bbox 401 2446 495 2503; x_wconf 88' lang='lat' dir='ltr'>divino</span> <span class='ocrx_word' id='word_1_387' title='bbox 507 2447 618 2502; x_wconf 84' lang='lat' dir='ltr'>servitio</span> <span class='ocrx_word' id='word_1_388' title='bbox 627 2447 818 2516; x_wconf 83' lang='lat' dir='ltr'>alacritatem,</span> <span class='ocrx_word' id='word_1_389' title='bbox 826 2462 963 2519; x_wconf 81' lang='lat' dir='ltr'>suumque</span> <span class='ocrx_word' id='word_1_390' title='bbox 1014 2442 1148 2510; x_wconf 82' lang='lat' dir='ltr'>convalui,</span> <span class='ocrx_word' id='word_1_391' title='bbox 1173 2443 1210 2498; x_wconf 92' lang='lat' dir='ltr'>ita</span> <span class='ocrx_word' id='word_1_392' title='bbox 1233 2450 1264 2499; x_wconf 93' lang='lat' dir='ltr'>ut</span> <span class='ocrx_word' id='word_1_393' title='bbox 1282 2460 1354 2500; x_wconf 92' lang='lat' dir='ltr'>nunc</span> <span class='ocrx_word' id='word_1_394' title='bbox 1376 2444 1513 2502; x_wconf 80' lang='lat' dir='ltr'>fortiorem</span> <span class='ocrx_word' id='word_1_395' title='bbox 1547 2449 1735 2521; x_wconf 87' lang='lat' dir='ltr'>senioremque</span> <span class='ocrx_word' id='word_1_396' title='bbox 1769 2467 1815 2507; x_wconf 90' lang='lat' dir='ltr'>me</span> 
     </span>
     <span class='ocr_line' id='line_1_45' title="bbox 292 2516 1811 2608; baseline 0.006 -20"><span class='ocrx_word' id='word_1_397' title='bbox 292 2521 373 2577; x_wconf 66' lang='lat' dir='ltr'>illiti</span> <span class='ocrx_word' id='word_1_398' title='bbox 391 2516 518 2574; x_wconf 60' lang='lat' dir='ltr'>vidend&amp;</span> <span class='ocrx_word' id='word_1_399' title='bbox 531 2517 702 2575; x_wconf 80' lang='lat' dir='ltr'>desiderium</span> <span class='ocrx_word' id='word_1_400' title='bbox 716 2518 835 2576; x_wconf 81' lang='lat' dir='ltr'>indicat.</span> <span class='ocrx_word' id='word_1_401' title='bbox 1014 2533 1128 2587; x_wconf 88' lang='lat' dir='ltr'>sentiam</span> <span class='ocrx_word' id='word_1_402' title='bbox 1143 2540 1205 2603; x_wconf 91' lang='lat' dir='ltr'>post</span> <span class='ocrx_word' id='word_1_403' title='bbox 1224 2535 1294 2590; x_wconf 84' lang='lat' dir='ltr'>riam</span> <span class='ocrx_word' id='word_1_404' title='bbox 1310 2541 1455 2606; x_wconf 85' lang='lat' dir='ltr'>peractam,</span> <span class='ocrx_word' id='word_1_405' title='bbox 1468 2553 1549 2608; x_wconf 93' lang='lat' dir='ltr'>quam</span> <span class='ocrx_word' id='word_1_406' title='bbox 1562 2546 1624 2595; x_wconf 91' lang='lat' dir='ltr'>ante</span> <span class='ocrx_word' id='word_1_407' title='bbox 1648 2538 1811 2598; x_wconf 87' lang='lat' dir='ltr'>inchoatam.</span> 
     </span>
    </p>
   </div>
   <div class='ocr_carea' id='block_1_9' title="bbox 163 2606 960 2841">
    <p class='ocr_par' dir='ltr' id='par_1_10' title="bbox 163 2606 960 2841">
     <span class='ocr_line' id='line_1_46' title="bbox 200 2606 958 2680; baseline -0.004 -14"><span class='ocrx_word' id='word_1_408' title='bbox 200 2610 298 2680; x_wconf 85' lang='lat' dir='ltr'>Recepi</span> <span class='ocrx_word' id='word_1_409' title='bbox 313 2608 363 2680; x_wconf 90' lang='lat' dir='ltr'>[ol.</span> <span class='ocrx_word' id='word_1_410' title='bbox 377 2606 478 2680; x_wconf 81' lang='lat' dir='ltr'>accepi]</span> <span class='ocrx_word' id='word_1_411' title='bbox 493 2606 605 2662; x_wconf 90' lang='lat' dir='ltr'>delicias</span> <span class='ocrx_word' id='word_1_412' title='bbox 618 2607 708 2662; x_wconf 88' lang='lat' dir='ltr'>cordis</span> <span class='ocrx_word' id='word_1_413' title='bbox 723 2606 787 2674; x_wconf 91' lang='lat' dir='ltr'>mei,</span> <span class='ocrx_word' id='word_1_414' title='bbox 800 2622 893 2679; x_wconf 88' lang='lat' dir='ltr'>pacem</span> <span class='ocrx_word' id='word_1_415' title='bbox 908 2609 958 2664; x_wconf 90' lang='lat' dir='ltr'>tui.</span> 
     </span>
     <span class='ocr_line' id='line_1_47' title="bbox 163 2693 960 2768; baseline -0.003 -16"><span class='ocrx_word' id='word_1_416' title='bbox 163 2697 252 2752; x_wconf 84' lang='lat' dir='ltr'>Laetus</span> <span class='ocrx_word' id='word_1_417' title='bbox 266 2713 337 2768; x_wconf 81' lang='lat' dir='ltr'>suan,</span> <span class='ocrx_word' id='word_1_418' title='bbox 353 2697 416 2768; x_wconf 91' lang='lat' dir='ltr'>quia</span> <span class='ocrx_word' id='word_1_419' title='bbox 430 2703 459 2749; x_wconf 92' lang='lat' dir='ltr'>tu</span> <span class='ocrx_word' id='word_1_420' title='bbox 474 2695 533 2749; x_wconf 75' lang='lat' dir='ltr'>laeta</span> <span class='ocrx_word' id='word_1_421' title='bbox 544 2693 690 2761; x_wconf 87' lang='lat' dir='ltr'>nuntiaris;</span> <span class='ocrx_word' id='word_1_422' title='bbox 705 2709 801 2765; x_wconf 87' lang='lat' dir='ltr'>meque</span> <span class='ocrx_word' id='word_1_423' title='bbox 815 2697 960 2750; x_wconf 88' lang='lat' dir='ltr'>admodum</span> 
     </span>
     <span class='ocr_line' id='line_1_48' title="bbox 166 2782 958 2841; baseline 0 -2"><span class='ocrx_word' id='word_1_424' title='bbox 166 2785 258 2839; x_wconf 89' lang='lat' dir='ltr'>anime</span> <span class='ocrx_word' id='word_1_425' title='bbox 275 2783 363 2841; x_wconf 89' lang='lat' dir='ltr'>reddit</span> <span class='ocrx_word' id='word_1_426' title='bbox 377 2782 539 2838; x_wconf 91' lang='lat' dir='ltr'>ineolumem</span> <span class='ocrx_word' id='word_1_427' title='bbox 559 2791 605 2837; x_wconf 91' lang='lat' dir='ltr'>tua</span> <span class='ocrx_word' id='word_1_428' title='bbox 634 2782 804 2839; x_wconf 89' lang='lat' dir='ltr'>innotescens</span> <span class='ocrx_word' id='word_1_429' title='bbox 826 2783 958 2839; x_wconf 85' lang='lat' dir='ltr'>alacritas.</span> 
     </span>
    </p>
   </div>
   <div class='ocr_carea' id='block_1_10' title="bbox 1015 2650 1812 2903">
    <p class='ocr_par' dir='ltr' id='par_1_11' title="bbox 1015 2650 1812 2903">
     <span class='ocr_line' id='line_1_49' title="bbox 1266 2650 1555 2708; baseline 0.014 -4"><span class='ocrx_word' id='word_1_430' title='bbox 1266 2650 1436 2708; x_wconf 79' lang='lat' dir='ltr'>urlsloui</span> <span class='ocrx_word' id='word_1_431' title='bbox 1454 2651 1555 2708; x_wconf 83' lang='lat' dir='ltr'>CXIX.</span> 
     </span>
     <span class='ocr_line' id='line_1_50' title="bbox 1084 2742 1740 2816; baseline 0.012 -24"><span class='ocrx_word' id='word_1_432' title='bbox 1084 2752 1122 2792; x_wconf 86' lang='lat' dir='ltr'>an</span> <span class='ocrx_word' id='word_1_433' title='bbox 1137 2752 1230 2795; x_wconf 86' lang='lat' dir='ltr'>nucaxr</span> <span class='ocrx_word' id='word_1_434' title='bbox 1239 2753 1276 2795; x_wconf 81' lang='lat' dir='ltr'>nr</span> <span class='ocrx_word' id='word_1_435' title='bbox 1288 2754 1425 2798; x_wconf 84' lang='lat' dir='ltr'>nucrssarr</span> <span class='ocrx_word' id='word_1_436' title='bbox 1439 2756 1635 2799; x_wconf 80' lang='lat' dir='ltr'>corulamerra</span> <span class='ocrx_word' id='word_1_437' title='bbox 1654 2742 1740 2816; x_wconf 68' lang='grc' dir='ltr'>(ιιι).</span> 
     </span>
     <span class='ocr_line' id='line_1_51' title="bbox 1015 2823 1812 2903; baseline 0.014 -24"><span class='ocrx_word' id='word_1_438' title='bbox 1015 2823 1129 2880; x_wconf 83' lang='lat' dir='ltr'>drotior</span> <span class='ocrx_word' id='word_1_439' title='bbox 1144 2828 1206 2898; x_wconf 75' lang='lat' dir='ltr'>opit</span> <span class='ocrx_word' id='word_1_440' title='bbox 1226 2843 1277 2899; x_wconf 88' lang='lat' dir='ltr'>pro</span> <span class='ocrx_word' id='word_1_441' title='bbox 1286 2829 1451 2886; x_wconf 83' lang='lat' dir='ltr'>condonatis</span> <span class='ocrx_word' id='word_1_442' title='bbox 1466 2830 1602 2887; x_wconf 81' lang='lat' dir='ltr'>hactenus</span> <span class='ocrx_word' id='word_1_443' title='bbox 1617 2831 1812 2903; x_wconf 75' lang='lat' dir='ltr'>uectigalibus,</span> 
     </span>
    </p>
   </div>
   <div class='ocr_carea' id='block_1_11' title="bbox 165 2869 1812 2976">
    <p class='ocr_par' dir='ltr' id='par_1_12' title="bbox 165 2869 1812 2976">
     <span class='ocr_line' id='line_1_52' title="bbox 165 2869 1812 2976; baseline 0 -49"><span class='ocrx_word' id='word_1_444' title='bbox 165 2872 229 2928; x_wconf 84' lang='lat' dir='ltr'>llaec</span> <span class='ocrx_word' id='word_1_445' title='bbox 242 2871 369 2926; x_wconf 91' lang='lat' dir='ltr'>nimirum</span> <span class='ocrx_word' id='word_1_446' title='bbox 385 2870 477 2925; x_wconf 85' lang='lat' dir='ltr'>laetilia</span> <span class='ocrx_word' id='word_1_447' title='bbox 490 2869 527 2925; x_wconf 91' lang='lat' dir='ltr'>nil</span> <span class='ocrx_word' id='word_1_448' title='bbox 541 2871 621 2924; x_wconf 91' lang='lat' dir='ltr'>babet</span> <span class='ocrx_word' id='word_1_449' title='bbox 635 2870 668 2925; x_wconf 94' lang='lat' dir='ltr'>de</span> <span class='ocrx_word' id='word_1_450' title='bbox 683 2885 761 2926; x_wconf 91' lang='lat' dir='ltr'>carne</span> <span class='ocrx_word' id='word_1_451' title='bbox 776 2878 803 2926; x_wconf 90' lang='lat' dir='ltr'>et</span> <span class='ocrx_word' id='word_1_452' title='bbox 817 2872 958 2944; x_wconf 80' lang='lat' dir='ltr'>sanguiue,</span> <span class='ocrx_word' id='word_1_453' title='bbox 979 2875 1002 2958; x_wconf 64' lang='lat' dir='ltr'><strong>c</strong></span> <span class='ocrx_word' id='word_1_454' title='bbox 1048 2895 1094 2950; x_wconf 56' lang='lat' dir='ltr'>sed</span> <span class='ocrx_word' id='word_1_455' title='bbox 1111 2899 1206 2954; x_wconf 56' lang='lat' dir='ltr'><strong><em>caven·</em></strong></span> <span class='ocrx_word' id='word_1_456' title='bbox 1214 2902 1304 2971; x_wconf 41' lang='lat' dir='ltr'>cupit,</span> <span class='ocrx_word' id='word_1_457' title='bbox 1320 2916 1356 2957; x_wconf 62' lang='lat' dir='ltr'>ne</span> <span class='ocrx_word' id='word_1_458' title='bbox 1364 2905 1458 2974; x_wconf 52' lang='lat' dir='ltr'><strong><em>amu-a</em></strong></span> <span class='ocrx_word' id='word_1_459' title='bbox 1466 2903 1632 2976; x_wconf 56' lang='lat' dir='ltr'>prim-pum</span> <span class='ocrx_word' id='word_1_460' title='bbox 1644 2918 1731 2975; x_wconf 55' lang='lat' dir='ltr'>opem</span> <span class='ocrx_word' id='word_1_461' title='bbox 1755 2905 1812 2960; x_wconf 49' lang='lat' dir='ltr'>mi„</span> 
     </span>
    </p>
   </div>
   <div class='ocr_carea' id='block_1_12' title="bbox 165 2959 1436 3031">
    <p class='ocr_par' dir='ltr' id='par_1_13' title="bbox 165 2959 1436 3031">
     <span class='ocr_line' id='line_1_53' title="bbox 165 2959 1436 3031; baseline 0.008 -12"><span class='ocrx_word' id='word_1_462' title='bbox 165 2978 226 3019; x_wconf 93' lang='lat' dir='ltr'>cum</span> <span class='ocrx_word' id='word_1_463' title='bbox 239 2961 347 3017; x_wconf 90' lang='lat' dir='ltr'>humilis</span> <span class='ocrx_word' id='word_1_464' title='bbox 362 2977 395 3016; x_wconf 87' lang='lat' dir='ltr'>ex</span> <span class='ocrx_word' id='word_1_465' title='bbox 410 2959 529 3028; x_wconf 89' lang='lat' dir='ltr'>sublimi,</span> <span class='ocrx_word' id='word_1_466' title='bbox 544 2975 576 3015; x_wconf 90' lang='lat' dir='ltr'>ex</span> <span class='ocrx_word' id='word_1_467' title='bbox 592 2961 710 3030; x_wconf 83' lang='lat' dir='ltr'>ingenua</span> <span class='ocrx_word' id='word_1_468' title='bbox 734 2960 873 3031; x_wconf 87' lang='lat' dir='ltr'>ignobilis,</span> <span class='ocrx_word' id='word_1_469' title='bbox 889 2977 960 3031; x_wconf 91' lang='lat' dir='ltr'>pau·</span> <span class='ocrx_word' id='word_1_470' title='bbox 1048 2968 1208 3026; x_wconf 80' lang='lat' dir='ltr'>nistrornm</span> <span class='ocrx_word' id='word_1_471' title='bbox 1217 2973 1436 3030; x_wconf 82' lang='lat' dir='ltr'>intervertatur.</span> 
     </span>
    </p>
   </div>
   <div class='ocr_carea' id='block_1_13' title="bbox 163 3045 1812 3323">
    <p class='ocr_par' dir='ltr' id='par_1_14' title="bbox 163 3045 1812 3323">
     <span class='ocr_line' id='line_1_54' title="bbox 163 3045 1811 3141; baseline 0.008 -35"><span class='ocrx_word' id='word_1_472' title='bbox 163 3067 213 3122; x_wconf 73' lang='lat' dir='ltr'>pel·</span> <span class='ocrx_word' id='word_1_473' title='bbox 227 3066 259 3134; x_wconf 59' lang='lat' dir='ltr'>hx</span> <span class='ocrx_word' id='word_1_474' title='bbox 273 3049 356 3106; x_wconf 70' lang='lat' dir='ltr'>divite</span> <span class='ocrx_word' id='word_1_475' title='bbox 369 3049 441 3106; x_wconf 72' lang='lat' dir='ltr'>vivas</span> <span class='ocrx_word' id='word_1_476' title='bbox 455 3067 462 3103; x_wconf 78' lang='grc' dir='ltr'>ι</span> <span class='ocrx_word' id='word_1_477' title='bbox 484 3047 586 3113; x_wconf 73' lang='lat' dir='ltr'>fratris,</span> <span class='ocrx_word' id='word_1_478' title='bbox 601 3045 659 3113; x_wconf 77' lang='lat' dir='ltr'>filli,</span> <span class='ocrx_word' id='word_1_479' title='bbox 675 3047 821 3120; x_wconf 71' lang='lat' dir='ltr'>pdlllaeqlle</span> <span class='ocrx_word' id='word_1_480' title='bbox 830 3048 958 3108; x_wconf 89' lang='lat' dir='ltr'>destituta</span> <span class='ocrx_word' id='word_1_481' title='bbox 1048 3065 1114 3121; x_wconf 75' lang='lat' dir='ltr'>Ducr</span> <span class='ocrx_word' id='word_1_482' title='bbox 1129 3074 1155 3122; x_wconf 74' lang='lat' dir='ltr'>gt</span> <span class='ocrx_word' id='word_1_483' title='bbox 1168 3082 1286 3124; x_wconf 64' lang='lat' dir='ltr'>nucum:</span> <span class='ocrx_word' id='word_1_484' title='bbox 1300 3069 1488 3141; x_wconf 65' lang='lat' dir='ltr'>Lostrfflngiae,</span> <span class='ocrx_word' id='word_1_485' title='bbox 1500 3070 1669 3128; x_wconf 68' lang='lat' dir='ltr'>Bssgruggpus</span> <span class='ocrx_word' id='word_1_486' title='bbox 1685 3073 1811 3131; x_wconf 66' lang='lat' dir='ltr'>ghhgsde</span> 
     </span>
     <span class='ocr_line' id='line_1_55' title="bbox 163 3136 1810 3221; baseline 0.006 -26"><span class='ocrx_word' id='word_1_487' title='bbox 163 3139 268 3196; x_wconf 73' lang='lat' dir='ltr'>80i8ll0.</span> <span class='ocrx_word' id='word_1_488' title='bbox 283 3138 347 3194; x_wconf 76' lang='lat' dir='ltr'>Sine</span> <span class='ocrx_word' id='word_1_489' title='bbox 361 3138 443 3193; x_wconf 83' lang='lat' dir='ltr'>dubit&gt;</span> <span class='ocrx_word' id='word_1_490' title='bbox 457 3151 524 3212; x_wconf 73' lang='lat' dir='ltr'>eigo</span> <span class='ocrx_word' id='word_1_491' title='bbox 538 3137 610 3208; x_wconf 77' lang='lat' dir='ltr'>quoti</span> <span class='ocrx_word' id='word_1_492' title='bbox 625 3136 652 3190; x_wconf 92' lang='lat' dir='ltr'>in</span> <span class='ocrx_word' id='word_1_493' title='bbox 669 3146 694 3191; x_wconf 79' lang='grc' dir='ltr'>ῑθ</span> <span class='ocrx_word' id='word_1_494' title='bbox 708 3136 854 3193; x_wconf 67' lang='lat' dir='ltr'>alacritatis</span> <span class='ocrx_word' id='word_1_495' title='bbox 865 3146 958 3196; x_wconf 80' lang='lat' dir='ltr'>nalum</span> <span class='ocrx_word' id='word_1_496' title='bbox 1011 3151 1190 3221; x_wconf 61' lang='lat' dir='ltr'>Clara-Valle,</span> <span class='ocrx_word' id='word_1_497' title='bbox 1206 3156 1246 3212; x_wconf 71' lang='lat' dir='ltr'>sig</span> <span class='ocrx_word' id='word_1_498' title='bbox 1258 3156 1314 3210; x_wconf 74' lang='lat' dir='ltr'>guig</span> <span class='ocrx_word' id='word_1_499' title='bbox 1328 3157 1363 3212; x_wconf 74' lang='lat' dir='ltr'>gd</span> <span class='ocrx_word' id='word_1_500' title='bbox 1379 3157 1495 3216; x_wconf 65' lang='lat' dir='ltr'>invicem</span> <span class='ocrx_word' id='word_1_501' title='bbox 1510 3160 1601 3216; x_wconf 64' lang='lat' dir='ltr'>charis</span> <span class='ocrx_word' id='word_1_502' title='bbox 1615 3170 1642 3216; x_wconf 72' lang='lat' dir='ltr'>gt</span> <span class='ocrx_word' id='word_1_503' title='bbox 1657 3161 1740 3219; x_wconf 63' lang='lat' dir='ltr'><strong>0881ss</strong></span> <span class='ocrx_word' id='word_1_504' title='bbox 1759 3161 1810 3219; x_wconf 69' lang='lat' dir='ltr'>de.</span> 
     </span>
     <span class='ocr_line' id='line_1_56' title="bbox 164 3225 1812 3323; baseline 0.014 -38"><span class='ocrx_word' id='word_1_505' title='bbox 164 3228 251 3296; x_wconf 92' lang='lat' dir='ltr'>est,de</span> <span class='ocrx_word' id='word_1_506' title='bbox 261 3226 364 3298; x_wconf 88' lang='lat' dir='ltr'>Spiritu</span> <span class='ocrx_word' id='word_1_507' title='bbox 379 3233 471 3281; x_wconf 90' lang='lat' dir='ltr'>sancto</span> <span class='ocrx_word' id='word_1_508' title='bbox 486 3236 537 3281; x_wconf 88' lang='lat' dir='ltr'>est.</span> <span class='ocrx_word' id='word_1_509' title='bbox 552 3225 957 3297; x_wconf 86' lang='lat' dir='ltr'>Quippejamdudamatimore</span> <span class='ocrx_word' id='word_1_510' title='bbox 1011 3241 1102 3295; x_wconf 89' lang='lat' dir='ltr'>lectari</span> <span class='ocrx_word' id='word_1_511' title='bbox 1116 3242 1296 3312; x_wconf 84' lang='lat' dir='ltr'>amplexibus.</span> <span class='ocrx_word' id='word_1_512' title='bbox 1317 3253 1347 3299; x_wconf 94' lang='lat' dir='ltr'>ut</span> <span class='ocrx_word' id='word_1_513' title='bbox 1371 3245 1449 3302; x_wconf 88' lang='lat' dir='ltr'>solus</span> <span class='ocrx_word' id='word_1_514' title='bbox 1469 3261 1545 3302; x_wconf 92' lang='lat' dir='ltr'>amor</span> <span class='ocrx_word' id='word_1_515' title='bbox 1568 3247 1669 3305; x_wconf 83' lang='lat' dir='ltr'>Christi</span> <span class='ocrx_word' id='word_1_516' title='bbox 1704 3259 1812 3323; x_wconf 88' lang='lat' dir='ltr'>superet</span> 
     </span>
    </p>
   </div>
   <div class='ocr_carea' id='block_1_14' title="bbox 160 3311 959 4189">
    <p class='ocr_par' dir='ltr' id='par_1_15' title="bbox 160 3311 959 4189">
     <span class='ocr_line' id='line_1_57' title="bbox 163 3311 959 3384; baseline 0 -12"><span class='ocrx_word' id='word_1_517' title='bbox 163 3314 213 3372; x_wconf 90' lang='lat' dir='ltr'>Dei</span> <span class='ocrx_word' id='word_1_518' title='bbox 239 3312 405 3384; x_wconf 90' lang='lat' dir='ltr'>concipiens,</span> <span class='ocrx_word' id='word_1_519' title='bbox 425 3313 561 3384; x_wconf 88' lang='lat' dir='ltr'>parturisti</span> <span class='ocrx_word' id='word_1_520' title='bbox 591 3311 698 3367; x_wconf 87' lang='lat' dir='ltr'>tandem</span> <span class='ocrx_word' id='word_1_521' title='bbox 733 3313 856 3384; x_wconf 90' lang='lat' dir='ltr'>spiritum</span> <span class='ocrx_word' id='word_1_522' title='bbox 883 3316 959 3373; x_wconf 89' lang='lat' dir='ltr'>salu·</span> 
     </span>
     <span class='ocr_line' id='line_1_58' title="bbox 164 3399 958 3472; baseline -0.003 -14"><span class='ocrx_word' id='word_1_523' title='bbox 164 3403 208 3468; x_wconf 89' lang='lat' dir='ltr'>tis,</span> <span class='ocrx_word' id='word_1_524' title='bbox 238 3402 310 3458; x_wconf 86' lang='lat' dir='ltr'>iores</span> <span class='ocrx_word' id='word_1_525' title='bbox 339 3402 429 3472; x_wconf 90' lang='lat' dir='ltr'>utique</span> <span class='ocrx_word' id='word_1_526' title='bbox 456 3401 580 3457; x_wconf 85' lang='lat' dir='ltr'>mittente</span> <span class='ocrx_word' id='word_1_527' title='bbox 608 3401 737 3457; x_wconf 85' lang='lat' dir='ltr'>charitate</span> <span class='ocrx_word' id='word_1_528' title='bbox 766 3402 901 3458; x_wconf 88' lang='lat' dir='ltr'>timorem.</span> <span class='ocrx_word' id='word_1_529' title='bbox 934 3399 958 3456; x_wconf 93' lang='lat'>0</span> 
     </span>
     <span class='ocr_line' id='line_1_59' title="bbox 163 3489 958 3566; baseline -0.004 -18"><span class='ocrx_word' id='word_1_530' title='bbox 163 3508 242 3566; x_wconf 93' lang='lat' dir='ltr'>quarn</span> <span class='ocrx_word' id='word_1_531' title='bbox 256 3490 383 3548; x_wconf 91' lang='lat' dir='ltr'>libentius</span> <span class='ocrx_word' id='word_1_532' title='bbox 398 3492 449 3545; x_wconf 87' lang='lat' dir='ltr'>ista</span> <span class='ocrx_word' id='word_1_533' title='bbox 459 3505 579 3561; x_wconf 85' lang='lat' dir='ltr'>praesens</span> <span class='ocrx_word' id='word_1_534' title='bbox 589 3490 766 3561; x_wconf 89' lang='lat' dir='ltr'>colloquerer,</span> <span class='ocrx_word' id='word_1_535' title='bbox 778 3506 858 3562; x_wconf 88' lang='lat' dir='ltr'>quam</span> <span class='ocrx_word' id='word_1_536' title='bbox 868 3489 958 3547; x_wconf 90' lang='lat' dir='ltr'>scribe</span> 
     </span>
     <span class='ocr_line' id='line_1_60' title="bbox 163 3578 956 3652; baseline -0.005 -16"><span class='ocrx_word' id='word_1_537' title='bbox 163 3579 274 3636; x_wconf 80' lang='lat' dir='ltr'>absensl</span> <span class='ocrx_word' id='word_1_538' title='bbox 291 3578 377 3638; x_wconf 89' lang='lat' dir='ltr'>Crede</span> <span class='ocrx_word' id='word_1_539' title='bbox 391 3578 467 3645; x_wconf 89' lang='lat' dir='ltr'>mihi,</span> <span class='ocrx_word' id='word_1_540' title='bbox 482 3579 583 3636; x_wconf 89' lang='lat' dir='ltr'>irascor</span> <span class='ocrx_word' id='word_1_541' title='bbox 598 3578 834 3652; x_wconf 80' lang='lat' dir='ltr'>occupationibus,</span> <span class='ocrx_word' id='word_1_542' title='bbox 855 3580 956 3652; x_wconf 91' lang='lat' dir='ltr'>quibus</span> 
     </span>
     <span class='ocr_line' id='line_1_61' title="bbox 163 3667 956 3742; baseline 0.003 -20"><span class='ocrx_word' id='word_1_543' title='bbox 163 3668 316 3741; x_wconf 79' lang='lat' dir='ltr'>frequenter</span> <span class='ocrx_word' id='word_1_544' title='bbox 329 3667 461 3742; x_wconf 91' lang='lat' dir='ltr'>impederi</span> <span class='ocrx_word' id='word_1_545' title='bbox 474 3667 568 3724; x_wconf 86' lang='lat' dir='ltr'>videor</span> <span class='ocrx_word' id='word_1_546' title='bbox 594 3685 628 3724; x_wconf 89' lang='lat' dir='ltr'>ne</span> <span class='ocrx_word' id='word_1_547' title='bbox 647 3677 674 3735; x_wconf 88' lang='grc' dir='ltr'>ιε</span> <span class='ocrx_word' id='word_1_548' title='bbox 697 3669 826 3726; x_wconf 86' lang='lat' dir='ltr'>videam:</span> <span class='ocrx_word' id='word_1_549' title='bbox 856 3677 882 3725; x_wconf 89' lang='lat' dir='ltr'>et</span> <span class='ocrx_word' id='word_1_550' title='bbox 905 3669 956 3724; x_wconf 92' lang='lat' dir='ltr'>de-</span> 
     </span>
     <span class='ocr_line' id='line_1_62' title="bbox 162 3757 957 3830; baseline 0.004 -18"><span class='ocrx_word' id='word_1_551' title='bbox 162 3757 455 3826; x_wconf 88' lang='lat' dir='ltr'>lectoroccasicnibus,</span> <span class='ocrx_word' id='word_1_552' title='bbox 482 3757 583 3829; x_wconf 87' lang='lat' dir='ltr'>quibus</span> <span class='ocrx_word' id='word_1_553' title='bbox 605 3757 647 3814; x_wconf 88' lang='lat' dir='ltr'>vel</span> <span class='ocrx_word' id='word_1_554' title='bbox 677 3757 812 3815; x_wconf 87' lang='lat' dir='ltr'>interdum</span> <span class='ocrx_word' id='word_1_555' title='bbox 838 3758 957 3830; x_wconf 90' lang='lat' dir='ltr'>expediri</span> 
     </span>
     <span class='ocr_line' id='line_1_63' title="bbox 161 3847 955 3920; baseline -0.003 -15"><span class='ocrx_word' id='word_1_556' title='bbox 161 3848 265 3919; x_wconf 84' lang='lat' dir='ltr'>uideor,</span> <span class='ocrx_word' id='word_1_557' title='bbox 279 3855 309 3904; x_wconf 91' lang='lat' dir='ltr'>ut</span> <span class='ocrx_word' id='word_1_558' title='bbox 323 3859 347 3904; x_wconf 93' lang='lat' dir='ltr'>te</span> <span class='ocrx_word' id='word_1_559' title='bbox 361 3847 476 3904; x_wconf 87' lang='lat' dir='ltr'>videam.</span> <span class='ocrx_word' id='word_1_560' title='bbox 492 3848 561 3903; x_wconf 84' lang='lat' dir='ltr'>Rara</span> <span class='ocrx_word' id='word_1_561' title='bbox 576 3847 688 3920; x_wconf 91' lang='lat' dir='ltr'>quidem</span> <span class='ocrx_word' id='word_1_562' title='bbox 703 3849 785 3903; x_wconf 91' lang='lat' dir='ltr'>datur</span> <span class='ocrx_word' id='word_1_563' title='bbox 801 3847 955 3919; x_wconf 86' lang='lat' dir='ltr'>hujusmodi</span> 
     </span>
     <span class='ocr_line' id='line_1_64' title="bbox 162 3938 958 4013; baseline 0.004 -20"><span class='ocrx_word' id='word_1_564' title='bbox 162 3938 370 4009; x_wconf 89' lang='lat' dir='ltr'>opportunitas:</span> <span class='ocrx_word' id='word_1_565' title='bbox 386 3939 537 4004; x_wconf 87' lang='lat' dir='ltr'>sedcbara,</span> <span class='ocrx_word' id='word_1_566' title='bbox 568 3939 663 4011; x_wconf 87' lang='lat' dir='ltr'>iateor,</span> <span class='ocrx_word' id='word_1_567' title='bbox 678 3947 721 3994; x_wconf 88' lang='lat' dir='ltr'>est</span> <span class='ocrx_word' id='word_1_568' title='bbox 739 3938 805 3994; x_wconf 90' lang='lat' dir='ltr'>mibi</span> <span class='ocrx_word' id='word_1_569' title='bbox 834 3941 875 3997; x_wconf 85' lang='lat' dir='ltr'>rel</span> <span class='ocrx_word' id='word_1_570' title='bbox 898 3939 958 4013; x_wconf 90' lang='lat' dir='ltr'>ipsa</span> 
     </span>
     <span class='ocr_line' id='line_1_65' title="bbox 163 4028 957 4085; baseline 0.001 -2"><span class='ocrx_word' id='word_1_571' title='bbox 163 4028 269 4084; x_wconf 87' lang='lat' dir='ltr'>raritas.</span> <span class='ocrx_word' id='word_1_572' title='bbox 286 4028 414 4085; x_wconf 89' lang='lat' dir='ltr'>Estenim</span> <span class='ocrx_word' id='word_1_573' title='bbox 428 4044 493 4084; x_wconf 89' lang='lat' dir='ltr'>sane</span> <span class='ocrx_word' id='word_1_574' title='bbox 506 4029 603 4085; x_wconf 87' lang='lat' dir='ltr'>melius</span> <span class='ocrx_word' id='word_1_575' title='bbox 616 4029 707 4084; x_wconf 84' lang='lat' dir='ltr'>ridere</span> <span class='ocrx_word' id='word_1_576' title='bbox 722 4036 748 4083; x_wconf 93' lang='lat' dir='ltr'>te</span> <span class='ocrx_word' id='word_1_577' title='bbox 763 4028 804 4084; x_wconf 87' lang='lat' dir='ltr'>rel</span> <span class='ocrx_word' id='word_1_578' title='bbox 829 4043 957 4085; x_wconf 91' lang='lat' dir='ltr'>nonuun-</span> 
     </span>
     <span class='ocr_line' id='line_1_66' title="bbox 160 4114 957 4189; baseline 0 -18"><span class='ocrx_word' id='word_1_579' title='bbox 160 4134 251 4189; x_wconf 90' lang='lat' dir='ltr'>quam,</span> <span class='ocrx_word' id='word_1_580' title='bbox 267 4134 346 4189; x_wconf 89' lang='lat' dir='ltr'>quam</span> <span class='ocrx_word' id='word_1_581' title='bbox 361 4132 497 4188; x_wconf 90' lang='lat' dir='ltr'>nunquam</span> <span class='ocrx_word' id='word_1_582' title='bbox 511 4117 632 4173; x_wconf 92' lang='lat' dir='ltr'>omnino.</span> <span class='ocrx_word' id='word_1_583' title='bbox 651 4114 737 4173; x_wconf 70' lang='lat' dir='ltr'>mi</span> <span class='ocrx_word' id='word_1_584' title='bbox 752 4117 837 4188; x_wconf 89' lang='lat' dir='ltr'>Spero</span> <span class='ocrx_word' id='word_1_585' title='bbox 860 4134 903 4174; x_wconf 89' lang='lat' dir='ltr'>ma</span> <span class='ocrx_word' id='word_1_586' title='bbox 929 4117 957 4172; x_wconf 92' lang='lat' dir='ltr'>in</span> 
     </span>
    </p>
   </div>
   <div class='ocr_carea' id='block_1_15' title="bbox 1010 3327 1812 4202">
    <p class='ocr_par' dir='ltr' id='par_1_16' title="bbox 1011 3327 1193 3388">
     <span class='ocr_line' id='line_1_67' title="bbox 1011 3327 1193 3388; baseline 0.033 -6"><span class='ocrx_word' id='word_1_587' title='bbox 1011 3327 1039 3382; x_wconf 93' lang='lat' dir='ltr'>in</span> <span class='ocrx_word' id='word_1_588' title='bbox 1053 3327 1193 3388; x_wconf 90' lang='lat' dir='ltr'>ambobus.</span> 
     </span>
    </p>

    <p class='ocr_par' dir='ltr' id='par_1_17' title="bbox 1010 3416 1812 4202">
     <span class='ocr_line' id='line_1_68' title="bbox 1045 3416 1812 3494; baseline 0.017 -24"><span class='ocrx_word' id='word_1_589' title='bbox 1045 3416 1085 3471; x_wconf 88' lang='lat' dir='ltr'>Ex</span> <span class='ocrx_word' id='word_1_590' title='bbox 1099 3431 1153 3488; x_wconf 91' lang='lat' dir='ltr'>quo</span> <span class='ocrx_word' id='word_1_591' title='bbox 1166 3417 1301 3490; x_wconf 90' lang='lat' dir='ltr'>coepimus</span> <span class='ocrx_word' id='word_1_592' title='bbox 1310 3420 1417 3478; x_wconf 89' lang='lat' dir='ltr'>mittere</span> <span class='ocrx_word' id='word_1_593' title='bbox 1435 3438 1486 3494; x_wconf 92' lang='lat' dir='ltr'>pro</span> <span class='ocrx_word' id='word_1_594' title='bbox 1498 3430 1588 3478; x_wconf 89' lang='lat' dir='ltr'>nostra</span> <span class='ocrx_word' id='word_1_595' title='bbox 1608 3427 1773 3484; x_wconf 89' lang='lat' dir='ltr'>necessitate</span> <span class='ocrx_word' id='word_1_596' title='bbox 1781 3428 1812 3483; x_wconf 90' lang='lat' dir='ltr'>in</span> 
     </span>
     <span class='ocr_line' id='line_1_69' title="bbox 1011 3506 1812 3579; baseline 0.019 -21"><span class='ocrx_word' id='word_1_597' title='bbox 1011 3511 1108 3560; x_wconf 86' lang='lat' dir='ltr'>terram</span> <span class='ocrx_word' id='word_1_598' title='bbox 1123 3513 1249 3573; x_wconf 89' lang='lat' dir='ltr'>vestram,</span> <span class='ocrx_word' id='word_1_599' title='bbox 1264 3506 1378 3562; x_wconf 90' lang='lat' dir='ltr'>multam</span> <span class='ocrx_word' id='word_1_600' title='bbox 1390 3525 1499 3579; x_wconf 86' lang='lat' dir='ltr'>semper</span> <span class='ocrx_word' id='word_1_601' title='bbox 1511 3509 1663 3565; x_wconf 86' lang='lat' dir='ltr'>invenimus</span> <span class='ocrx_word' id='word_1_602' title='bbox 1676 3511 1704 3567; x_wconf 93' lang='lat' dir='ltr'>in</span> <span class='ocrx_word' id='word_1_603' title='bbox 1720 3517 1812 3574; x_wconf 82' lang='lat' dir='ltr'>oculis</span> 
     </span>
     <span class='ocr_line' id='line_1_70' title="bbox 1010 3592 1810 3671; baseline 0.015 -22"><span class='ocrx_word' id='word_1_604' title='bbox 1010 3601 1106 3649; x_wconf 79' lang='lat' dir='ltr'>vestra</span> <span class='ocrx_word' id='word_1_605' title='bbox 1124 3592 1264 3666; x_wconf 87' lang='lat' dir='ltr'>dignitatis</span> <span class='ocrx_word' id='word_1_606' title='bbox 1288 3594 1497 3653; x_wconf 86' lang='lat' dir='ltr'>familiaritatem</span> <span class='ocrx_word' id='word_1_607' title='bbox 1520 3607 1546 3653; x_wconf 94' lang='lat' dir='ltr'>et</span> <span class='ocrx_word' id='word_1_608' title='bbox 1574 3600 1698 3671; x_wconf 86' lang='lat' dir='ltr'>gratiam.</span> <span class='ocrx_word' id='word_1_609' title='bbox 1724 3603 1810 3660; x_wconf 87' lang='lat' dir='ltr'>Bene-</span> 
     </span>
     <span class='ocr_line' id='line_1_71' title="bbox 1010 3679 1809 3756; baseline 0.016 -22"><span class='ocrx_word' id='word_1_610' title='bbox 1010 3679 1154 3736; x_wconf 91' lang='lat' dir='ltr'>dictiouem</span> <span class='ocrx_word' id='word_1_611' title='bbox 1170 3682 1301 3755; x_wconf 84' lang='lat' dir='ltr'>largitatis</span> <span class='ocrx_word' id='word_1_612' title='bbox 1323 3693 1419 3741; x_wconf 83' lang='lat' dir='ltr'>restrae</span> <span class='ocrx_word' id='word_1_613' title='bbox 1438 3685 1538 3742; x_wconf 87' lang='lat' dir='ltr'>nostris</span> <span class='ocrx_word' id='word_1_614' title='bbox 1557 3687 1724 3756; x_wconf 89' lang='lat' dir='ltr'>homiuibus,</span> <span class='ocrx_word' id='word_1_615' title='bbox 1748 3707 1809 3747; x_wconf 90' lang='lat' dir='ltr'>eum</span> 
     </span>
     <span class='ocr_line' id='line_1_72' title="bbox 1011 3768 1809 3852; baseline 0.015 -29"><span class='ocrx_word' id='word_1_616' title='bbox 1011 3784 1123 3825; x_wconf 88' lang='lat' dir='ltr'>necesse</span> <span class='ocrx_word' id='word_1_617' title='bbox 1138 3768 1198 3837; x_wconf 86' lang='lat' dir='ltr'>luit,</span> <span class='ocrx_word' id='word_1_618' title='bbox 1214 3771 1359 3829; x_wconf 87' lang='lat' dir='ltr'>liberaliter</span> <span class='ocrx_word' id='word_1_619' title='bbox 1374 3775 1544 3830; x_wconf 83' lang='lat' dir='ltr'>exhibuistis.</span> <span class='ocrx_word' id='word_1_620' title='bbox 1562 3776 1717 3848; x_wconf 85' lang='lat' dir='ltr'>Passagium</span> <span class='ocrx_word' id='word_1_621' title='bbox 1732 3779 1809 3852; x_wconf 76' lang='lat' dir='ltr'>(sal)</span> 
     </span>
     <span class='ocr_line' id='line_1_73' title="bbox 1013 3858 1810 3934; baseline 0.016 -23"><span class='ocrx_word' id='word_1_622' title='bbox 1013 3858 1224 3929; x_wconf 90' lang='lat' dir='ltr'>transeuntibus,</span> <span class='ocrx_word' id='word_1_623' title='bbox 1248 3870 1276 3917; x_wconf 93' lang='lat' dir='ltr'>et</span> <span class='ocrx_word' id='word_1_624' title='bbox 1294 3861 1406 3934; x_wconf 90' lang='lat' dir='ltr'>siquod</span> <span class='ocrx_word' id='word_1_625' title='bbox 1425 3870 1467 3919; x_wconf 89' lang='lat' dir='ltr'>est</span> <span class='ocrx_word' id='word_1_626' title='bbox 1491 3862 1562 3919; x_wconf 90' lang='lat' dir='ltr'>aliud</span> <span class='ocrx_word' id='word_1_627' title='bbox 1577 3865 1647 3933; x_wconf 83' lang='lat' dir='ltr'>juris</span> <span class='ocrx_word' id='word_1_628' title='bbox 1662 3869 1742 3922; x_wconf 85' lang='lat' dir='ltr'>uestri</span> <span class='ocrx_word' id='word_1_629' title='bbox 1762 3870 1810 3925; x_wconf 90' lang='lat' dir='ltr'>de-</span> 
     </span>
     <span class='ocr_line' id='line_1_74' title="bbox 1012 3945 1809 4026; baseline 0.014 -25"><span class='ocrx_word' id='word_1_630' title='bbox 1012 3945 1107 4015; x_wconf 90' lang='lat' dir='ltr'>bitum,</span> <span class='ocrx_word' id='word_1_631' title='bbox 1121 3949 1302 4006; x_wconf 89' lang='lat' dir='ltr'>mercantibus</span> <span class='ocrx_word' id='word_1_632' title='bbox 1324 3949 1439 4007; x_wconf 89' lang='lat' dir='ltr'>libenter</span> <span class='ocrx_word' id='word_1_633' title='bbox 1465 3952 1617 4008; x_wconf 89' lang='lat' dir='ltr'>dimisistis.</span> <span class='ocrx_word' id='word_1_634' title='bbox 1641 3955 1681 4011; x_wconf 91' lang='lat' dir='ltr'>Da</span> <span class='ocrx_word' id='word_1_635' title='bbox 1709 3956 1809 4026; x_wconf 88' lang='lat' dir='ltr'>quibus</span> 
     </span>
     <span class='ocr_line' id='line_1_75' title="bbox 1012 4035 1806 4112; baseline 0.018 -23"><span class='ocrx_word' id='word_1_636' title='bbox 1012 4035 1140 4092; x_wconf 87' lang='lat' dir='ltr'>omnibus</span> <span class='ocrx_word' id='word_1_637' title='bbox 1152 4036 1212 4093; x_wconf 90' lang='lat' dir='ltr'>sine</span> <span class='ocrx_word' id='word_1_638' title='bbox 1224 4038 1306 4095; x_wconf 91' lang='lat' dir='ltr'>dubio</span> <span class='ocrx_word' id='word_1_639' title='bbox 1321 4055 1423 4096; x_wconf 90' lang='lat' dir='ltr'>merces</span> <span class='ocrx_word' id='word_1_640' title='bbox 1433 4047 1525 4098; x_wconf 84' lang='lat' dir='ltr'>restra</span> <span class='ocrx_word' id='word_1_641' title='bbox 1533 4041 1618 4096; x_wconf 86' lang='lat' dir='ltr'>multa</span> <span class='ocrx_word' id='word_1_642' title='bbox 1627 4051 1667 4098; x_wconf 87' lang='lat' dir='ltr'>eat</span> <span class='ocrx_word' id='word_1_643' title='bbox 1678 4043 1707 4098; x_wconf 90' lang='lat' dir='ltr'>io</span> <span class='ocrx_word' id='word_1_644' title='bbox 1718 4045 1806 4112; x_wconf 89' lang='lat' dir='ltr'>coelis,</span> 
     </span>
     <span class='ocr_line' id='line_1_76' title="bbox 1012 4125 1808 4202; baseline 0.015 -24"><span class='ocrx_word' id='word_1_645' title='bbox 1012 4125 1034 4179; x_wconf 90' lang='lat' dir='ltr'>si</span> <span class='ocrx_word' id='word_1_646' title='bbox 1049 4132 1138 4180; x_wconf 91' lang='lat' dir='ltr'>tamen</span> <span class='ocrx_word' id='word_1_647' title='bbox 1161 4142 1253 4183; x_wconf 84' lang='lat' dir='ltr'>verum</span> <span class='ocrx_word' id='word_1_648' title='bbox 1282 4143 1342 4184; x_wconf 87' lang='lat' dir='ltr'>esse</span> <span class='ocrx_word' id='word_1_649' title='bbox 1365 4128 1502 4186; x_wconf 89' lang='lat' dir='ltr'>eredimus</span> <span class='ocrx_word' id='word_1_650' title='bbox 1530 4130 1605 4202; x_wconf 89' lang='lat' dir='ltr'>qued</span> <span class='ocrx_word' id='word_1_651' title='bbox 1622 4130 1755 4189; x_wconf 86' lang='lat' dir='ltr'>Dominus</span> <span class='ocrx_word' id='word_1_652' title='bbox 1780 4134 1808 4190; x_wconf 89' lang='lat' dir='ltr'>in</span> 
     </span>
    </p>
   </div>
   <div class='ocr_carea' id='block_1_16' title="bbox 159 4184 1809 4910">
    <p class='ocr_par' dir='ltr' id='par_1_18' title="bbox 161 4184 1808 4470">
     <span class='ocr_line' id='line_1_77' title="bbox 162 4184 1808 4290; baseline 0.013 -33"><span class='ocrx_word' id='word_1_653' title='bbox 162 4207 285 4274; x_wconf 90' lang='lat' dir='ltr'>proximo</span> <span class='ocrx_word' id='word_1_654' title='bbox 303 4212 445 4259; x_wconf 84' lang='lat' dir='ltr'>venturum</span> <span class='ocrx_word' id='word_1_655' title='bbox 461 4203 495 4256; x_wconf 88' lang='lat' dir='ltr'>ad</span> <span class='ocrx_word' id='word_1_656' title='bbox 511 4211 546 4269; x_wconf 88' lang='lat' dir='ltr'>te,</span> <span class='ocrx_word' id='word_1_657' title='bbox 559 4205 615 4272; x_wconf 77' lang='lat' dir='ltr'>iarn</span> <span class='ocrx_word' id='word_1_658' title='bbox 633 4218 706 4258; x_wconf 89' lang='lat' dir='ltr'>nunc</span> <span class='ocrx_word' id='word_1_659' title='bbox 726 4205 873 4274; x_wconf 79' lang='lat' dir='ltr'>praelibans</span> <span class='ocrx_word' id='word_1_660' title='bbox 888 4221 957 4279; x_wconf 81' lang='lat' dir='ltr'>gau-</span> <span class='ocrx_word' id='word_1_661' title='bbox 973 4184 1160 4282; x_wconf 72' lang='lat' dir='ltr'>&#39;Evangelio</span> <span class='ocrx_word' id='word_1_662' title='bbox 1174 4214 1324 4285; x_wconf 90' lang='lat' dir='ltr'>promittit:</span> <span class='ocrx_word' id='word_1_663' title='bbox 1340 4216 1469 4284; x_wconf 75' lang='lat' dir='ltr'>Quamdiu</span> <span class='ocrx_word' id='word_1_664' title='bbox 1482 4220 1654 4290; x_wconf 73' lang='lat' dir='ltr'>fecistiseam</span> <span class='ocrx_word' id='word_1_665' title='bbox 1672 4237 1709 4278; x_wconf 78' lang='lat' dir='ltr'>ea</span> <span class='ocrx_word' id='word_1_666' title='bbox 1718 4223 1808 4279; x_wconf 83' lang='lat' dir='ltr'>mini-</span> 
     </span>
     <span class='ocr_line' id='line_1_78' title="bbox 161 4289 1808 4381; baseline 0.004 -22"><span class='ocrx_word' id='word_1_667' title='bbox 161 4292 235 4344; x_wconf 90' lang='lat' dir='ltr'>dium</span> <span class='ocrx_word' id='word_1_668' title='bbox 250 4289 374 4359; x_wconf 61' lang='lat' dir='ltr'>limine</span> <span class='ocrx_word' id='word_1_669' title='bbox 389 4290 522 4359; x_wconf 64' lang='lat' dir='ltr'>pleneque</span> <span class='ocrx_word' id='word_1_670' title='bbox 537 4290 669 4347; x_wconf 89' lang='lat' dir='ltr'>laturum.</span> <span class='ocrx_word' id='word_1_671' title='bbox 1011 4301 1065 4356; x_wconf 83' lang='lat' dir='ltr'>mis</span> <span class='ocrx_word' id='word_1_672' title='bbox 1074 4301 1296 4367; x_wconf 80' lang='lat' dir='ltr'>mcis,bocrnihi</span> <span class='ocrx_word' id='word_1_673' title='bbox 1304 4306 1530 4376; x_wconf 70' lang='lat' dir='ltr'>fecistisfflotth.</span> <span class='ocrx_word' id='word_1_674' title='bbox 1542 4310 1675 4378; x_wconf 81' lang='lat' dir='ltr'>xxr‚lbi.</span> <span class='ocrx_word' id='word_1_675' title='bbox 1686 4309 1808 4381; x_wconf 87' lang='lat' dir='ltr'>Sedquid</span> 
     </span>
     <span class='ocr_line' id='line_1_79' title="bbox 400 4387 1807 4470; baseline 0.01 -30"><span class='ocrx_word' id='word_1_676' title='bbox 400 4392 572 4449; x_wconf 68' lang='lat' dir='ltr'>EPISTOLA</span> <span class='ocrx_word' id='word_1_677' title='bbox 590 4395 712 4454; x_wconf 72' lang='lat' dir='ltr'>exunt,</span> <span class='ocrx_word' id='word_1_678' title='bbox 1012 4391 1054 4441; x_wconf 92' lang='lat' dir='ltr'>est</span> <span class='ocrx_word' id='word_1_679' title='bbox 1066 4387 1138 4457; x_wconf 91' lang='lat' dir='ltr'>qued</span> <span class='ocrx_word' id='word_1_680' title='bbox 1152 4387 1291 4446; x_wconf 88' lang='lat' dir='ltr'>ministros</span> <span class='ocrx_word' id='word_1_681' title='bbox 1303 4398 1417 4459; x_wconf 84' lang='lat' dir='ltr'>uestros,</span> <span class='ocrx_word' id='word_1_682' title='bbox 1425 4408 1487 4464; x_wconf 84' lang='lat' dir='ltr'>quae</span> <span class='ocrx_word' id='word_1_683' title='bbox 1496 4410 1545 4451; x_wconf 82' lang='lat' dir='ltr'>nos</span> <span class='ocrx_word' id='word_1_684' title='bbox 1555 4395 1687 4464; x_wconf 89' lang='lat' dir='ltr'>donastis,</span> <span class='ocrx_word' id='word_1_685' title='bbox 1699 4397 1807 4470; x_wconf 88' lang='lat' dir='ltr'>exigere</span> 
     </span>
    </p>

    <p class='ocr_par' dir='ltr' id='par_1_19' title="bbox 162 4476 1809 4732">
     <span class='ocr_line' id='line_1_80' title="bbox 176 4476 1807 4555; baseline 0.01 -30"><span class='ocrx_word' id='word_1_686' title='bbox 176 4500 215 4540; x_wconf 67' lang='grc' dir='ltr'>Αῃ</span> <span class='ocrx_word' id='word_1_687' title='bbox 237 4496 396 4540; x_wconf 57' lang='lat' dir='ltr'>„qu-grogn</span> <span class='ocrx_word' id='word_1_688' title='bbox 408 4495 532 4538; x_wconf 67' lang='lat' dir='ltr'>Nonum</span> <span class='ocrx_word' id='word_1_689' title='bbox 542 4498 579 4539; x_wconf 69' lang='lat' dir='ltr'>gp</span> <span class='ocrx_word' id='word_1_690' title='bbox 594 4498 762 4543; x_wconf 57' lang='lat' dir='ltr'>ammom</span> <span class='ocrx_word' id='word_1_691' title='bbox 775 4501 936 4547; x_wconf 49' lang='lat' dir='ltr'>„qq-popm·</span> <span class='ocrx_word' id='word_1_692' title='bbox 1012 4488 1118 4529; x_wconf 81' lang='lat' dir='ltr'>rursum</span> <span class='ocrx_word' id='word_1_693' title='bbox 1132 4476 1429 4552; x_wconf 68' lang='lat' dir='ltr'>peimlllillsltllssullm</span> <span class='ocrx_word' id='word_1_694' title='bbox 1442 4492 1483 4538; x_wconf 72' lang='lat' dir='ltr'>esi</span> <span class='ocrx_word' id='word_1_695' title='bbox 1493 4482 1570 4539; x_wconf 75' lang='lat' dir='ltr'>vobis</span> <span class='ocrx_word' id='word_1_696' title='bbox 1581 4484 1807 4555; x_wconf 72' lang='lat' dir='ltr'>ethonoll&#39;flcum,</span> 
     </span>
     <span class='ocr_line' id='line_1_81' title="bbox 162 4560 1809 4646; baseline 0.005 -25"><span class='ocrx_word' id='word_1_697' title='bbox 162 4575 322 4646; x_wconf 69' lang='lat' dir='ltr'>officioram</span> <span class='ocrx_word' id='word_1_698' title='bbox 336 4573 396 4643; x_wconf 69' lang='lat' dir='ltr'>ejas</span> <span class='ocrx_word' id='word_1_699' title='bbox 410 4571 582 4626; x_wconf 68' lang='lat' dir='ltr'>clamentem</span> <span class='ocrx_word' id='word_1_700' title='bbox 597 4575 625 4629; x_wconf 73' lang='lat' dir='ltr'>nl</span> <span class='ocrx_word' id='word_1_701' title='bbox 639 4573 863 4633; x_wconf 63' lang='lat' dir='ltr'>sollicitudinem</span> <span class='ocrx_word' id='word_1_702' title='bbox 876 4595 955 4636; x_wconf 60' lang='lat' dir='ltr'>com.</span> <span class='ocrx_word' id='word_1_703' title='bbox 1011 4565 1040 4615; x_wconf 92' lang='lat' dir='ltr'>ut</span> <span class='ocrx_word' id='word_1_704' title='bbox 1050 4560 1124 4630; x_wconf 91' lang='lat' dir='ltr'>quod</span> <span class='ocrx_word' id='word_1_705' title='bbox 1140 4560 1215 4618; x_wconf 88' lang='lat' dir='ltr'>robis</span> <span class='ocrx_word' id='word_1_706' title='bbox 1229 4579 1277 4633; x_wconf 94' lang='lat' dir='ltr'>pro</span> <span class='ocrx_word' id='word_1_707' title='bbox 1292 4565 1378 4621; x_wconf 88' lang='lat' dir='ltr'>salute</span> <span class='ocrx_word' id='word_1_708' title='bbox 1392 4570 1544 4627; x_wconf 91' lang='lat' dir='ltr'>animarum</span> <span class='ocrx_word' id='word_1_709' title='bbox 1571 4579 1720 4631; x_wconf 82' lang='lat' dir='ltr'>vestrarum</span> <span class='ocrx_word' id='word_1_710' title='bbox 1748 4574 1809 4644; x_wconf 90' lang='lat' dir='ltr'>pla·</span> 
     </span>
     <span class='ocr_line' id='line_1_82' title="bbox 484 4643 1806 4732; baseline 0.016 -34"><span class='ocrx_word' id='word_1_711' title='bbox 484 4643 622 4700; x_wconf 57' lang='lat' dir='ltr'>»menedon</span> <span class='ocrx_word' id='word_1_712' title='bbox 1009 4647 1065 4706; x_wconf 91' lang='lat' dir='ltr'>cuit</span> <span class='ocrx_word' id='word_1_713' title='bbox 1088 4649 1199 4715; x_wconf 89' lang='lat' dir='ltr'>donare,</span> <span class='ocrx_word' id='word_1_714' title='bbox 1223 4667 1304 4707; x_wconf 88' lang='lat' dir='ltr'>nemo</span> <span class='ocrx_word' id='word_1_715' title='bbox 1326 4664 1478 4713; x_wconf 85' lang='lat' dir='ltr'>vestrorum</span> <span class='ocrx_word' id='word_1_716' title='bbox 1498 4669 1619 4732; x_wconf 86' lang='lat' dir='ltr'>repetere</span> <span class='ocrx_word' id='word_1_717' title='bbox 1645 4659 1753 4715; x_wconf 88' lang='lat' dir='ltr'>audeat.</span> <span class='ocrx_word' id='word_1_718' title='bbox 1776 4662 1806 4719; x_wconf 92' lang='lat' dir='ltr'>Si</span> 
     </span>
    </p>

    <p class='ocr_par' dir='ltr' id='par_1_20' title="bbox 159 4730 1807 4910">
     <span class='ocr_line' id='line_1_83' title="bbox 194 4730 1807 4815; baseline 0.01 -24"><span class='ocrx_word' id='word_1_719' title='bbox 194 4733 277 4791; x_wconf 75' lang='lat' dir='ltr'>Miror</span> <span class='ocrx_word' id='word_1_720' title='bbox 294 4739 349 4792; x_wconf 86' lang='lat' dir='ltr'>tuae</span> <span class='ocrx_word' id='word_1_721' title='bbox 362 4730 514 4789; x_wconf 86' lang='lat' dir='ltr'>devotionis</span> <span class='ocrx_word' id='word_1_722' title='bbox 531 4731 663 4804; x_wconf 91' lang='lat' dir='ltr'>studium,</span> <span class='ocrx_word' id='word_1_723' title='bbox 684 4741 736 4789; x_wconf 80' lang='lat' dir='ltr'>tuae</span> <span class='ocrx_word' id='word_1_724' title='bbox 758 4751 825 4808; x_wconf 82' lang='lat' dir='ltr'>erga</span> <span class='ocrx_word' id='word_1_725' title='bbox 844 4753 895 4794; x_wconf 91' lang='lat' dir='ltr'>nos</span> <span class='ocrx_word' id='word_1_726' title='bbox 918 4737 956 4792; x_wconf 90' lang='lat' dir='ltr'>di·</span> <span class='ocrx_word' id='word_1_727' title='bbox 1009 4751 1077 4810; x_wconf 81' lang='lat' dir='ltr'>ergo</span> <span class='ocrx_word' id='word_1_728' title='bbox 1091 4753 1140 4794; x_wconf 85' lang='lat' dir='ltr'>ros</span> <span class='ocrx_word' id='word_1_729' title='bbox 1154 4738 1238 4811; x_wconf 81' lang='lat' dir='ltr'>(quod</span> <span class='ocrx_word' id='word_1_730' title='bbox 1257 4741 1327 4798; x_wconf 90' lang='lat' dir='ltr'>absit</span> <span class='ocrx_word' id='word_1_731' title='bbox 1338 4745 1358 4815; x_wconf 84' lang='lat' dir='ltr'>l)</span> <span class='ocrx_word' id='word_1_732' title='bbox 1372 4744 1566 4805; x_wconf 87' lang='lat' dir='ltr'>beneficiorum</span> <span class='ocrx_word' id='word_1_733' title='bbox 1585 4753 1735 4806; x_wconf 83' lang='lat' dir='ltr'>vastrorum</span> <span class='ocrx_word' id='word_1_734' title='bbox 1750 4765 1807 4808; x_wconf 92' lang='lat' dir='ltr'>non</span> 
     </span>
     <span class='ocr_line' id='line_1_84' title="bbox 159 4820 1807 4910; baseline 0.011 -31"><span class='ocrx_word' id='word_1_735' title='bbox 159 4823 281 4882; x_wconf 88' lang='lat' dir='ltr'>lectionis</span> <span class='ocrx_word' id='word_1_736' title='bbox 309 4822 447 4879; x_wconf 87' lang='lat' dir='ltr'>allectum.</span> <span class='ocrx_word' id='word_1_737' title='bbox 476 4820 499 4877; x_wconf 95' lang='lat'>0</span> <span class='ocrx_word' id='word_1_738' title='bbox 527 4822 598 4877; x_wconf 91' lang='lat' dir='ltr'>bona</span> <span class='ocrx_word' id='word_1_739' title='bbox 626 4821 746 4890; x_wconf 89' lang='lat' dir='ltr'>domina,</span> <span class='ocrx_word' id='word_1_740' title='bbox 770 4823 833 4896; x_wconf 90' lang='lat' dir='ltr'>qnid</span> <span class='ocrx_word' id='word_1_741' title='bbox 855 4824 957 4884; x_wconf 85' lang='lat' dir='ltr'>tibist</span> <span class='ocrx_word' id='word_1_742' title='bbox 1009 4828 1308 4902; x_wconf 89' lang='lat' dir='ltr'>poeuitet,donumque</span> <span class='ocrx_word' id='word_1_743' title='bbox 1328 4834 1400 4904; x_wconf 91' lang='lat' dir='ltr'>quod</span> <span class='ocrx_word' id='word_1_744' title='bbox 1419 4835 1449 4891; x_wconf 90' lang='lat' dir='ltr'>in</span> <span class='ocrx_word' id='word_1_745' title='bbox 1477 4837 1648 4910; x_wconf 88' lang='lat' dir='ltr'>beneplacito</span> <span class='ocrx_word' id='word_1_746' title='bbox 1674 4847 1764 4896; x_wconf 85' lang='lat' dir='ltr'>restro</span> <span class='ocrx_word' id='word_1_747' title='bbox 1791 4858 1807 4897; x_wconf 88' lang='lat' dir='ltr'>a</span> 
     </span>
    </p>
   </div>
   <div class='ocr_carea' id='block_1_17' title="bbox 126 4963 1807 5478">
    <p class='ocr_par' dir='ltr' id='par_1_21' title="bbox 126 4963 1807 5478">
     <span class='ocr_line' id='line_1_85' title="bbox 194 4963 1806 5054; baseline 0.009 -31"><span class='ocrx_word' id='word_1_748' title='bbox 194 4967 268 5039; x_wconf 80' lang='lat' dir='ltr'>(sub)</span> <span class='ocrx_word' id='word_1_749' title='bbox 281 4965 387 5047; x_wconf 36' lang='lat' dir='ltr'>Simoni·</span> <span class='ocrx_word' id='word_1_750' title='bbox 405 4963 528 5022; x_wconf 82' lang='lat' dir='ltr'>uidelicet</span> <span class='ocrx_word' id='word_1_751' title='bbox 541 4964 715 5048; x_wconf 58' lang='lat' dir='ltr'>etfldelaidi</span> <span class='ocrx_word' id='word_1_752' title='bbox 731 4981 784 5022; x_wconf 93' lang='lat' dir='ltr'>non</span> <span class='ocrx_word' id='word_1_753' title='bbox 812 4967 953 5042; x_wconf 81' lang='lat' dir='ltr'>Gartrudi,</span> <span class='ocrx_word' id='word_1_754' title='bbox 1008 4984 1051 5024; x_wconf 88' lang='lat' dir='ltr'>ras</span> <span class='ocrx_word' id='word_1_755' title='bbox 1066 4969 1148 5026; x_wconf 89' lang='lat' dir='ltr'>reiert</span> <span class='ocrx_word' id='word_1_756' title='bbox 1163 4972 1257 5028; x_wconf 85' lang='lat' dir='ltr'>Petrus</span> <span class='ocrx_word' id='word_1_757' title='bbox 1268 4973 1427 5032; x_wconf 82' lang='lat' dir='ltr'>Franciseua</span> <span class='ocrx_word' id='word_1_758' title='bbox 1437 4977 1659 5054; x_wconf 87' lang='lat' dir='ltr'>Chillletiuspost</span> <span class='ocrx_word' id='word_1_759' title='bbox 1669 4979 1806 5053; x_wconf 89' lang='lat' dir='ltr'>Opuscula</span> 
     </span>
     <span class='ocr_line' id='line_1_86' title="bbox 158 5035 1807 5128; baseline 0.011 -36"><span class='ocrx_word' id='word_1_760' title='bbox 158 5045 188 5092; x_wconf 91' lang='lat' dir='ltr'>ut</span> <span class='ocrx_word' id='word_1_761' title='bbox 202 5038 324 5110; x_wconf 90' lang='lat' dir='ltr'>plerique</span> <span class='ocrx_word' id='word_1_762' title='bbox 337 5038 468 5094; x_wconf 77' lang='lat' dir='ltr'>scribunt.</span> <span class='ocrx_word' id='word_1_763' title='bbox 482 5037 522 5092; x_wconf 88' lang='lat' dir='ltr'>De</span> <span class='ocrx_word' id='word_1_764' title='bbox 536 5036 620 5118; x_wconf 67' lang='lat' dir='ltr'>hujus</span> <span class='ocrx_word' id='word_1_765' title='bbox 637 5035 768 5120; x_wconf 79' lang='lat' dir='ltr'>ducisssoe¹</span> <span class='ocrx_word' id='word_1_766' title='bbox 778 5040 953 5121; x_wconf 84' lang='lat' dir='ltr'>conversione</span> <span class='ocrx_word' id='word_1_767' title='bbox 1027 5049 1124 5098; x_wconf 90' lang='lat' dir='ltr'>uatuor</span> <span class='ocrx_word' id='word_1_768' title='bbox 1138 5043 1246 5099; x_wconf 85' lang='lat' dir='ltr'>Parisiis</span> <span class='ocrx_word' id='word_1_769' title='bbox 1261 5045 1331 5103; x_wconf 88' lang='lat' dir='ltr'>edita</span> <span class='ocrx_word' id='word_1_770' title='bbox 1350 5063 1420 5104; x_wconf 92' lang='lat' dir='ltr'>anno</span> <span class='ocrx_word' id='word_1_771' title='bbox 1442 5049 1523 5106; x_wconf 78' lang='lat' dir='ltr'>luis.</span> <span class='ocrx_word' id='word_1_772' title='bbox 1551 5052 1695 5110; x_wconf 82' lang='lat' dir='ltr'>Facessant</span> <span class='ocrx_word' id='word_1_773' title='bbox 1720 5054 1807 5128; x_wconf 84' lang='lat' dir='ltr'>igitur</span> 
     </span>
     <span class='ocr_line' id='line_1_87' title="bbox 157 5058 1805 5193; baseline 0.005 -30"><span class='ocrx_word' id='word_1_774' title='bbox 157 5124 207 5180; x_wconf 91' lang='lat' dir='ltr'>per</span> <span class='ocrx_word' id='word_1_775' title='bbox 220 5109 384 5190; x_wconf 83' lang='lat' dir='ltr'>Bemardum</span> <span class='ocrx_word' id='word_1_776' title='bbox 408 5108 491 5188; x_wconf 70' lang='lat' dir='ltr'>lacta,</span> <span class='ocrx_word' id='word_1_777' title='bbox 513 5106 574 5189; x_wconf 79' lang='lat' dir='ltr'>lega</span> <span class='ocrx_word' id='word_1_778' title='bbox 597 5107 702 5189; x_wconf 32' lang='lat' dir='ltr'>&#39;librum</span> <span class='ocrx_word' id='word_1_779' title='bbox 729 5125 845 5191; x_wconf 79' lang='lat' dir='ltr'>prinlum</span> <span class='ocrx_word' id='word_1_780' title='bbox 873 5110 950 5180; x_wconf 76' lang='lat' dir='ltr'>Vitae,</span> <span class='ocrx_word' id='word_1_781' title='bbox 1006 5058 1147 5193; x_wconf 62' lang='lat' dir='ltr'>iaruman</span> <span class='ocrx_word' id='word_1_782' title='bbox 1161 5116 1194 5170; x_wconf 91' lang='lat' dir='ltr'>ad</span> <span class='ocrx_word' id='word_1_783' title='bbox 1209 5117 1383 5184; x_wconf 58' lang='lat' dir='ltr'>menardum,</span> <span class='ocrx_word' id='word_1_784' title='bbox 1400 5121 1568 5178; x_wconf 80' lang='lat' dir='ltr'>allier-nardi</span> <span class='ocrx_word' id='word_1_785' title='bbox 1591 5125 1625 5180; x_wconf 77' lang='lat' dir='ltr'>nd</span> <span class='ocrx_word' id='word_1_786' title='bbox 1645 5125 1805 5181; x_wconf 69' lang='lat' dir='ltr'>Gertrndem</span> 
     </span>
     <span class='ocr_line' id='line_1_88' title="bbox 126 5179 1805 5307; baseline 0.011 -73"><span class='ocrx_word' id='word_1_787' title='bbox 126 5200 134 5209; x_wconf 81' lang='grc'><em>·</em></span> <span class='ocrx_word' id='word_1_788' title='bbox 155 5195 219 5305; x_wconf 52' lang='grc' dir='ltr'>ῗρὶ</span> <span class='ocrx_word' id='word_1_789' title='bbox 230 5180 276 5260; x_wconf 83' lang='grc' dir='ltr'>ιι.Ι</span> <span class='ocrx_word' id='word_1_790' title='bbox 289 5179 619 5304; x_wconf 68' lang='lat' dir='ltr'>Quipplqsanctuqomalrs</span> <span class='ocrx_word' id='word_1_791' title='bbox 632 5179 720 5260; x_wconf 82' lang='lat' dir='ltr'>velum</span> <span class='ocrx_word' id='word_1_792' title='bbox 735 5194 762 5234; x_wconf 89' lang='grc' dir='ltr'>ιιι</span> <span class='ocrx_word' id='word_1_793' title='bbox 785 5181 952 5306; x_wconf 66' lang='lat' dir='ltr'>parthenone</span> <span class='ocrx_word' id='word_1_794' title='bbox 1004 5183 1137 5307; x_wconf 73' lang='lat' dir='ltr'>lepistolae,</span> <span class='ocrx_word' id='word_1_795' title='bbox 1153 5200 1170 5240; x_wconf 87' lang='lat' dir='ltr'>a</span> <span class='ocrx_word' id='word_1_796' title='bbox 1184 5187 1319 5269; x_wconf 82' lang='lat' dir='ltr'>Bernardc</span> <span class='ocrx_word' id='word_1_797' title='bbox 1332 5188 1442 5272; x_wconf 80' lang='lat' dir='ltr'>ltritoue</span> <span class='ocrx_word' id='word_1_798' title='bbox 1456 5209 1488 5248; x_wconf 88' lang='lat' dir='ltr'>ex</span> <span class='ocrx_word' id='word_1_799' title='bbox 1503 5194 1601 5266; x_wconf 84' lang='lat' dir='ltr'>gallico</span> <span class='ocrx_word' id='word_1_800' title='bbox 1621 5197 1750 5254; x_wconf 90' lang='lat' dir='ltr'>idiomate</span> <span class='ocrx_word' id='word_1_801' title='bbox 1777 5197 1805 5252; x_wconf 88' lang='lat' dir='ltr'>in</span> 
     </span>
     <span class='ocr_line' id='line_1_89' title="bbox 155 5258 1803 5410; baseline 0.012 -34"><span class='ocrx_word' id='word_1_802' title='bbox 155 5262 952 5406; x_wconf 58' lang='lat' dir='ltr'>rililiuiulallliiliiitl&#39;lfilr&#39;il&#39;iiilllissiit</span> <span class='ocrx_word' id='word_1_803' title='bbox 1017 5258 1662 5410; x_wconf 64' lang='lat' dir='ltr'>“iii‘&#39;uulillilitlllllitim</span> <span class='ocrx_word' id='word_1_804' title='bbox 1686 5336 1803 5408; x_wconf 57' lang='lat' dir='ltr'>aaran</span> 
     </span>
     <span class='ocr_line' id='line_1_90' title="bbox 155 5390 1382 5478; baseline 0.01 -30"><span class='ocrx_word' id='word_1_805' title='bbox 155 5390 213 5461; x_wconf 85' lang='lat' dir='ltr'>filu,</span> <span class='ocrx_word' id='word_1_806' title='bbox 228 5408 276 5462; x_wconf 88' lang='lat' dir='ltr'>qur</span> <span class='ocrx_word' id='word_1_807' title='bbox 290 5397 402 5447; x_wconf 90' lang='lat' dir='ltr'>matrem</span> <span class='ocrx_word' id='word_1_808' title='bbox 416 5406 493 5448; x_wconf 87' lang='lat' dir='ltr'>suam</span> <span class='ocrx_word' id='word_1_809' title='bbox 513 5393 686 5451; x_wconf 83' lang='lat' dir='ltr'>Albelerdem</span> <span class='ocrx_word' id='word_1_810' title='bbox 706 5401 792 5456; x_wconf 82' lang='lat' dir='ltr'>uocat.</span> <span class='ocrx_word' id='word_1_811' title='bbox 812 5396 866 5454; x_wconf 87' lang='lat' dir='ltr'>llas</span> <span class='ocrx_word' id='word_1_812' title='bbox 881 5397 951 5455; x_wconf 80' lang='lat' dir='ltr'>litte·</span> <span class='ocrx_word' id='word_1_813' title='bbox 1003 5397 1096 5471; x_wconf 79' lang='lat' dir='ltr'>uulgo,</span> <span class='ocrx_word' id='word_1_814' title='bbox 1112 5397 1173 5454; x_wconf 88' lang='lat' dir='ltr'>droi</span> <span class='ocrx_word' id='word_1_815' title='bbox 1188 5398 1244 5458; x_wconf 84' lang='lat' dir='ltr'>lde</span> <span class='ocrx_word' id='word_1_816' title='bbox 1257 5418 1382 5478; x_wconf 72' lang='lat' dir='ltr'>passage.</span> 
     </span>
    </p>
   </div>
   <div class='ocr_carea' id='block_1_18' title="bbox 0 0 1868 5940">
    <p class='ocr_par' dir='ltr' id='par_1_22' title="bbox 0 0 1868 5940">
     <span class='ocr_line' id='line_1_91' title="bbox 0 0 1868 5940; baseline 0 4"><span class='ocrx_word' id='word_1_817' title='bbox 0 0 1868 5940; x_wconf 95' lang='lat' dir='ltr'> </span> 
     </span>
    </p>
   </div>
  </div>
 </body>
</html>
