3728 5940
151 148 155 157 ¹
176 192 228 252 rsa

644 187 671 245 S.
692 184 857 248 basulam
876 183 1013 246 aaallls
1032 183 1360 247 claua-vallantis

1768 187 1825 247 200

175 313 334 371 militibus?
364 311 426 385 quis
453 311 515 368 item
545 310 703 369 clericorum
725 312 866 385 aliquando
892 328 969 384 reque
987 329 1009 414 st
1024 312 1090 384 quid
1109 310 1261 369 monereris
1275 310 1425 367 attendens.
1441 309 1548 367 Grotius
1566 325 1618 385 aqo
1641 319 1668 369 ct
1686 310 1747 382 ipse
1765 315 1825 372 beo

175 404 228 460 sibi
252 419 306 459 uon
331 401 463 472 judicarit
490 399 640 476 indiguum,
670 402 744 458 laicae
774 403 968 473 cujuscumque

177 509 300 566 personae
307 490 456 563 mancipari
467 490 625 563 obsequiis?
635 491 726 561 ipsum
739 498 812 546 certe
822 491 895 563 quod
905 507 968 563 ges·

81 582 84 587 ‘
177 590 214 638 tat
232 583 258 637 in
273 582 358 652 capite
372 581 491 653 signum,
506 581 569 651 plus
580 579 671 654 regius
686 580 763 636 decet
776 579 870 646 fastus,
886 595 968 652 quam

176 670 333 736 famulatus,
357 670 473 740 itemque
495 669 585 740 regale
608 667 745 740 fastigium
767 668 853 741 magis
874 668 967 734 armis,

143 766 147 773 ’
176 775 256 830 quam
266 758 378 830 psalmis
387 756 519 813 innititur.
531 755 601 812 Saue
612 755 717 812 sialteri
728 756 797 812 forte
808 756 849 826 (ιιι
858 757 969 827 assolet)

174 848 331 905 accessisset
345 845 416 919 quod
431 845 581 900 detrahitur
595 844 681 911 alteri,
698 860 752 917 quo
773 846 817 900 vel
839 844 912 917 regis
925 845 969 902 vi·

176 937 275 992 delicet
288 933 440 991 humiliatio
459 933 589 991 clericum
610 933 970 1005 ampliussublimasset,aut

175 1026 266 1081 clerici
291 1034 364 1081 certe
385 1023 502 1095 dejectio
531 1023 608 1094 regio
627 1022 785 1080 contulisset
807 1021 903 1078 honori
928 1023 970 1091 (ut

175 1113 251 1171 verbi
265 1114 362 1186 gratia,
379 1113 402 1168 si
417 1113 514 1169 nobilis
528 1112 615 1182 aliqua
629 1112 726 1169 mulier
739 1113 799 1170 viro
813 1113 897 1168 nubat
910 1112 969 1183 ple-

175 1203 248 1268 beio,
263 1203 308 1259 illa
321 1202 433 1275 quidem
450 1202 580 1258 minuitur
594 1218 627 1259 ox
642 1203 698 1269 illo,
709 1202 759 1258 sed
768 1218 801 1258 ex
815 1202 860 1257 illa
872 1203 970 1258 crescit

175 1293 230 1363 illc)
243 1311 250 1360 ;
261 1292 284 1349 si
299 1292 345 1357 ita,
370 1291 492 1363 inquam,
507 1291 552 1348 vel
566 1307 612 1346 rex
628 1306 661 1346 ex
676 1290 784 1360 clerico,
799 1291 842 1347 vel
855 1291 970 1347 clericus

176 1398 210 1438 ex
229 1397 293 1456 rege
317 1379 468 1449 proficeret,
490 1382 599 1447 malum,
614 1380 685 1452 quod
711 1397 745 1436 ex
771 1387 845 1453 parte
863 1378 968 1447 fuisset,

176 1478 321 1542 utcumque
337 1469 447 1526 forsitan
472 1468 582 1525 tolerari
606 1467 745 1525 debuerat.
766 1471 844 1525 Nunc
867 1479 968 1536 aulem,

175 1576 237 1616 cum
259 1559 411 1615 utriuslibet
438 1558 580 1613 diminutio
603 1569 727 1613 neutrum
750 1558 897 1629 provehat,
922 1557 970 1613 scd

1024 400 1097 472 qnod
1123 416 1183 456 mea
1208 399 1386 472 praesumptin
1409 400 1521 474 gratiam
1542 399 1597 472 egit
1618 400 1713 474 magis,
1740 418 1824 477 quam

1024 489 1240 562 indignationem
1254 488 1390 544 meruerit.
1407 489 1542 546 fauentes
1556 488 1647 560 itaque
1662 496 1715 547 tuae
1741 498 1826 549 tantae

1024 577 1184 634 humilitatis
1207 578 1323 652 insigne,
1337 574 1459 649 ampliori
1473 578 1528 649 iam
1553 577 1651 634 fiducia
1675 595 1826 640 monemus

1024 667 1095 740 quod
1112 676 1139 724 et
1152 668 1230 740 prins
1244 667 1410 724 monuimus.
1433 666 1613 725 obsecramus
1634 684 1684 739 per
1707 671 1826 744 sangui-

1024 773 1087 813 nem
1106 757 1182 813 illum
1209 758 1255 830 qui
1284 772 1332 828 pro
1358 757 1497 813 animabus
1518 757 1593 814 fusus
1616 765 1669 830 est,
1696 775 1731 815 ue
1755 760 1827 818 tanti

1023 855 1176 919 emptarum
1191 846 1412 917 parvipendatur,
1435 846 1594 918 periculum,
1610 847 1682 919 quod
1707 850 1828 907 maxime

1023 952 1057 991 ea
1071 937 1190 993 virorum
1206 944 1234 993 et
1246 935 1409 991 feminarum
1424 936 1623 993 cohabitatione
1642 952 1703 1009 uoq
1722 938 1825 998 imme·

1023 1024 1075 1080 rito
1089 1024 1198 1081 timetur
1213 1025 1246 1080 ab
1261 1025 1303 1079 bis
1315 1024 1372 1097 qui,
1390 1023 1417 1079 in
1431 1024 1522 1080 schola
1537 1023 1588 1079 Dei
1601 1025 1648 1081 diu
1672 1026 1727 1096 jam
1753 1044 1824 1085 coo-

1025 1123 1065 1168 tra
1087 1113 1189 1169 dioboli
1207 1120 1368 1169 tenemento
1383 1113 1492 1182 luctati,
1516 1114 1629 1184 propria
1651 1115 1825 1186 experientia

1024 1202 1112 1259 edocti
1139 1201 1229 1259 dicere
1256 1210 1369 1274 possunt
1394 1218 1457 1258 cum
1483 1201 1638 1271 apostolo:
1660 1205 1721 1260 Noc
1746 1207 1825 1263 enim

1024 1292 1191 1364 ipeoromos
1213 1293 1336 1348 astutias
1354 1292 1415 1363 ejtts
1438 1290 1477 1362 (ιι
1496 1290 1548 1350 Cor
1566 1306 1597 1356 ιι,
1620 1293 1675 1363 11).
1698 1292 1824 1365 Denique

1024 1396 1106 1451 quam
1119 1395 1174 1436 non
1187 1379 1359 1453 negligenter
1372 1388 1400 1436 te
1413 1385 1536 1452 oporteat
1551 1380 1645 1436 andire
1659 1395 1714 1437 uon
1729 1397 1825 1439 meum

1026 1468 1075 1526 sed
1089 1469 1175 1540 ipsius
1196 1470 1322 1540 Apostoli
1338 1469 1372 1524 de
1387 1469 1437 1526 hac
1449 1469 1485 1525 're
1499 1469 1654 1537 consilium,
1668 1470 1724 1528 imo
1748 1487 1824 1543 prte-

1026 1566 1142 1631 oeptum,
1172 1565 1265 1629 aperta
1293 1558 1444 1628 clamantis,
1474 1561 1575 1631 Fuqite
1601 1561 1825 1632 fomtcatiouem

177 1666 232 1704 suae
243 1649 496 1719 potinsalterutrum
507 1646 653 1716 plurimum
665 1647 806 1703 detrahant
819 1646 968 1717 dignitatis,
992 1649 1052 1737 pti
1066 1650 1127 1706 Cor.
1144 1664 1184 1714 vr,
1200 1649 1257 1721 18),
1272 1649 1358 1721 ipsius
1380 1664 1452 1704 nunc
1472 1657 1524 1705 ιιιιι
1541 1646 1653 1720 turpiter
1671 1648 1738 1720 lapsi
1762 1648 1825 1705 ira-

176 1739 282 1810 quando
299 1752 349 1793 nec
363 1736 490 1793 clericum
505 1735 584 1791 decet
598 1736 680 1809 regis,
692 1745 722 1792 ut
732 1734 832 1792 dictum
843 1744 893 1801 est,
910 1750 971 1793 esse

175 1828 298 1885 vocarive
320 1826 480 1896 dapiferum,
495 1834 523 1880 et
545 1824 722 1880 nihilominus
742 1840 848 1896 regem,
867 1823 918 1879 nisi
943 1823 970 1878 in

176 1932 256 1972 mauu
270 1916 363 1987 utique
382 1914 501 1980 fortium,
518 1915 595 1988 regni
612 1914 797 1986 gubernacula
811 1913 969 1983 possidere;

177 2005 275 2060 mirum
288 2005 367 2063 valde
380 2003 518 2076 quomodo
533 2011 647 2072 utraque.
663 2009 781 2070 potestas
796 2002 845 2059 hoc
869 2003 970 2072 patitur

176 2094 304 2165 quodrel
332 2091 452 2148 Ecclesia
476 2106 530 2147 uon
554 2090 804 2161 uincitdiaconum
828 2090 968 2146 militarem

176 2185 228 2252 [nl.
241 2181 377 2252 militem],
392 2181 435 2239 vel
449 2180 523 2236 cuma
538 2178 664 2236 clericum
673 2178 822 2251 principem
837 2193 892 2235 nou
906 2194 971 2236 con-

176 2273 281 2328 tcmnlt.

213 2365 256 2419 13.
272 2362 308 2417 ιιι
321 2358 409 2416 acrius
423 2357 476 2413 ista
490 2365 517 2415 et
531 2350 709 2430 multiplicius
723 2357 860 2414 inculcare
873 2357 970 2415 uolue-

176 2468 244 2522 ram,
261 2467 291 2507 ac
305 2448 429 2506 fortassis
449 2447 610 2513 dubueram,
634 2448 684 2503 nist
707 2448 857 2521 epistolaris
877 2446 970 2503 breui·

176 2548 217 2597 tas
235 2538 468 2611 supersedendum
492 2537 641 2607 indiceret;
665 2538 835 2609 maximeque
859 2537 924 2609 quia
946 2545 971 2591 te

176 2629 313 2686 offendere
325 2628 428 2683 ueritus
442 2643 513 2693 snm,
529 2626 637 2698 peperci
653 2626 763 2694 homiui,
780 2627 970 2699 quippequem
988 2641 991 2647 ·

178 2718 225 2774 tibi
241 2719 316 2774 aiunt
329 2716 504 2772 familiaribus
514 2715 570 2784 iam
584 2714 647 2770 olim
662 2715 787 2771 amicitiis
795 2731 855 2772 esse
863 2713 971 2772 devino·

175 2818 242 2864 tum.
259 2806 313 2862 Sed
327 2806 429 2861 nollem
451 2813 476 2860 te
499 2805 601 2859 habere
623 2811 716 2860 contra
737 2804 878 2861 variatam
896 2805 970 2860 ami-

174 2913 245 2954 cum.
263 2896 290 2952 Si
306 2902 395 2951 tamen
411 2895 541 2966 persistls;
557 2909 649 2950 uerum
665 2900 690 2949 te
703 2894 819 2950 amicum
832 2893 926 2964 proba,
942 2901 970 2950 et

1026 1736 1075 1791 tris
1097 1737 1190 1807 (super
1210 1752 1264 1808 qun
1284 1746 1312 1793 et
1335 1744 1455 1793 nostram
1476 1736 1604 1810 dignatus
1625 1753 1655 1794 es
1677 1737 1826 1796 consulere

1027 1824 1199 1896 parvitatem)
1213 1831 1240 1880 te
1253 1825 1348 1882 doceat
1361 1824 1582 1898 experimentum.
1596 1826 1638 1882 De
1648 1841 1703 1897 quo
1712 1827 1826 1898 quidem

1026 1913 1121 1980 miror,
1137 1913 1200 1986 quid
1215 1913 1264 1969 tibi
1277 1914 1366 1969 uisum
1386 1914 1467 1969 fuerit
1489 1923 1600 1971 metam
1615 1924 1748 1972 remotum
1772 1932 1826 1972 ox-

1026 2011 1119 2075 petere
1139 2003 1333 2069 consultorem,
1349 2018 1410 2058 cum
1432 2018 1518 2075 prope
1540 2004 1640 2060 babeas
1663 2004 1752 2062 uirum
1776 2023 1825 2061 sa·

1027 2090 1142 2160 pientem
1156 2092 1240 2148 nostri
1250 2090 1369 2162 Ordinis,
1377 2101 1404 2148 et
1418 2100 1472 2147 tuae
1485 2091 1622 2162 praecipue
1631 2093 1729 2149 domus
1746 2109 1825 2149 ama·

1029 2183 1126 2249 torem,
1141 2180 1312 2236 Guillelmum
1327 2181 1430 2237 scilicet
1445 2182 1570 2238 abbatem
1584 2183 1824 2239 Sancti-Theode-

1026 2268 1086 2323 rici.
1102 2268 1156 2324 Sed
1172 2276 1198 2324 et
1212 2270 1283 2341 apud
1298 2269 1537 2327 Praemonstratum
1552 2286 1606 2327 non
1622 2272 1735 2345 ambigo
1745 2272 1824 2329 viros

1026 2372 1088 2412 esse
1107 2358 1223 2425 consilii,
1239 2358 1325 2430 quiin
1342 2360 1423 2415 rebus
1436 2360 1525 2416 dubiis
1539 2361 1689 2419 enodandis
1703 2370 1730 2419 et
1753 2379 1824 2435 pru-

1027 2446 1122 2504 dentes
1137 2447 1191 2502 sint
1204 2456 1232 2503 et
1243 2446 1350 2506 fideles.

1062 2536 1089 2594 2.
1114 2536 1303 2594 Verumtamen
1320 2538 1383 2610 quia
1405 2540 1443 2596 sic
1466 2538 1515 2595 tibi
1539 2540 1645 2611 placuit,
1669 2540 1768 2600 rideris
1794 2549 1824 2600 tu

1026 2642 1075 2682 cnr
1088 2625 1124 2682 ita
1139 2627 1280 2698 placuerit,
1297 2642 1350 2700 ego
1371 2627 1441 2683 labia
1462 2645 1521 2684 mea
1539 2644 1593 2686 non
1614 2630 1778 2702 prohibebo.
1794 2632 1824 2689 Si

1026 2713 1108 2771 frater
1134 2731 1226 2772 casum
1251 2731 1341 2784 snum,
1372 2717 1568 2789 quantumlibet
1591 2735 1711 2791 grauem,
1731 2736 1821 2791 qnan-

1026 2804 1148 2862 tumlibet
1169 2814 1286 2876 turpem,
1313 2806 1388 2878 prior
1408 2807 1468 2878 ipse
1488 2808 1631 2865 confessus
1654 2807 1770 2882 fnisset,
1796 2819 1826 2868 et

1025 2895 1161 2951 curandus
1170 2894 1278 2958 lorct‚ct
1291 2910 1345 2953 non
1360 2895 1532 2969 effugandus.
1550 2898 1629 2954 Nunc
1642 2906 1740 2965 autern,
1753 2916 1824 2970 quo-

175 2988 209 3042 da
236 3002 346 3059 operam
370 2984 508 3056 quomodo
523 2990 549 3041 et
573 2983 631 3056 ipse
650 2983 752 3043 amicus
780 2984 815 3040 sit
839 2984 968 3041 veritatis.
989 2983 1097 3068 eniam
1113 2983 1179 3041 tanti
1193 2983 1257 3040 mali
1276 2985 1386 3041 aliunde
1409 2983 1479 3041 fetor
1501 2986 1623 3056 emersit,
1646 2987 1824 3044 nihilominus

173 3079 249 3133 Tunc
262 3077 373 3132 demum
388 3090 459 3130 verso
475 3081 554 3130 eruut
571 3072 704 3139 amicitiae,
726 3073 750 3129 si
768 3073 886 3132 veritatis
907 3073 968 3130 fue-

173 3167 229 3222 rint
244 3166 381 3224 foederatae
395 3164 543 3220 consortio.
559 3162 636 3233 Quod
653 3165 675 3218 si
691 3163 735 3219 ille
751 3179 804 3219 non
820 3162 967 3234 acquieve·

174 3256 208 3311 rit
221 3255 281 3320 tibi,
296 3262 355 3310 tene
378 3253 451 3326 quod
470 3259 555 3317 tenes,
580 3252 731 3323 hostiaeque
754 3252 864 3309 caudam
883 3253 969 3327 junge

173 3343 256 3415 rapiti
269 3344 356 3413 (221),
372 3357 403 3396 ac
417 3342 543 3408 tunicam,
559 3338 609 3395 Dei
624 3340 711 3412 gratia
722 3341 780 3410 Jam
799 3340 966 3411 polymitam,

173 3430 308 3490 88cura
333 3429 422 3487 facere
445 3437 472 3485 et
485 3430 617 3500 talarem,
641 3428 769 3500 quoniam
792 3429 907 3500 coepisse
932 3429 970 3486 nil

172 3520 304 3594 proderit,
320 3517 544 3591 si(quodabsit!)
554 3532 609 3574 non
625 3533 799 3588 perseverare
813 3517 968 3589 contigerit.

172 3612 206 3666 Et
220 3611 265 3668 hic
278 3609 313 3666 sit
325 3607 445 3682 epistole
464 3606 536 3676 finis,
550 3605 597 3663 ubi
612 3617 640 3664 tu
653 3607 688 3664 de
702 3605 755 3664 linc
770 3607 969 3665 bonicommo-

173 3699 246 3758 uitus
258 3715 300 3757 es.

416 3802 590 3861 EPISTOLA
602 3802 728 3859 LXXIX.

373 3909 409 3951 tu
423 3908 553 3952 aaasrart
570 3907 663 3950 auctu
681 3891 767 3965 (222).

173 3986 356 4044 Feminarum
372 3984 590 4044 contubernium
613 3982 783 4055 sopiendum
803 3985 911 4040 monet.
936 3983 970 4039 ιι

238 4058 309 4132 quid
322 4058 354 4115 dc
366 4059 457 4129 fratre
471 4058 504 4112 is
518 4056 710 4127 crimenlopso
724 4053 899 4126 faciendum.

163 4190 166 4195 .
210 4151 235 4203 1.
264 4147 366 4202 Bonum
393 4144 472 4200 nobis
499 4145 534 4199 de
562 4151 597 4211 te,
623 4142 793 4209 charissime,
816 4149 844 4197 et
867 4141 968 4198 bonum

174 4234 252 4291 valde
266 4249 356 4289 rarum
370 4231 523 4300 ostendisti,
538 4230 602 4285 dum
618 4229 730 4288 minoris
756 4244 781 4286 re
803 4245 858 4286 non
880 4229 968 4285 solum

1025 3073 1134 3144 quidem
1159 3073 1229 3143 ojus,
1244 3072 1266 3129 si
1282 3071 1339 3128 ficri
1355 3083 1453 3144 potest,
1473 3074 1608 3131 curationi
1630 3090 1741 3149 operam
1755 3076 1823 3131 darc

1024 3176 1134 3218 necesse
1155 3170 1205 3231 cst,
1222 3160 1268 3217 sod
1283 3162 1367 3217 aliter.
1384 3161 1518 3218 Fortassis
1539 3163 1609 3218 euim
1632 3177 1686 3219 nou
1710 3165 1823 3234 expedit

1025 3258 1055 3306 ut
1081 3249 1193 3305 ulterius
1221 3251 1291 3321 apud
1318 3265 1366 3306 ros
1394 3252 1523 3307 remorari
1552 3251 1652 3307 sinatur
1680 3268 1713 3308 nc
1738 3251 1821 3321 forte,

1024 3340 1097 3412 quod
1116 3348 1144 3396 te
1157 3355 1211 3396 non
1221 3340 1354 3397 immerito
1368 3340 1478 3412 quidem
1493 3341 1588 3398 timere
1610 3340 1748 3411 scripsisti,
1767 3359 1821 3412 pu-

1025 3429 1100 3485 sillus
1110 3436 1137 3485 ot
1146 3427 1269 3485 novellus
1282 3447 1350 3503 grex
1363 3430 1518 3500 huiusmodi
1532 3432 1593 3486 tabe
1609 3430 1821 3489 contaminetur.

1022 3519 1077 3575 Nec
1100 3527 1189 3575 amen
1218 3518 1283 3585 illio,
1310 3519 1508 3591 quantumlibet
1535 3520 1677 3591 peccatori,
1707 3529 1823 3591 paterna

1023 3609 1133 3665 omnino
1147 3610 1298 3666 claudenda
1312 3617 1374 3666 sunt
1397 3608 1513 3670 viscera.
1537 3610 1665 3668 Arbitror
1688 3622 1779 3668 autem
1794 3621 1824 3670 et

1025 3696 1094 3770 patri
1118 3697 1191 3770 pium
1206 3706 1234 3754 et
1253 3697 1309 3756 filio
1324 3706 1411 3757 tutum
1427 3716 1486 3758 esse
1504 3701 1659 3771 consilinm,
1676 3701 1823 3775 siquoeras

1024 3785 1049 3841 ei
1063 3787 1199 3859 quomodo
1212 3787 1241 3843 in
1256 3787 1346 3861 aliqua
1370 3805 1386 3845 e
1404 3788 1597 3847 remotioribus
1623 3789 1725 3847 domiui
1749 3791 1822 3847 Nor·

1023 3875 1092 3931 berti
1107 3875 1233 3932 domibus
1247 3877 1403 3947 recipiatur,
1418 3877 1464 3933 nbi
1479 3878 1533 3935 snb
1556 3877 1709 3934 districtiori
1734 3878 1821 3936 disci-

1023 3964 1104 4035 plina,
1120 3972 1222 4021 mutato
1240 3965 1313 4031 loco,
1326 3981 1380 4020 non
1390 3965 1541 4038 proposito,
1555 3964 1739 4036 poenitontiam
1754 3975 1820 4040 agat

1023 4053 1111 4109 donec
1124 4052 1295 4127 quandoque,
1311 4068 1374 4109 cum
1389 4052 1436 4107 tibi
1448 4053 1537 4109 visum
1552 4054 1641 4121 fuerit,
1669 4055 1704 4110 od
1729 4056 1820 4113 locum

1023 4140 1162 4213 proprium
1178 4148 1326 4197 reuocetur.
1349 4140 1418 4195 Nam
1436 4139 1470 4194 ad
1494 4148 1615 4198 nostrum
1638 4141 1768 4199 Ordinem
1791 4151 1824 4200 ιιι

1024 4235 1151 4296 transeat,
1169 4236 1259 4285 vestro
1284 4228 1407 4284 fortassis
1428 4242 1482 4284 uon
1507 4230 1625 4301 expedit.
1650 4231 1684 4287 Et
1706 4232 1821 4304 quidem

159 4334 228 4377 ‘non
243 4321 439 4391 contempseris
450 4321 559 4388 monita,
577 4319 623 4374 scd
640 4318 743 4392 gratias
759 4318 871 4389 iusuper
892 4325 968 4373 retu·
988 4317 1095 4401 uquod
1109 4316 1239 4388 scripsisti
1262 4315 1338 4374 illum
1360 4332 1434 4390 saepe
1457 4317 1558 4376 dixisse
1582 4329 1674 4376 nostra
1696 4336 1727 4376 se
1750 4338 1819 4392 pro-

174 4409 240 4466 leris
271 4408 409 4476 monitori,
427 4408 576 4479 prudenter
603 4409 696 4480 utique
716 4423 771 4466 uon
791 4425 806 4464 a
829 4421 895 4480 quo,
919 4408 968 4465 sed

210 4517 283 4587 (221)
298 4516 392 4583 idest,
406 4514 487 4571 finem
509 4515 596 4587 junge
619 4514 761 4587 principio,
784 4514 913 4570 llortatur
934 4514 967 4570 ad

175 4588 413 4659 perseverantiam,
442 4586 563 4643 alludens
586 4589 619 4641 ad
650 4587 729 4642 ritum
750 4586 828 4659 lcqis,
847 4585 968 4655 jubentis

174 4662 287 4717 caudam
302 4659 400 4717 bostiae
411 4657 490 4713 simul
505 4657 604 4715 offerri.
619 4658 708 4714 Exod.
724 4672 806 4721 ιιιιιιι,
818 4657 901 4711 Lavit.
924 4671 967 4712 ιιι.

173 4733 315 4788 Rationem
339 4731 534 4801 tropologicam
556 4728 603 4785 dat
626 4727 777 4785 flodulfus:
803 4748 815 4777 a
837 4728 965 4792 Gauda»

174 4805 220 4870 ait,
238 4826 250 4857 ι
266 4819 328 4886 quae
339 4802 400 4857 finis
414 4810 457 4857 est
469 4801 600 4872 corporis,
610 4799 770 4881 ¹symbolum
784 4806 826 4853 cst
839 4813 968 4853 consum-

174 4876 299 4931 mationis
320 4885 347 4931 ct
370 4872 580 4945 perseverantiae
609 4888 636 4926 ιιι
662 4880 764 4926 sanctas
793 4871 967 4939 operibns.»

174 4945 249 5002 Unde
263 4954 290 5001 et
304 4946 333 5002 S.
348 4946 404 5002 Gre
423 4945 506 5010 orins,
523 4944 534 4998 1
548 4945 641 5000 bloral.
661 4958 722 5012 cap.
737 4943 771 4996 lb
787 4957 794 4996 :
815 4962 826 4992 ι
842 4942 967 5008 Gauda»

174 5019 221 5084 ait,
233 5018 345 5087 jubetur
359 4961 539 5081 adoieribeo,
554 5023 584 5070 ut
597 5015 789 5095 omnebonum
804 5013 876 5086 quod
890 5014 968 5095 ¹iuci-

174 5089 274 5159 pimns,
290 5089 371 5143 ctiam
387 5085 594 5157 perseuerantiae
608 5084 841 5156 hnermpleamus.
858 5106 870 5135 r
888 5086 968 5154 idem,

175 5160 274 5215 lfomil.
290 5161 324 5214 25
345 5158 373 5214 in
397 5160 501 5231 Evang.
519 5179 526 5215 :
545 5176 559 5212 ι
578 5158 715 5228 Prtecepto
737 5157 816 5231 legis,
836 5178 847 5207 ι
873 5155 968 5226 inquit,

174 5231 262 5286 cauda
276 5229 370 5287 hostiae
386 5231 412 5285 in
427 5228 559 5287 sacrificio
575 5230 687 5300 jubetur
704 5228 807 5284 offerri.
830 5228 859 5283 ln
884 5228 970 5283 cauda

174 5301 277 5428 quippe
291 5300 353 5358 linis
367 5313 410 5358 est
426 5302 557 5372 corporis,
574 5310 601 5357 et
616 5301 660 5360 ille
685 5301 755 5357 bene
775 5297 907 5380 immolat,
921 5297 968 5369 qui

175 5376 244 5454 sacri
255 5373 336 5430 'cium
351 5374 414 5431 honi
427 5372 519 5446 operis
534 5389 618 5446 usque
632 5374 666 5430 ad
679 5373 758 5430 finem
767 5372 865 5428 debttae
877 5371 970 5441 perdu-

175 5454 212 5501 ctt
225 5446 348 5502 actionis.
370 5465 382 5497 a

210 5517 285 5590 (222)
295 5516 511 5591 Haudquaquam
520 5513 755 5574 binatis-Cornelii
763 5507 969 5585 epicaedium

1024 4405 1151 4464 missione
1164 4413 1256 4463 tenere
1277 4405 1425 4479 quiscum,
1442 4406 1464 4462 si
1489 4423 1550 4465 cum
1566 4409 1672 4466 licentia
1697 4409 1820 4473 veniret,

1024 4511 1080 4586 (qui
1093 4527 1164 4569 nnnc
1178 4512 1368 4570 belli-Reditus
1381 4515 1541 4597 appellatur)
1556 4516 1628 4588 quod
1647 4515 1713 4570 falso
1736 4522 1819 4586 puta·

1023 4591 1118 4642 verunt
1132 4585 1259 4641 Picardus
1274 4595 1301 4641 et
1315 4587 1437 4642 Horstrus
1451 4603 1458 4656 3
1471 4587 1518 4641 sed
1535 4587 1691 4643 monasterii
1703 4586 1820 4643 Cuissia·

1023 4656 1120 4719 censis,
1135 4654 1245 4711 Ordinis
1259 4657 1531 4723 Praemonstratensis,
1549 4658 1693 4713 indioecrsi
1704 4657 1817 4715 Lauda

1025 4727 1112 4794 nensi,
1139 4735 1167 4784 ut
1190 4729 1272 4783 habet
1287 4730 1447 4786 bibliotheca
1467 4730 1680 4794 Praemonstrat.,
1704 4740 1730 4783 et
1751 4731 1819 4785 satis

1024 4798 1082 4871 ipse
1106 4799 1259 4856 Bernartius
1275 4802 1387 4864 indicat,
1411 4803 1474 4854 dnm
1496 4799 1586 4854 mirari
1610 4816 1639 4854 se
1663 4798 1817 4871 profitetur,

1024 4886 1073 4927 cur
1085 4869 1260 4927 Guillelmum
1282 4868 1547 4928 Sancti-Theudorici
1571 4871 1707 4934 abbatem,
1726 4878 1821 4943 utpote

1023 4941 1187 5010 viciniorem,
1202 4945 1243 4997 ml
1264 4943 1380 5013 aliquem
1395 4958 1426 4997 ex
1450 4941 1656 4998 Praemonstrato
1679 4941 1728 4998 sibi
1753 4957 1823 5012 pro·

1024 5018 1106 5077 ximo,
1118 5013 1294 5070 consuluerit.
1305 5016 1344 5068 lle
1354 5015 1425 5067 Luca
1438 5026 1468 5068 ac
1479 5012 1512 5067 de
1522 5012 1686 5069 monasterio
1695 5013 1818 5070 Cuissia·

1025 5084 1100 5139 censi
1116 5085 1155 5140 sic
1169 5085 1252 5139 habes
1265 5083 1337 5164 apud
1353 5083 1515 5137 Hermanum
1531 5086 1712 5140 monachum:
1738 5104 1749 5134 ι
1762 5085 1819 5141 Sed

1023 5166 1049 5210 et
1063 5154 1137 5211 aliud
1158 5164 1308 5211 construxit
1323 5172 1337 5203 a
1352 5152 1574 5223 (lirrtholomaeus
1588 5157 1732 5228 episcopus
1746 5156 1821 5213 Lau·

1024 5227 1166 5295 dunensis)
1182 5245 1195 5277 ι
1211 5225 1406 5280 monasterium
1419 5225 1578 5282 clericorum
1593 5228 1620 5281 in
1635 5228 1695 5284 loco
1708 5226 1755 5299 qui
1769 5243 1819 5284 ro—

1022 5304 1098 5352 catur
1113 5296 1276 5361 Gnissiacus,
1289 5295 1470 5370 abbatemque
1483 5297 1521 5351 ibi
1535 5298 1673 5356 ordinavit
1686 5300 1819 5357 domnum

1023 5366 1131 5451 Lucam,
1151 5367 1238 5425 virum
1256 5368 1457 5441 religiosum.»
1481 5370 1520 5425 lta
1543 5370 1601 5437 ille,
1619 5370 1658 5426 De
1681 5371 1820 5428 miraculis

1022 5438 1053 5498 B.
1067 5441 1156 5498 ιιιιιιιι
1174 5437 1372 5513 Landunensis,
1387 5440 1457 5499 libro
1470 5455 1513 5514 tu,
1523 5455 1584 5514 cap.
1605 5443 1647 5496 16.
