3728 5940
167 200 222 264 403
635 205 663 264 S.
682 204 849 268 subharrat
868 207 1004 269 thanais
1021 203 1336 268 catha-vabtuttffls
1763 209 1817 270 tot

168 328 247 401 plane
275 329 344 384 ultra
376 328 522 401 quaerenda
552 339 601 386 cst.
632 330 768 403 Nusquam
795 332 866 388 enim
886 334 963 390 inve·
978 330 1056 411 flvcl
1070 332 1179 387 unitatis
1197 330 1328 386 charitate
1351 330 1528 402 languerunt;
1544 339 1678 389 tantorum
1708 332 1817 390 Petrum

170 419 221 474 uiri
258 417 367 488 poterit,
399 427 541 489 postquam
567 419 600 472 ab
642 419 890 478 omnibus‘morem
919 423 963 477 di·
1018 429 1071 476 tam
1091 420 1251 479 venerandis
1264 420 1394 491 exemplis
1416 420 1443 475 in
1459 436 1542 477 unum
1563 422 1681 487 redeant,
1697 428 1726 476 ct
1739 436 1818 478 more

168 523 274 564 versum
290 505 465 575 sequentihus
481 508 589 562 exclusa
611 507 702 564 luerit.
717 511 822 578 Nonne,
838 512 965 567 charissi·
1017 514 1183 578 sanctornm,
1206 508 1253 579 qui
1275 509 1470 565 convaluerunt
1493 509 1526 565 de
1550 508 1719 576 infirmitate,
1735 509 1819 567 torres

168 596 215 661 mi,
238 603 308 651 totus
332 595 407 650 orbis
432 606 562 651 terrarum
588 596 687 652 Christi
711 599 840 655 Ecclesiis
861 602 915 669 jam
930 602 964 655 ab
1017 598 1079 654 lacti
1094 607 1156 653 suut
1175 599 1200 652 in
1223 599 1303 664 bello,
1320 597 1486 653 aclraritatis
1505 615 1585 669 super
1610 615 1719 656 omnem
1743 616 1818 658 mor-

169 683 281 755 antiquo
295 683 411 740 refertus
422 690 482 740 est‘t
496 686 616 757 Cumque
626 701 733 741 omnem
746 704 813 758 pene
824 706 965 744 numerum
1018 689 1081 743 hum
1095 687 1264 742 formidando
1279 688 1410 761 languore
1427 688 1626 744 convalescant.

167 772 280 828 excedat
299 773 482 843 multiplicitas
506 774 688 829 Ecclesia-rrum
716 777 767 832 sub
787 794 839 831 una
863 777 914 833 side
939 786 966 833 ct
1055 778 1098 834 to.
1119 775 1172 832 Sed
1196 775 1292 831 dicetis
1317 793 1323 832 :
1347 775 1462 831 «Aliter
1485 792 1582 833 usuum
1607 777 1722 834 varietas
1746 777 1819 833 acci·

168 860 264 916 eadem
283 861 411 917 charitate
430 863 487 918 Deo
507 863 703 930 lanmlantium,
724 873 796 919 tan¹a
813 881 879 936 pene
894 866 965 934 apud
1018 865 1118 938 picuda
1141 872 1181 920 est
1202 865 1229 918 in
1254 864 1367 921 diversis
1387 864 1525 932 Ecclesiis,
1543 866 1622 921 aliter
1645 865 1673 921 iu
1695 867 1817 937 ejusdem

167 966 214 1007 cas
234 950 367 1008 invenitur
390 952 506 1007 varietas
531 969 641 1018 usuum,
662 966 762 1025 quanta
784 953 903 1010 infinitas
925 959 967 1011 est
1019 955 1128 1011 Ordinis
1141 955 1215 1012 viris.
1232 952 1260 1009 Si
1282 954 1460 1011 Ecclesiarum
1484 955 1629 1010 multarum
1653 970 1720 1010 usus
1743 956 1819 1012 salva

168 1042 298 1098 locorum.
324 1041 381 1097 lloc
397 1039 423 1094 in
445 1042 578 1108 cautibus,
602 1043 654 1098 hoc
672 1045 698 1098 in
724 1044 895 1109 lectionibus,
916 1046 968 1100 hoc
1019 1044 1071 1100 fide
1089 1054 1114 1100 ct
1128 1044 1256 1099 charitate
1279 1043 1427 1109 variantur,
1443 1042 1541 1098 mirum
1567 1059 1621 1098 nou
1642 1051 1707 1108 cst;
1733 1045 1780 1100 sed
1794 1045 1818 1100 si

169 1130 198 1185 in
230 1129 355 1185 omnibns
384 1129 574 1188 ecclesiasticis
603 1131 710 1203 olhriiS,
733 1133 786 1188 hcc
814 1132 840 1187 in
870 1132 967 1187 vestitu
1020 1131 1819 1204 ejusdcmpropositietprol'cssionishominesnoneum·

168 1221 262 1289 vario;
279 1221 341 1291 hoc,
358 1226 454 1289 praeter
470 1221 626 1276 authentica
641 1236 700 1292 quae
721 1221 819 1276 mutari
835 1237 889 1276 non
904 1237 967 1290 pos-
1021 1223 1080 1277 dem
1096 1220 1294 1277 institutionem
1309 1235 1411 1275 morem
1426 1220 1602 1290 servaverint,
1617 1220 1714 1276 mirum
1730 1227 1781 1276 est.
1804 1242 1815 1271 ι

170 1322 231 1365 sunt
251 1311 365 1378 jejunia,
390 1309 416 1364 in
438 1309 551 1381 jejuniis
565 1310 682 1366 diversis
694 1333 703 1380 ‚·
717 1311 769 1367 hoc
793 1311 819 1366 in
835 1308 968 1368 universis
1020 1311 1114 1376 Estne,
1124 1310 1243 1381 inquam,
1258 1310 1312 1366 hoc
1334 1315 1429 1375 totum,
1445 1308 1517 1379 quod
1541 1323 1590 1365 ros
1603 1309 1767 1375 charissimi,
1784 1311 1818 1365 ab

169 1397 313 1470 similibus,
337 1415 398 1471 quae
423 1415 471 1469 pro
496 1407 659 1469 temporum,
684 1401 815 1464 locorum,
832 1401 965 1471 gentium,
1020 1400 1135 1456 invicem
1149 1398 1262 1456 dividat
1276 1407 1316 1454 est
1338 1401 1390 1454 hcc
1409 1405 1503 1468 toturn,
1519 1399 1590 1470 quod
1609 1397 1768 1454 charitatem
1791 1399 1818 1453 in

169 1487 311 1557 regionum
350 1487 534 1554 varietatibus,
568 1505 583 1542 a
615 1489 736 1559 praelatis
774 1489 964 1554 Ecclesiarum,
1020 1488 1097 1547 vebis
1111 1486 1254 1543 lmditlcst
1268 1487 1320 1542 hoc
1335 1496 1430 1551 toturn,
1446 1485 1519 1558 quod
1535 1485 1603 1540 lilios
1618 1485 1692 1555 pacis
1706 1487 1776 1541 inter
1789 1501 1819 1540 se

170 1574 277 1646 quibus,
291 1575 441 1631 secundum
452 1575 624 1647 Apostolum,
639 1586 769 1648 quantum
784 1579 817 1632 ad
833 1568 893 1632 talia
908 1593 967 1647 per·
1022 1577 1147 1649 pacilicos
1170 1592 1230 1632 csse
1253 1593 1307 1633 non
1328 1576 1419 1631 siniti
1433 1575 1462 1632 Si
1484 1575 1567 1630 laicus
1589 1576 1671 1631 horno
1695 1591 1757 1630 cnm
1779 1575 1820 1631 bis

171 1663 247 1730 tinet,
269 1662 297 1717 iu
321 1678 370 1719 suo
391 1680 472 1720 sensu
492 1666 554 1720 licet
577 1666 715 1721 abundare
730 1667 821 1738 (hcm.
845 1683 903 1733 arv,
922 1670 964 1738 5),
989 1643 1067 1740 Equi
1088 1667 1201 1721 oderant
1222 1681 1317 1737 pacem
1341 1665 1467 1736 pacificus
1491 1673 1548 1721 erat
1569 1667 1656 1736 (Prcl.
1679 1681 1763 1735 cxix,
1779 1668 1817 1736 ¹1),

171 1753 823 1827 institutasnnt.Relinquentergoomncsistrn
841 1756 968 1812 Ecclesiae
1023 1756 1169 1812 monachus
1195 1756 1278 1812 horno
1311 1771 1374 1811 cum
1409 1755 1540 1811 monacho
1568 1756 1676 1811 bomine
1700 1755 1819 1810 nefando

171 1842 338 1908 charitatem,
354 1842 418 1914 quia
431 1853 604 1901 mutaverunt
618 1845 855 1902 consuetudinem!
873 1862 967 1902 cessa·
1025 1845 1113 1901 duello
1134 1845 1265 1901 certabit?
1286 1845 1369 1901 Ftlius
1394 1845 1462 1900 lucis
1483 1843 1552 1902 filins
1575 1849 1764 1909 tenebrarum,
1789 1861 1822 1903 ne

171 1931 239 1986 hunt
253 1946 313 1986 csse
327 1931 482 2003 Christiani,
494 1935 555 2004 quia
565 1934 689 1991 videntur
702 1935 729 1989 in
744 1935 858 1991 diversis
874 1937 968 1991 usibus
1024 1937 1096 2006 pacis
1108 1936 1209 1990 honum
1219 1935 1351 2003 turbetur,
1363 1935 1449 2005 diligit
1460 1950 1466 1989 :
1479 1933 1549 1989 iilius
1563 1934 1630 1990 lucis
1644 1933 1730 1989 filium
1739 1935 1819 2003 lucis,

172 2018 237 2077 varii
249 2020 254 2060 ¹
268 2018 365 2089 peribit
375 2023 408 2077 ab
422 2021 465 2077 bis
476 2022 602 2078 omuibus
613 2038 750 2078 summurn
764 2023 839 2095 pacis
853 2024 967 2092 honum,
1021 2026 1092 2096 quod
1106 2025 1140 2078 ad
1156 2023 1334 2095 propositum,
1350 2039 1403 2079 non
1418 2023 1452 2079 ad
1467 2023 1629 2079 monachum
1648 2023 1749 2090 relero,
1764 2024 1819 2079 im·

172 2109 235 2180 quia
247 2110 431 2182 uuusquisque
449 2111 530 2167 modo
547 2113 619 2169 ruric
634 2125 762 2185 operatur
777 2113 892 2168 bonum!
908 2113 968 2169 Non
1022 2112 1208 2186 pugnabitlSi
1222 2112 1280 2169 hac
1294 2120 1365 2169 certe
1379 2121 1435 2168 tota
1446 2121 1487 2166 est
1502 2112 1650 2168 animorum
1666 2120 1820 2170 vestrorum

173 2199 211 2254 ita
226 2199 312 2255 sensit
328 2199 384 2254 vita
407 2210 433 2255 et
448 2202 528 2257 verbo
545 2201 640 2257 doctor
655 2203 782 2258 Ecclesiae
797 2203 967 2271 Ambrosius,
1022 2201 1183 2274 indignatio,
1199 2200 1222 2255 si
1235 2202 1293 2257 haec
1316 2211 1370 2257 tota
1384 2201 1519 2257 charitatis
1543 2201 1628 2270 laesio,
1645 2200 1722 2257 facile
1737 2216 1818 2256 cura-

173 2288 221 2359 qui
234 2289 268 2343 dc
285 2289 389 2358 jejunio
414 2291 518 2345 sabbati
535 2291 656 2362 loquenr,
674 2293 746 2364 quod
761 2293 853 2348 Romae
868 2294 968 2349 servari
1021 2293 1104 2361 bitur,
1120 2291 1169 2346 sed
1185 2290 1208 2344 si
1231 2289 1348 2344 abluerit
1368 2289 1524 2344 obstinatio.
1540 2289 1677 2346 Attendite
1696 2304 1763 2362 ergo
1784 2304 1819 2345 nc

173 2377 285 2445 viderat,
307 2386 332 2433 et
355 2379 499 2434 Mediolani
521 2380 679 2453 espiscopus
701 2382 785 2437 lactus
800 2382 899 2438 servari
914 2398 968 2438 non
1023 2382 1109 2437 lucem
1135 2395 1259 2436 sensnum
1278 2386 1429 2435 vestrorum
1450 2379 1567 2449 proprias
1591 2378 1729 2434 sententiae
1743 2394 1819 2436 amor

174 2466 324 2535 invenerat,
346 2466 406 2522 ait:
438 2468 574 2539 ‹Quando
598 2469 690 2525 Romae
714 2486 784 2539 sum,
805 2472 968 2540 jejuniuma
1024 2469 1178 2536 obnubilet,
1206 2466 1269 2540 quia
1297 2465 1429 2521 unitatem
1461 2466 1567 2538 assequi
1598 2482 1651 2523 non
1678 2477 1819 2534 meretur,

176 2559 297 2613 Romana
320 2557 441 2612 Ecclesia
466 2567 599 2614 servatum
624 2560 742 2615 custodio
764 2560 893 2632 :quando
913 2562 969 2616 lle·
1024 2557 1147 2631 quisquis
1170 2572 1223 2613 non
1245 2556 1345 2627 ipsam,
1366 2555 1414 2610 sed
1442 2556 1516 2627 quod
1542 2555 1600 2611 vult
1620 2555 1687 2627 ipse,
1721 2565 1819 2612 tuetur.

176 2645 287 2711 dictari,
319 2660 423 2700 morem
462 2647 583 2714 ejusdem
612 2647 740 2703 Ecclesiae
769 2663 887 2716 sequeus
915 2664 969 2705 nou
1025 2648 1102 2704 Unde
1116 2662 1182 2720 rogo
1197 2654 1235 2714 ut,
1247 2647 1349 2716 absque
1362 2645 1451 2701 studio
1467 2645 1579 2716 partium
1590 2653 1616 2699 ct
1632 2644 1747 2715 propria
1760 2661 1821 2701 seu·

174 2735 268 2803 jejuno
283 2733 361 2804 (duc.
377 2736 459 2805 epist.
480 2736 536 2805 bt).
556 2755 567 2783 a
585 2736 652 2791 llinc
667 2744 693 2790 et
716 2746 790 2805 pater
805 2739 970 2809 Augustinus
1025 2738 1116 2794 tentiae
1139 2736 1324 2801 defensandae,
1341 2745 1428 2791 utrum
1452 2735 1511 2790 hac
1528 2737 1601 2804 justa
1616 2733 1720 2790 discidii
1738 2749 1820 2790 causa

177 2821 257 2875 bonae
286 2821 378 2875 matris
407 2838 464 2876 suar
493 2822 662 2878 devotionem
687 2825 858 2894 describens,
882 2835 972 2882 narrat
1027 2827 1061 2882 sit
1074 2826 1241 2894 discutiatis;
1259 2833 1295 2892 et,
1310 2840 1369 2881 cum
1394 2823 1522 2894 iniustam
1544 2840 1603 2879 esse
1626 2822 1820 2895 cognoveritis,

177 2925 236 2965 earn
257 2909 332 2978 iuxta
357 2924 458 2964 morem
484 2927 563 2982 quern
583 2913 651 2982 apud
677 2912 817 2968 Africanas
841 2913 972 2971 Eccleslas
1028 2915 1158 2971 discissos
1173 2914 1280 2970 animos
1298 2913 1410 2969 uniatis.
1424 2914 1494 2967 Nam
1517 2928 1578 2968 cccc
1593 2912 1644 2966 sub
1658 2914 1753 2967 eadem
1767 2912 1820 2966 lle-

177 2999 262 3054 teneri
282 2997 396 3067 viderat,
421 2999 570 3056 oblationes
592 3018 655 3057 suas
678 3012 772 3058 contra
796 3004 972 3061 Ecclesiarum
992 2960 1091 3076 egula
1118 3012 1231 3074 uterque
1254 2995 1371 3059 vestrum
1394 3002 1500 3067 militat,
1523 3016 1576 3071 qua
1594 3000 1703 3071 speciali
1728 2999 1822 3054 militia

178 3088 253 3143 ltalia
268 3088 465 3145 observantiam
489 3090 634 3146 lllediolaui
659 3091 777 3149 voluisse
800 3094 908 3161 ollerrc,
924 3096 973 3152 sed
1029 3093 1145 3148 salutern
1159 3100 1285 3148 aeternam
1300 3107 1330 3147 se
1344 3091 1458 3162 quisque
1471 3096 1587 3146 vestrum
1604 3104 1682 3160 posse
1692 3087 1824 3158 consequi

179 3178 214 3232 ab
232 3176 376 3234 Ambrosio
392 3178 552 3250 prohibitam
578 3179 661 3238 luisse
677 3181 910 3254 (Corrsesaionttna
925 3185 972 3241 lib.
1027 3192 1129 3254 sperat.
1150 3182 1230 3250 Quod
1246 3182 1269 3236 si
1292 3189 1387 3236 neuter
1400 3187 1520 3237 vestrum
1535 3194 1583 3248 spe
1598 3194 1647 3232 sua
1668 3177 1822 3244 frustratur,

180 3267 344 3337 v1‚cap.2).
1028 3268 1120 3324 nescio
1150 3267 1210 3338 quis
1237 3267 1313 3322 locus
1340 3265 1493 3332 discordiae,
1522 3263 1583 3333 quis
1609 3263 1736 3329 discidio,
1764 3263 1826 3336 quis

216 3357 241 3408 9.
259 3355 312 3410 Sed
325 3354 389 3425 quid
404 3354 431 3408 in
447 3355 504 3410 istis
521 3355 628 3411 laborol
646 3356 755 3412 Frustra
771 3375 826 3413 rem
838 3366 974 3431 patentem
1029 3357 1195 3415 oblocutioni
1209 3370 1349 3427 superesse
1361 3355 1417 3423 jam
1432 3351 1525 3423 possit.
1719 3421 1727 3428 ί

180 3442 373 3513 multiplicibus
401 3444 561 3500 testimoniis
583 3446 623 3500 vel
652 3447 782 3519 exemplis
806 3448 973 3521 cingeremj:
1066 3450 1109 3501 ll.
1128 3443 1324 3500 Dixistis'enim
1343 3443 1441 3497 mirum
1461 3454 1521 3497 esse
1545 3438 1567 3493 si
1585 3438 1703 3507 ejusdcm
1724 3453 1827 3510 prope·

182 3532 297 3588 maxime
322 3548 383 3588 curn
411 3549 460 3589 nce
486 3534 558 3605 apud
585 3536 709 3606 antiquos
735 3536 820 3606 ipsius
843 3539 978 3609 paschalis
1030 3531 1073 3590 siti
1087 3541 1114 3588 et
1128 3530 1305 3604 professionis
1319 3530 1443 3585 homines
1461 3544 1513 3583 non
1535 3526 1659 3583 eumdem
1674 3524 1825 3581 institutio-

181 3621 311 3694 temporis
330 3622 510 3691 dissonantia,
540 3641 588 3679 nec
618 3628 688 3695 apud
716 3626 864 3682 modernos
892 3627 978 3699 ipsius
1030 3620 1399 3677 numservaveriulmorem.
1420 3617 1550 3687 hdquod
1569 3615 1683 3687 egessi
1702 3614 1825 3684 ejusdem

182 3711 306 3767 sacrificii
335 3712 469 3768 christiani
495 3714 564 3769 inter
592 3716 703 3770 Graece
731 3724 757 3769 ct
785 3715 893 3772 Latinos
916 3726 979 3774 nota
1032 3710 1163 3783 propositi
1192 3716 1219 3765 et
1251 3706 1426 3780 professionis
1456 3706 1580 3762 homines
1611 3719 1665 3759 noo
1698 3703 1825 3758 eumdem

180 3800 305 3867 varietas,
331 3801 490 3857 charitatem
517 3803 626 3866 laedere.
658 3802 698 3859 vel
727 3803 842 3859 schisma
871 3805 978 3877 aliquod
1030 3792 1228 3857 institutionum
1244 3814 1345 3854 morem
1361 3797 1575 3861 servaverinbssl
1590 3804 1679 3852 lamen
1694 3794 1825 3849 Observa·

183 3890 292 3944 unitatis
306 3888 419 3962 gignere
446 3892 575 3964 potuerit.
600 3893 694 3947 Testes
719 3901 781 3948 sunt
801 3895 979 3965 praecedentts
1032 3892 1150 3948 tionibus
1172 3889 1286 3947 diversis
1309 3888 1342 3944 ad
1365 3887 1484 3944 eamdem
1506 3886 1669 3942 salutemet
1696 3890 1827 3938 aeternam

182 3979 223 4033 rei
250 3978 343 4033 Patres
366 3979 451 4034 saneti
475 3989 500 4035 et
522 3996 624 4047 corum,
647 3976 734 4037 2!ss
761 3997 829 4054 quos
850 3983 978 4039 Ecclesiae
1032 3979 1115 4037 vitam
1138 3979 1318 4050 pervenerint,
1341 3976 1406 4048 quid
1431 3972 1526 4031 reiertl
1544 3973 1614 4041 Quid
1633 3972 1712 4045 plane
1733 3969 1826 4038 relert,

183 4067 365 4140 reliquerunt,
395 4069 537 4139 approbati
570 4069 641 4138 libri,
677 4070 748 4142 quod
777 4071 829 4125 alio
858 4079 979 4143 tempore
1034 4069 1098 4142 quid
1122 4068 1207 4132 obest,
1223 4066 1245 4121 si
1260 4066 1335 4123 vario
1360 4064 1464 4120 tramite
1479 4063 1512 4118 ad
1535 4063 1656 4117 camdem
1677 4058 1826 4133 regionem,

183 4156 290 4223 Oriens,
313 4157 365 4212 alic
388 4156 531 4224 Occidens,
546 4159 599 4214 alio
619 4159 647 4213 in
670 4160 764 4213 eadem
778 4159 920 4216 Britanniae
934 4161 979 4216 in·
1035 4157 1057 4212 si
1075 4155 1216 4226 multiplici
1233 4154 1277 4211 via
1290 4153 1323 4209 ad
1345 4153 1469 4209 camdem
1483 4152 1573 4215 vitam,
1589 4152 1610 4204 si
1625 4148 1767 4218 multiplici
1782 4146 1827 4202 iti·

184 4246 243 4300 sula
255 4244 350 4316 hogli,
366 4243 419 4300 alio
435 4245 507 4301 scoti
521 4245 669 4310 christiani,
685 4245 786 4303 scilicet
802 4248 978 4319 antiquiores,
1036 4264 1101 4303 nere
1124 4245 1158 4301 ad
1180 4244 1310 4311 eamdem,
1330 4257 1391 4314 quae
1412 4257 1520 4297 sursum
1542 4251 1582 4296 est
1595 4239 1745 4294 Jerusalem
1765 4252 1829 4308 per-

184 4333 287 4390 Pascha
310 4333 417 4389 llomini
441 4333 624 4390 celebrabant.
648 4336 742 4391 Testes
766 4353 861 4392 sumus
886 4345 912 4393 et
931 4354 980 4394 uos
1000 4284 1151 4399 ⁰venitur,
1166 4349 1227 4406 qnae
1249 4340 1288 4388 est
1303 4340 1386 4387 mater
1409 4331 1521 4386 nestra?
1536 4329 1564 4384 Si
1583 4326 1654 4384 enirn
1670 4337 1708 4391 tu,
1732 4326 1829 4382 cClu·

186 4421 314 4493 temporis
337 4424 433 4489 nostri,
448 4423 495 4494 qui
513 4424 664 4480 Romanam
680 4425 838 4491 Ecclesiam,
856 4434 980 4482 ettotam
1035 4425 1178 4490 niacensis,
1203 4421 1412 4486 Cistercicnsem‚
1429 4429 1474 4474 aut
1498 4429 1536 4486 tu,
1553 4414 1750 4480 cisterciensis,
1767 4416 1830 4471 Clu·

185 4511 293 4567 latinam
319 4510 451 4585 Linguam
474 4512 571 4567 cllerre
600 4512 657 4567 Deo
676 4513 793 4570 salutare
821 4514 980 4571 sacrificium
1036 4511 1227 4567 niaeensemin
1239 4506 1526 4580 assumptopropositn
1535 4522 1624 4563 errare
1638 4518 1831 4576 cognosceres,

186 4599 271 4673 azymi
291 4601 352 4671 pani
369 4601 509 4671 videmns3
531 4617 592 4658 curn
612 4617 701 4675 graeca
715 4602 836 4658 Ecclesia
852 4613 878 4660 ct
897 4605 982 4660 maxi·
1036 4608 1061 4656 et
1077 4599 1153 4669 juxta
1175 4599 1352 4669 Scripturam,
1368 4597 1499 4668 perviam
1518 4611 1579 4669 quae
1598 4594 1701 4648 ridetur
1714 4590 1834 4646 homini·

186 4708 230 4748 ma
245 4691 362 4747 Orientis
375 4708 447 4762 pars,
465 4708 496 4746 ac
512 4692 632 4748 barbara
646 4693 695 4747 sed
714 4693 873 4749 Christianae
886 4704 983 4764 geistes
1036 4689 1086 4745 bus
1104 4696 1185 4758 recta,
1202 4688 1236 4742 ad
1260 4686 1397 4769 interitum
1421 4686 1531 4742 tendere
1554 4682 1730 4756 praeviderem
1745 4680 1831 4749 justa,

186 4779 562 4836 sacrificaredelermentato
579 4781 860 4838 dicantur.Cumhoc
886 4781 922 4837 ita
936 4782 981 4853 sit,
1037 4779 1132 4844 fateor,
1153 4778 1203 4833 tibi
1226 4789 1297 4832 esset
1325 4793 1404 4833 causa
1425 4777 1533 4831 lratrem
1562 4771 1726 4847 corrigendi,
1752 4784 1833 4826 revo-

187 4886 238 4926 nec
256 4868 361 4939 antiqui
387 4884 437 4926 nec
466 4869 588 4924 moderni
614 4878 723 4941 propter
742 4879 796 4926 tam
819 4870 939 4928 celebres
958 4879 984 4928 ct
1037 4867 1126 4937 candi,
1149 4876 1206 4933 aut,
1222 4867 1245 4921 ri
1263 4866 1357 4922 audire
1379 4875 1405 4921 te
1420 4865 1513 4933 nollet,
1529 4859 1690 4934 objurgandi
1705 4868 1731 4915 et
1753 4859 1832 4915 dete-

189 4959 306 5014 lamosas
324 4974 421 5013 usuum
442 4957 622 5025 dissonantias
645 4974 661 5013 a
680 4959 809 5015 charitate
829 4967 921 5015 mutua
935 4961 985 5016 de·
1038 4959 1135 5014 standi.
1152 4959 1226 5013 Tune
1240 4964 1313 5013 certe
1328 4957 1351 5011 si
1366 4956 1565 5026 obloquereris,
1581 4954 1603 5008 si
1620 4949 1831 5017 contradiceres,

189 5046 325 5103 sciverunt
354 5064 360 5101 :
386 5047 448 5119 quia
476 5047 542 5101 nihil
567 5047 641 5119 quod
664 5048 745 5102 tidem
764 5049 805 5105 vel
827 5048 984 5105 charitatem
1038 5049 1060 5105 si
1076 5059 1102 5106 et
1116 5048 1213 5114 odires,
1229 5056 1254 5101 te
1275 5048 1349 5116 juste
1366 5043 1498 5115 judicare,
1515 5052 1540 5099 ιε
1560 5051 1633 5099 recte
1650 5055 1730 5124 agere
1745 5037 1834 5095 conli-

190 5137 308 5203 laederet,
329 5135 797 5195 inlisomnibnstnrenerunr.ad
818 5138 983 5208 quidistudl
1038 5146 1118 5206 terer,
1147 5136 1260 5193 maxime
1288 5151 1347 5190 cnm
1377 5136 1411 5190 de
1443 5132 1541 5189 talibus
1568 5131 1676 5186 audiam
1704 5141 1835 5199 magnum

190 5229 236 5292 Ut,
261 5224 283 5280 si
307 5233 417 5297 propter
433 5225 522 5283 varios
548 5242 612 5280 usus
635 5226 728 5291 vestri,
753 5225 887 5296 olrutres,
904 5227 984 5283 animi
1039 5227 1183 5299 pophetam
1202 5227 1260 5283 Deo
1278 5224 1414 5281 dicentem
1444 5224 1564 5280 :Nouae
1578 5221 1627 5294 qui
1651 5218 1771 5276 oderunt
1797 5221 1835 5283 tc,

190 5315 284 5372 variati
307 5315 407 5370 suntsi
426 5327 537 5387 propter
556 5315 739 5372 diversitatem
762 5317 986 5373 consuetudinum
1040 5315 1633 5387 horariae,0deranr,etsuperirrirnicostuos
1645 5303 1837 5364 tabescebam?

193 5399 363 5460 diversificati
377 5413 455 5472 sunt;
478 5404 501 5460 si
525 5412 636 5477 propter
649 5404 731 5460 aliurn
748 5413 775 5462 et
788 5405 870 5460 alium
885 5419 985 5462 rnorem
1040 5402 1595 5477 Perfectcodiooderumillos,eta'rrintict'
1603 5399 1675 5469 facti
1685 5400 1755 5452 rant
1765 5393 1838 5450 mibi

191 5492 226 5550 ab
240 5491 417 5553 Ecclesiarunr
431 5495 628 5554 institutoribus
640 5494 719 5552 vohis
732 5495 867 5567 traditum,
879 5512 894 5551 a
911 5495 987 5567 pacis
1041 5497 1129 5566 (Prat.
1145 5510 1283 5561 cxxxvnr,
1299 5496 1344 5558 tt,
1360 5492 1415 5563 22).
1437 5489 1594 5546 Gratularer
1607 5486 1720 5557 insuper
1742 5493 1767 5540 te
1780 5497 1839 5540 non
