3728 5940
103 202 156 281 803
597 194 627 257 S.
646 191 813 256 ussuutltut
831 188 968 253 temris
998 189 1320 254 sctum-vtttuusts
1699 187 1754 252 aut

101 327 262 385 calcitranti.
277 325 312 382 Et
324 335 366 381 est
381 320 501 393 turpium
516 335 595 392 poena
606 320 693 377 Deus:
705 316 752 373 lux
766 326 808 374 ast
820 316 902 374 euim.
916 328 941 408 Α
958 326 1043 373 morta
1066 316 1207 386 sensibus,
1234 333 1282 390 per
1301 331 1372 391 quos
1393 315 1491 388 ntique
1509 315 1645 375 curiosius
1668 317 1756 383 exire,

101 416 136 472 m
150 414 215 486 quid
231 421 283 469 tam
306 409 421 466 invisum
444 407 570 464 obscenis
594 404 786 479 flagitiosisque
805 403 903 459 menti·
956 412 1014 460 eta
1037 421 1067 460 sc
1081 405 1119 462 ire
1142 406 1245 462 solebat
1265 405 1292 459 in
1315 421 1389 471 eam,
1414 421 1475 475 quae
1503 405 1634 476 preterit,
1660 407 1757 461 mundi

99 504 170 561 bus?
197 498 319 557 Profecto
348 496 437 553 omnis
465 495 510 569 qui
533 494 607 552 male
633 494 700 567 agit,
730 493 786 549 odit
813 493 901 547 lucem
957 495 1035 550 istius
1051 493 1290 567 figuramlllides
1306 493 1430 566 turpibus
1445 493 1511 548 nibil
1527 495 1622 550 deesse
1641 498 1676 551 ad
1693 510 1758 551 con·

98 594 192 666 (loom.
221 605 261 653 ιιι,
278 586 336 659 ab).
361 585 416 642 Sed
436 585 521 640 dico:
542 584 664 655 nunquid
692 599 747 642 nou
779 587 903 654 poterunt
957 582 1101 652 lusionem,
1117 599 1178 638 cum
1195 582 1377 653 producentur
1400 582 1582 654 spectaculum
1611 581 1671 638 fieri
1687 586 1754 649 ileo,

99 678 254 736 declinare?
276 675 384 731 Minime
408 675 529 731 omnino.
545 673 629 730 Lucet
656 669 830 745 ubique,etsi
850 684 902 724 nou
958 670 1079 743 bugella,
1100 671 1266 736 bominibus,
1284 670 1337 726 sibi
1355 670 1421 742 ipsis
1435 671 1449 726 ‘i
1465 669 1488 726 Ο
1503 688 1582 743 quam
1598 672 1667 728 male
1692 673 1755 727 mali

102 766 240 824 omnibus.
257 764 380 834 Denique
395 765 423 820 in
442 763 562 821 tenebris
576 763 659 832 lucet,
673 769 700 819 et
714 760 831 818 tenebrae
842 775 903 813 eam
956 774 1052 817 omnes
1074 758 1153 818 locati
1182 764 1255 826 suut,
1285 762 1376 832 utique
1400 761 1520 833 oppositi
1548 763 1662 818 torrenti
1691 763 1756 818 bnic

103 870 159 911 uon
183 854 418 926 comprehendunt
431 852 480 926 lld.
497 868 518 919 r,
539 852 577 924 5).
593 851 673 909 Videt
694 852 819 906 tenebras
834 849 901 913 brix,
956 848 1065 904 directae
1080 848 1225 921 aequitatis,
1242 857 1268 904 ct
1283 849 1346 905 buic
1372 849 1467 904 lumini
1481 851 1630 921 propalatae
1652 852 1756 907 verita-

104 943 149 1000 cui
164 943 279 1000 bos'est
300 940 403 1008 videre,
422 941 498 1013 quod
517 942 631 997 lucere:
655 939 701 994 aed
717 953 770 994 nou
785 936 903 992 vicissim
955 937 989 995 tis
1003 937 1116 1011 expositi
1132 936 1186 1010 [al.
1209 936 1348 1011 oppositi].
1374 939 1472 996 Nonne
1488 938 1540 994 boc
1553 948 1594 994 est
1617 949 1755 1012 perpetuo

105 1047 122 1088 s
140 1030 257 1088 tenebris
272 1031 333 1103 ipsa
346 1029 463 1096 videtur,
478 1029 542 1101 qula
561 1028 746 1086 tenebraeeam
759 1042 813 1083 non
826 1041 902 1083 oom-
957 1026 1033 1084 tundi
1047 1037 1233 1100 perpetuoque
1251 1027 1380 1084 confundi
1394 1028 1410 1084 f
1435 1028 1545 1101 Duplici
1571 1030 1755 1113 contritione,

105 1117 535 1193 prebenduntl'lll.litvidantur
551 1124 669 1191 ergo,ut
685 1114 900 1173 confundantur:
955 1114 992 1171 ιιι
1007 1115 1064 1180 ille,
1080 1118 1193 1171 contere
1208 1131 1264 1182 ιιι,
1289 1117 1406 1173 Domina
1424 1119 1497 1174 Deos
1522 1121 1620 1174 noster
1638 1117 1755 1188 (ierem

105 1221 132 1267 et
151 1208 321 1276 nonvldent,
348 1225 383 1266 ne
397 1207 577 1265 consolentur.
593 1207 649 1263 Neo
675 1205 786 1260 modoa
812 1204 872 1259 luce
894 1222 900 1261 τ
956 1220 1029 1261 xvu.
1050 1204 1105 1274 ts).

104 1308 131 1356 et
153 1299 181 1355 in
200 1299 262 1355 lnce
281 1298 417 1356 videntur.
438 1298 462 1353 Α
480 1311 544 1372 quo,
569 1297 612 1352 vel
626 1292 745 1368 quibust
762 1292 805 1350 Ab
830 1292 903 1350 omni

103 1388 220 1458 vidente,
248 1396 278 1443 ut
299 1402 349 1460 pro
363 1386 535 1444 multitudine
549 1384 709 1441 intuentium
733 1381 766 1437 sit
780 1381 903 1440 confusio
1256 1364 1369 1422 CAPUT
1384 1364 1454 1423 Xffl·

104 1478 198 1534 multa.
219 1479 251 1533 m
265 1476 355 1533 nullus
369 1475 404 1532 de
427 1482 499 1531 tanta
514 1471 707 1530 numerositate
722 1471 903 1542 spectantium
954 1505 993 1564 De
1012 1506 1199 1578 mmm,
1223 1508 1387 1574 mumma,
1396 1508 1606 1582 profunditate,
1626 1515 1656 1565 θ)
1665 1509 1757 1564 mm„

104 1565 244 1624 molestior
271 1565 368 1621 oculus
390 1578 441 1619 suo
456 1562 597 1634 cujusque.
626 1562 686 1617 Non
708 1566 899 1633 estaspectus,
1008 1597 1112 1654 mum
1132 1596 1181 1652 M
1234 1596 1437 1668 omnm
1455 1602 1541 1654 anm
1552 1597 1698 1654 dmm&

103 1655 161 1711 sive
176 1654 202 1709 in
217 1653 298 1719 eoelo,
326 1651 382 1710 sive
403 1651 429 1706 in
460 1659 541 1718 terra,
562 1666 642 1720 quem
667 1649 810 1704 tenebrosa
837 1611 944 1703 con·B
1197 1613 1234 1669 pr
1436 1614 1453 1669 9

105 1741 217 1800 scientia
243 1741 382 1814 collugere
411 1739 499 1815 magis
523 1739 598 1804 velit,
621 1738 711 1793 minus
728 1737 824 1808 possit.
839 1737 901 1793 Non
994 1740 1038 1793 m.
1055 1735 1176 1804 Quidest
1200 1737 1298 1794 Densi
1312 1737 1465 1811 longitudo
1482 1738 1604 1805 latitudo,
1626 1738 1753 1796 sublimi-

105 1833 190 1889 lat··ut
217 1833 334 1888 tenebrae
357 1832 398 1886 vel
414 1846 444 1885 se
457 1829 540 1900 ipsas.
568 1825 654 1885 456
667 1827 702 1883 Se
729 1826 823 1882 vidant
845 1841 905 1899 quae
958 1831 1009 1890 ιιι,
1024 1833 1050 1880 ιι
1073 1823 1247 1895 profundum.
1273 1825 1354 1895 Quid,
1369 1825 1484 1898 inquis‘l
1503 1835 1623 1884 tenemus
1644 1834 1672 1882 te
1688 1843 1755 1898 qna·

107 1920 177 1976 allud
193 1918 359 1976 nonvident.
376 1917 467 1989 Opera
483 1918 655 1972 tenebrarum
668 1924 819 1987 sequuntur
832 1914 903 1981 illas,
958 1911 1101 1979 temitalis,
1121 1928 1201 1984 quam
1226 1912 1398 1971 abominatus
1421 1930 1461 1982 es,
1486 1914 1679 1986 professorem.
1707 1914 1756 1969 Ιι-

108 2022 158 2064 ιιι
173 2015 216 2063 est
236 2020 291 2076 qno
314 2005 526 2062 seabscoudant
550 2003 662 2070 abillis,
677 2021 712 2061 ne
739 2004 905 2060 intenebris
958 2001 1041 2056 nime.
1061 2000 1241 2057 abominatus
1280 2017 1340 2059 sum
1363 2010 1389 2058 et
1411 2002 1561 2059 abominor.
1591 2003 1673 2059 Visus
1697 2018 1757 2057 snm

107 2097 228 2170 quidem.
249 2094 298 2151 ilic
311 2104 353 2151 est
367 2093 467 2152 vermis
488 2093 532 2167 qui
557 2109 611 2148 non
632 2093 758 2160 moritur,
774 2092 906 2151 memoria
959 2089 1103 2163 protulisse
1120 2089 1208 2162 plura,
1224 2091 1273 2146 sed
1288 2108 1371 2147 unum
1385 2098 1436 2148 est.
1453 2092 1529 2149 Unus
1541 2092 1616 2147 Deua
1636 2092 1758 2162 signatus

108 2181 320 2256 preteritorum.
342 2181 435 2239 Semel
458 2180 585 2253 injectus,
614 2183 658 2236 vel
682 2181 774 2251 potius
799 2181 906 2238 innatus
956 2187 997 2235 est
1011 2194 1061 2250 pro
1076 2186 1154 2250 captu
1168 2189 1270 2246 nostro,
1287 2195 1341 2236 non
1354 2197 1402 2252 pro
1423 2195 1474 2237 suo
1487 2189 1567 2237 statu.
1591 2179 1700 2237 [liviana
1717 2191 1758 2235 est

108 2289 156 2345 per
176 2281 332 2344 peccatum,
354 2271 436 2328 baesit
453 2269 576 2338 firmiter,
596 2285 763 2344 nequaquam
777 2270 908 2344 deinceps
959 2269 1013 2336 bic,
1034 2283 1087 2324 non
1111 2269 1166 2324 ille.
1194 2268 1281 2325 lloces
1294 2270 1418 2339 diversae,
1444 2268 1549 2327 semitae
1577 2270 1670 2326 multae
1685 2287 1691 2325 z
1708 2270 1755 2323 sed

108 2359 275 2418 avellendus.
290 2361 348 2418 Nec
370 2368 458 2416 cessat
486 2358 584 2415 rodere
599 2359 804 2426 conscientiam,
820 2374 907 2431 eaque
960 2372 1045 2412 unum
1069 2372 1118 2430 par
1143 2374 1189 2414 ιιι
1213 2357 1398 2433 significatur,
1428 2374 1497 2413 uuus
1523 2359 1663 2429 quaeritur.
1692 2358 1756 2414 Non

108 2458 213 2524 pastus,
238 2465 301 2507 esca
317 2448 411 2521 utique
433 2446 676 2518 inconsumptibili,
698 2455 843 2521 perpetuat
864 2449 907 2506 vi·
960 2444 1108 2503 divisiones
1121 2447 1278 2503 substantiae
1297 2447 1323 2503 iu
1350 2449 1520 2520 quaternario
1538 2445 1591 2503 isto
1614 2462 1756 2514 expressae

108 2547 172 2597 tam.
193 2533 296 2595 llorreo
323 2553 442 2598 vermem
470 2537 634 2605 mordacem,
655 2546 682 2592 et
702 2546 816 2596 mortem
835 2539 908 2596 viva·
962 2543 1041 2605 sunt;
1057 2552 1111 2593 non
1125 2536 1320 2606 dimensiones,
1338 2534 1430 2610 quales
1445 2536 1472 2591 in
1490 2537 1649 2606 corporibus
1661 2535 1753 2590 intue-

107 2642 177 2684 cem.
195 2627 299 2685 llorreo
328 2626 449 2684 incidere
468 2627 497 2680 in
525 2642 624 2684 manus
637 2629 731 2684 mortis
744 2628 869 2696 virentis,
883 2639 909 2686 et
959 2640 1034 2691 mur,
1050 2639 1103 2682 non
1117 2624 1252 2682 distinctio
1267 2625 1425 2697 personalis,
1439 2623 1546 2696 qualem
1574 2625 1601 2678 in
1622 2622 1757 2679 Trinitate

107 2715 170 2772 ritae
183 2714 332 2773 morientis.
960 2715 1129 2782 adoramus;
1159 2731 1214 2773 non
1250 2729 1378 2773 numerus
1413 2713 1624 2786 proprietatum,
1648 2714 1756 2784 qualem

146 2807 193 2860 29.
211 2803 275 2859 llteo
289 2801 412 2860 secunda
424 2817 508 2871 mors,
523 2818 585 2875 quae
599 2819 735 2876 nunquam
750 2804 908 2875 peroccidit,
964 2806 1086 2877 personis
1100 2803 1167 2878 ipsis
1187 2804 1275 2861 inesse
1295 2804 1422 2869 fatemur,
1433 2803 1483 2859 etsi
1508 2818 1561 2858 non
1575 2801 1676 2858 aliuda
1692 2818 1756 2871 per·

116 2895 165 2949 sed
190 2907 300 2964 semper
326 2890 433 2949 occidit.
462 2889 527 2960 Quis
555 2890 601 2947 det
616 2889 669 2947 illis
682 2893 762 2948 semel
777 2893 855 2960 mori,
880 2903 911 2951 ut
963 2897 1047 2952 souis.
1073 2893 1202 2966 Alioquin
1219 2896 1269 2951 boe
1288 2893 1424 2967 singulum
1442 2893 1537 2948 borum
1561 2891 1587 2948 iu
1603 2892 1669 2962 Deo,
1684 2890 1757 2963 quod

115 2996 170 3039 non
183 2981 332 3037 moriantur
354 2980 380 3035 in
406 2980 559 3037 ιιιιιιιιιιιι
573 2977 625 3048 Qui
645 2979 739 3038 dleunt
754 2935 946 3050 montibus,e
965 2992 1081 3056 quatuor
1096 2981 1196 3054 simul;
1212 2983 1264 3038 boc
1292 2987 1408 3054 quatuor
1434 2980 1505 3053 ipsa,
1534 2979 1605 3051 quod
1621 2978 1757 3052 singulum

115 3069 910 3145 doditeaupernometccllibua,operiteaor(duc.xxur,
965 3079 1017 3129 cst.
1043 3070 1129 3127 Nobis
1149 3077 1250 3132 ιιιιιι,
1275 3067 1417 3141 quianon
1442 3082 1586 3140 possumus
1614 3081 1676 3121 cum
1701 3066 1758 3121 Deo

118 3163 175 3231 ³⁰),
203 3158 252 3234 qui
277 3159 330 3215 uisi
358 3167 470 3216 mortem
498 3158 592 3216 mortis
615 3157 805 3216 beneficioaut
823 3159 911 3233 tiniae,
967 3158 1140 3232 simplicitate
1162 3157 1337 3229 contendere,
1362 3156 1427 3213 dum
1454 3155 1642 3212 contendimus
1661 3169 1760 3226 appre-

118 3248 294 3305 sutevadera
317 3246 431 3305 volanti
445 3247 570 3319 lienique
584 3248 757 3307 inuocabant
780 3256 911 3320 mortem,
966 3249 1088 3306 bendere
1115 3262 1224 3313 unum,
1253 3245 1370 3302 occurrit
1402 3245 1486 3304 veluti
1517 3243 1760 3317 quadruplicatum.

115 3335 193 3392 altri
216 3349 275 3392 arom
288 3335 382 3392 amtet
408 3333 502 3406 (lpoc.
524 3347 564 3398 ιιι,
575 3335 614 3405 6).
642 3335 748 3392 latuere
762 3335 790 3391 id
804 3336 912 3394 clarius.
965 3337 1039 3395 Facit
1052 3339 1104 3394 boc
1117 3337 1257 3409 speculum
1272 3343 1298 3391 ιι
1308 3333 1434 3408 enigma,
1450 3350 1498 3406 per
1512 3335 1585 3405 qnod
1605 3334 1692 3389 solum
1718 3332 1761 3386 in·

118 3422 230 3480 Constat
253 3421 434 3478 immortalem
458 3420 575 3477 animam
595 3437 667 3488 esse,
696 3439 748 3480 nec
770 3423 914 3497 aliquando
967 3425 1046 3484 terim
1066 3425 1151 3482 videri
1175 3425 1264 3480 datur.
1295 3422 1363 3479 Cum
1391 3433 1481 3480 autem
1512 3422 1663 3480 videbimus
1695 3421 1761 3477 faeie

118 3510 221 3582 absque
247 3523 298 3566 sua
324 3508 454 3567 memoria
476 3510 632 3579 viverere
655 3528 710 3569 non
731 3514 846 3570 animam
864 3517 914 3572 ali·
966 3514 999 3571 ad
1015 3514 1120 3581 faciem,
1134 3512 1287 3572 videbimus
1302 3513 1381 3569 sicuti
1396 3520 1450 3568 cst.
1469 3511 1526 3569 Nec
1539 3512 1609 3568 enim
1622 3511 1679 3582 jam
1698 3521 1762 3567 tune

117 3596 228 3670 quando
242 3612 303 3654 esse
321 3598 471 3672 contingat.
484 3597 579 3671 Itaque
592 3600 706 3658 durante
721 3602 821 3675 areima,
835 3603 915 3660 durat
966 3602 1073 3678 fragilis
1097 3602 1169 3660 acies
1196 3601 1295 3658 mantis
1322 3609 1431 3666 nostra,
1461 3598 1658 3674 quantumlibet
1680 3600 1763 3657 vabe-

118 3696 148 3744 et
165 3687 307 3744 memoria.
334 3686 389 3743 Sed
417 3685 527 3760 qualis?
549 3686 630 3746 rada
656 3687 777 3763 flagitiis,
805 3692 915 3748 horrida
968 3700 1073 3749 menter
1102 3690 1258 3758 intendens,
1283 3689 1452 3761 aliquatenus
1477 3688 1587 3756 resiliet,
1616 3687 1765 3745 dissilietve

118 3773 298 3848 facinoribus,
312 3775 431 3833 vanitate
454 3774 567 3847 tumida,
586 3785 742 3852 contemptu
765 3779 872 3852 bispida
889 3793 916 3838 et
975 3778 1058 3840 451
1084 3782 1208 3836 insuam
1229 3778 1418 3853 pluralitatem.
1438 3777 1552 3852 Colliget
1577 3793 1637 3834 sese
1664 3778 1763 3851 magis.

118 3865 250 3937 neplaeta.
274 3861 341 3933 Quae
362 3863 462 3935 priora,
481 3863 654 3932 transierunt,
673 3874 701 3923 ct
722 3883 777 3924 non
799 3870 914 3926 transie-
970 3871 1112 3938 adunabit,
1137 3867 1370 3942 conformabitque
1389 3868 1484 3927 unitati
1505 3866 1586 3936 illius,
1606 3868 1648 3924 vel
1674 3868 1766 3940 potins

118 3959 192 4012 runt.
207 3952 381 4010 Tmusieruut
394 3968 410 4009 a
424 3968 515 4022 mauu,
544 3953 661 4012 sednon
682 3964 816 4014 amente.
836 3956 916 4026 Quod
972 3960 1067 4017 unitati
1092 3959 1151 4029 illi,
1176 3967 1205 4014 ut
1231 3975 1285 4014 una
1306 3957 1354 4014 uui
1379 3956 1462 4014 facies
1486 3959 1649 4031 respoudeat
1671 3955 1766 4013 faciei.

116 4040 289 4110 factumest,
319 4040 419 4100 factum
441 4058 496 4100 uon
518 4059 579 4099 esse
598 4058 652 4100 non
679 4052 777 4116 potest.
801 4047 916 4104 Proinde
969 4049 1075 4123 Nempe
1088 4047 1191 4107 similes
1205 4049 1230 4105 ei
1245 4047 1358 4113 erimus,
1373 4047 1440 4120 [quia
1457 4046 1612 4105 videbimus
1635 4063 1697 4104 cum
1724 4046 1764 4100 si·

118 4128 169 4187 etsi
184 4129 274 4188 faeere
288 4131 317 4186 ιιι
332 4137 454 4204 tempore
468 4129 529 4197 luit,
548 4132 596 4187 sed
619 4131 719 4190 fecisse
735 4133 762 4189 iu
777 4135 916 4210 sempiter·
971 4138 1027 4195 cnti
1041 4146 1082 4197 est
1096 4138 1123 4212 (l
1134 4140 1216 4196 toan.
1232 4153 1273 4205 m,
1290 4139 1329 4209 ι).
1354 4137 1434 4193 Beata
1447 4135 1516 4194 visio
1531 4136 1538 4190 l
1557 4138 1591 4192 ad
1609 4153 1691 4209 qnam
1705 4152 1766 4192 me·

118 4235 183 4275 uum
197 4227 299 4290 manet.
327 4221 389 4276 Nou
408 4219 505 4277 transit
527 4236 591 4277 curn
606 4230 734 4293 tempore,
762 4226 833 4295 quod
849 4233 918 4281 tem·
969 4227 1022 4283 rito
1039 4226 1201 4300 suspirabat,
1216 4224 1264 4299 qui
1278 4225 1315 4282 ait
1331 4242 1337 4280 :
1365 4226 1524 4300 inquisivit
1538 4230 1566 4284 ts
1578 4225 1666 4297 facies
1679 4239 1742 4280 mea
1757 4244 1766 4292 ;

119 4323 188 4383 pora
202 4308 308 4365 transit.
324 4309 355 4365 ln
369 4317 502 4365 veternam
521 4325 588 4381 erqo
607 4327 721 4369 necesse
746 4324 787 4370 est
804 4314 914 4384 cruciet,
928 4264 955 4350 ὓ
968 4316 1074 4387 faciem
1089 4322 1180 4381 tuom,
1196 4316 1313 4373 Domine
1321 4316 1467 4388 requiram
1478 4312 1565 4383 (Psoi.
1580 4328 1660 4385 xxvi,
1677 4315 1713 4381 8).
1731 4311 1768 4368 Et

120 4397 194 4469 quod
224 4412 366 4470 perperam
386 4408 412 4455 te
430 4396 522 4471 egisse
541 4401 567 4455 in
592 4408 722 4457 aeteruum
751 4402 914 4459 memineris.
972 4407 1038 4480 quia
1057 4405 1144 4461 adbuc
1166 4405 1191 4459 ιι
1216 4402 1362 4477 querendo
1381 4419 1424 4459 res
1444 4410 1481 4469 et,
1503 4402 1608 4458 interim
1636 4402 1769 4459 ascenda-

39 4568 42 4573 .
119 4485 243 4559 Experiri
265 4485 317 4543 erit
340 4487 392 4544 boe
418 4485 557 4544 veritatem
577 4488 653 4546 vocis
680 4489 752 4546 illius
767 4508 774 4544 z
791 4492 918 4564 Arpoom
972 4510 1036 4550 mus
1050 4493 1213 4566 quadrigam
1225 4493 1313 4559 istam,
1328 4498 1422 4565 utpote
1440 4490 1539 4548 infirmi
1555 4499 1584 4548 at
1606 4490 1768 4555 imbecilles,

120 4581 149 4634 ιι
158 4580 187 4634 ιι
196 4579 323 4634 stotaom
336 4580 438 4636 contro
451 4580 555 4650 [ιιιιιι
569 4581 650 4636 tuom
660 4579 748 4650 (Psoi.
764 4594 842 4649 xus,
860 4580 916 4653 ιι).
972 4582 1125 4655 indigentes
1140 4578 1187 4634 tali
1200 4579 1335 4646 vebicnlo,
1361 4581 1384 4636 si
1400 4581 1468 4637 torte
1483 4580 1525 4638 vel
1552 4579 1592 4637 sie
1617 4578 1772 4651 apprehen-

108 4664 253 4722 ·llumiuus
274 4666 384 4724 locutus
405 4675 447 4723 est
466 4668 511 4725 oui
539 4683 623 4725 omne
649 4662 790 4725 adversuin
816 4677 843 4724 et
865 4668 918 4725 sibi
975 4671 1080 4737 demus,
1094 4669 1121 4724 in
1143 4683 1197 4741 quo
1224 4669 1387 4740 apprehensi
1415 4685 1520 4737 sumus,
1549 4668 1577 4726 id
1603 4676 1655 4733 ast,
1683 4667 1771 4737 huius

119 4752 259 4811 advorsari
277 4770 388 4812 necesse
402 4762 454 4823 est,
470 4763 499 4811 ut
520 4757 555 4812 ιιι
569 4771 629 4812 sera
642 4755 775 4828 querela:
794 4758 918 4817 deustos
972 4760 1057 4835 ipsias
1075 4757 1190 4816 vehiculi
1203 4757 1344 4815 rationem.
1368 4759 1434 4814 Nam
1456 4760 1508 4816 boc
1529 4756 1658 4815 monitum
1678 4756 1770 4812 babe-

122 4843 273 4901 ltomtuum
289 4859 378 4917 quare
389 4845 515 4917 posuisti
527 4859 573 4900 me
582 4846 760 4902 contrarium
772 4846 832 4913 tibi,
845 4851 921 4919 etto·
973 4865 1035 4904 mus
1049 4847 1082 4903 ab
1098 4847 1156 4918 ipso
1169 4848 1264 4921 auriga
1277 4855 1304 4902 et
1331 4848 1419 4920 primo
1437 4863 1534 4904 currus
1560 4847 1642 4917 hujus
1658 4846 1769 4902 exhibi-

120 4935 188 4990 ctns
197 4949 263 4991 ram
269 4931 402 4990 mihimet
415 4935 471 5006 ipsi
485 4933 595 5005 ριιιιιι
606 4931 673 5004 (fob.
689 4949 739 5003 mr,
755 4934 812 5007 29.)
825 4937 865 4995 lta
877 4945 918 4993 est
972 4935 1237 5005 tore,utstudeamus
1246 4937 1479 5010 comprehendere
1489 4935 1688 4994 cumomnibns
1698 4953 1770 4994 sou·

122 5038 139 5080 o
154 5022 269 5095 Eugeui.
290 5022 350 5079 Nou
366 5029 458 5095 potest
470 5021 529 5077 Deo
542 5034 604 5077 esse
621 5024 738 5077 contrari
761 5041 785 5078 m
800 5024 874 5096 quid,
891 5034 918 5082 et
971 5029 1036 5092 ctis,
1048 5043 1112 5100 quae
1125 5028 1164 5083 sit
1179 5025 1333 5099 lonqitudo,
1345 5026 1656 5093 arriomanitimima,
1667 5032 1697 5082 et
1705 5044 1771 5100 pro·

121 5110 230 5168 sibimet
249 5112 397 5179 coherere,
414 5109 463 5167 sed
478 5112 522 5182 qui
537 5118 667 5183 arguetur
683 5127 698 5167 a
714 5111 772 5168 Deo
791 5125 919 5186 arguetur
972 5115 1101 5188 fundum
1116 5113 1228 5190 (Eplies.
1239 5130 1280 5182 nr,
1297 5115 1353 5186 llll.
1370 5114 1606 5189 Comprehendere
1617 5114 1698 5181 dixit,
1713 5130 1771 5171 non

123 5211 176 5258 eta
188 5216 220 5258 se
239 5201 309 5274 ipso.
324 5201 387 5258 Non
405 5205 449 5256 est
460 5214 526 5257 sane
547 5201 603 5272 jam
618 5207 681 5257 tunc
694 5203 766 5275 quod
785 5213 832 5260 ιιι
849 5206 920 5261 veri·
976 5205 1171 5280 Cognoscere;
1200 5215 1230 5262 ut
1253 5220 1307 5261 nou
1322 5205 1478 5262 curiositate
1493 5204 1611 5263 metenti
1639 5203 1769 5270 scientis,

123 5298 206 5348 tatem
227 5290 377 5348 dissimulet
392 5287 471 5362 ratio,
490 5297 536 5346 ant
551 5289 663 5348 rationis
684 5291 808 5350 intuitum
832 5292 920 5350 anima
973 5304 1030 5352 tota
1044 5310 1109 5351 eura
1124 5294 1221 5351 fructui
1246 5292 1392 5351 inhiamus.
1410 5295 1471 5350 Non
1496 5295 1522 5348 in
1550 5295 1707 5366 cognitione
1729 5303 1772 5350 est

122 5377 252 5446 declinet,
267 5378 396 5437 membris
410 5379 505 5436 avulsa
518 5378 664 5452 corporeis,
680 5386 709 5435 et
722 5380 748 5435 in
763 5395 823 5436 sese
837 5382 920 5437 colle·
974 5382 1089 5452 fructus,
1105 5383 1155 5440 sed
1173 5383 1201 5439 in
1230 5383 1484 5457 comprehensione.
1513 5381 1642 5455 Alioquin
1668 5384 1773 5441 scienti

126 5473 179 5524 eta.
202 5465 262 5537 Quo
285 5467 359 5526 enim
381 5467 409 5523 id
431 5469 529 5540 valeat,
555 5466 650 5538 sopitis
678 5468 869 5540 conclusisque
889 5471 916 5525 in
972 5471 1085 5542 ionum,
1101 5478 1130 5530 et
1143 5489 1200 5530 non
1209 5474 1332 5545 samen
1341 5482 1371 5529 ιι
1382 5471 1420 5528 ait
1434 5473 1554 5545 quidam,
1565 5477 1719 5546 peccatum
1728 5476 1773 5530 ert
