3728 5940
107 185 172 250 loll
461 198 466 215 ¹
534 187 725 252 rotmarus
742 189 786 252 ot
805 191 929 257 utalia
945 192 986 257 tr
1008 193 1131 258 llBBRQ
1142 192 1310 261 tumulo.
1679 189 1751 257 1022

104 315 900 391 meierepupuaaternteparnentiaouoe,oteuptioumme
917 334 942 416 Α
957 319 1023 390 lem,
1037 336 1093 395 qua
1110 319 1165 379 sitsi
1186 316 1456 393 oompiaeabatqnod
1479 324 1552 377 aaut
1574 315 1753 381 nudamus.

104 406 255 465 dueentem
269 406 677 482 reeompeeenttquoeeetsn
685 409 899 469 mautrauers
956 413 988 468 ln
1002 427 1059 485 quo
1075 425 1143 485 erqo
1164 409 1315 482 culpabitur
1329 408 1344 466 i
1358 406 1405 466 An
1427 408 1456 465 iu
1475 423 1510 466 eo
1535 408 1610 484 quod
1633 407 1753 475 mentiri,

102 495 193 566 (Rom.
208 511 258 562 vu,
275 496 336 567 ἢκ
362 496 422 553 hmo
444 495 536 553 omnia
559 497 646 569 putari
673 504 787 570 possunt
805 514 904 572 eogere
956 516 1038 575 qnam
1048 501 1117 562 mori
1130 497 1755 572 maluittilaeeplanarolnntasreprshensione

104 586 280 653 voluntatem,
296 593 322 641 et
342 585 491 658 praeripare
506 586 668 644 libertatem.
684 589 719 644 dt
732 603 798 646 vero
812 604 901 662 quan·
956 591 1039 665 digna
1053 590 1112 656 luit,
1127 591 1191 663 quie
1205 589 1256 663 [ol.
1271 588 1333 662 qua]
1352 588 1477 661 eorporis
1489 586 1585 662 magis,
1601 602 1683 661 qnam
1695 585 1755 644 ani·

105 673 208 732 tislibet
228 673 290 746 quis
314 673 388 731 intua
414 674 516 733 forisve
541 675 734 733 tentationibus
761 689 900 751 urgeatur,
957 696 1009 738 mae
1026 679 1112 737 voluit
1126 693 1236 735 servaro
1249 679 1342 735 uitam.
1358 675 1398 734 Oa
1410 690 1508 749 nempe
1523 675 1597 748 quod
1615 674 1756 743 mentitur,

104 762 192 820 libera
206 763 327 836 proiecto
342 780 464 836 semper,
476 772 607 838 qnantum
617 765 652 822 ad
663 765 807 823 arbitrium
821 781 904 840 speo-
956 768 1054 826 oeeidia
1068 768 1186 825 animam
1202 768 1280 841 (Sep.
1309 781 1330 823 r.
1359 767 1417 838 tl).
1431 766 1466 821 Et
1489 763 1612 838 peeearit
1636 779 1713 838 erqo,
1727 771 1756 821 et

106 860 155 925 tat,
178 853 306 910 voluntas
336 852 411 911 erit:
440 852 528 912 libere
554 854 656 928 quippe
683 856 717 912 da
739 871 790 914 suo
817 855 903 914 nihilo
957 873 1012 917 non
1035 859 1136 933 absque
1159 873 1293 916 eonsensn
1315 857 1434 931 proprio
1459 853 1605 913 uoluntatis
1640 852 1756 910 indrmre

105 941 196 999 ninus
208 957 344 1000 eonsensn
356 943 500 1015 judicabit.
517 943 655 1015 Quantum
670 951 759 1002 antem
785 945 904 1018 pertinet
956 947 1066 1022 quidem
1075 956 1103 1004 et
1116 946 1235 1015 miseras,
1246 947 1294 1003 sed
1309 947 1389 1020 plane
1399 945 1501 1002 liberm.
1516 941 1641 1001 Paonarit
1654 949 1756 1012 antam,

105 1031 140 1086 ad
151 1031 303 1102 eonsilium,
316 1033 375 1090 sira
390 1031 595 1106 eomplaeitum,
607 1032 697 1091 earnis
711 1033 818 1092 interim
832 1049 902 1093 eon-
957 1051 1012 1095 non
1030 1035 1185 1110 spernendo
1201 1044 1247 1092 aut
1261 1035 1377 1092 odiendo
1391 1032 1538 1103 Christum,
1554 1031 1605 1089 sod
1626 1046 1657 1088 se
1675 1029 1757 1089 nimir

105 1120 286 1192 eupisoentia,
301 1123 422 1196 nitarque
436 1123 547 1181 miseria
561 1124 719 1192 reluctante,
736 1123 825 1180 minus
838 1123 902 1198 qni·
956 1126 1082 1184 amando.
1096 1126 1154 1183 Nee
1174 1124 1202 1182 in
1225 1125 1298 1183 huno
1316 1138 1474 1198 perperaum
1495 1135 1615 1178 amorem
1638 1116 1690 1188 sui,
1706 1132 1757 1174 ro·

106 1208 169 1266 dem
183 1225 212 1266 aa
226 1210 340 1268 liberam
350 1214 433 1270 sentit
448 1213 515 1269 :aad
530 1228 641 1285 prorsus
653 1228 708 1271 non
720 1213 904 1282 malumdurn
957 1217 1087 1274 luntatarn
1112 1222 1203 1272 metus
1216 1215 1263 1271 illa
1273 1213 1380 1272 subitus
1389 1211 1538 1285 eompulit;
1553 1208 1603 1267 aad
1617 1222 1679 1265 asae
1691 1220 1758 1264 oon·

105 1297 177 1357 malo
192 1314 246 1356 non
260 1301 404 1360 eonsentit.
429 1303 553 1377 Denique
568 1301 679 1376 Paulus,
689 1302 737 1377 qui
763 1302 903 1378 eaprirnn
957 1305 1034 1364 uicit.
1046 1306 1105 1362 lam
1122 1315 1186 1363 tuno
1199 1304 1292 1378 proenl
1316 1301 1479 1360 dubietatis
1496 1306 1566 1369 arat,
1585 1298 1634 1356 aad
1649 1294 1757 1353 umde-

105 1403 135 1444 se
149 1387 177 1444 in
192 1388 282 1462 legem
291 1391 394 1463 pensati
409 1392 477 1449 trahi
492 1391 677 1466 conqueritur,
700 1392 773 1450 hand
788 1391 903 1450 dubium
957 1396 1014 1462 brt,
1028 1411 1092 1452 eum
1103 1394 1138 1451 ab
1156 1394 1205 1451 illo
1220 1408 1300 1466 quern
1316 1392 1401 1450 latera
1424 1406 1479 1448 nnn
1493 1396 1610 1462 poterat,
1630 1384 1755 1443 audiuit:

105 1475 173 1548 quin
185 1492 219 1535 ox
242 1478 332 1536 minua
345 1481 422 1552 plena
436 1481 559 1539 libertate
584 1481 691 1540 oonsilii
706 1498 714 1538 r
738 1496 903 1539 eonsensum
957 1474 1772 1558 Priusquompolluaenntet,termeueqnbiailtnttlnxxut,'

107 1575 196 1623 tamen
210 1583 320 1635 sanum,
333 1578 415 1642 atque
429 1569 540 1629 inbono
554 1586 667 1644 quoque
678 1574 734 1642 iam
757 1587 790 1628 ax
804 1587 903 1645 maqna
957 1575 1014 1645 34).
1029 1574 1077 1629 illa
1102 1573 1194 1647 itaqua
1220 1571 1367 1629 uoluntatis
1392 1568 1535 1626 infirmitas
1548 1582 1598 1640 per
1619 1565 1759 1623 insuasum

106 1662 182 1726 parte
208 1671 238 1713 se
253 1656 351 1714 habere
370 1659 486 1716 liberum
509 1659 653 1733 glorietur,
680 1659 744 1717 lom
765 1675 824 1717 uon
842 1675 901 1732 eqo,
919 1625 943 1704 Β
958 1663 1084 1722 timonem
1106 1671 1182 1729 nom,
1197 1677 1253 1719 non
1276 1672 1347 1728 orta,
1361 1667 1455 1718 notum
1478 1657 1542 1716 iecit
1565 1661 1700 1731 qautenus
1718 1666 1763 1709 sa·

106 1744 242 1817 inquiens,
257 1763 357 1820 operor
366 1748 448 1806 illud.
465 1747 542 1805 Unde
557 1749 608 1805 holt
620 1747 745 1814 confidis,
766 1747 903 1804 oPuttle?
956 1761 1088 1826 quatenus
1120 1751 1255 1810 Christum
1288 1750 1426 1808 amaverit,
1453 1748 1553 1805 Notum
1581 1754 1671 1803 autem
1698 1756 1755 1801 non

110 1833 247 1902 Quoniam
258 1837 411 1905 consentio,
428 1835 524 1908 inquil,
541 1836 662 1908 repone,
683 1837 820 1908 quoniam
832 1837 903 1894 bont
956 1842 1074 1913 Christo,
1099 1842 1147 1900 aed
1167 1843 1258 1900 Petro.
1282 1842 1352 1898 Nam
1368 1839 1490 1896 Christus
1514 1845 1541 1895 at
1563 1843 1626 1893 anta
1656 1832 1761 1891 solebat

107 1926 164 1991 0⁸22·
174 1930 318 1978 &limum
330 1941 337 1981 ²
351 1924 616 1983 Ctttdtltmrettt'm
626 1926 679 1999 lesi
690 1927 739 1983 uer
748 1925 903 1984 recaredum
957 1933 1023 2008 quid
1036 1939 1110 1990 esset
1124 1932 1152 1988 in
1167 1931 1286 1989 homine.
1301 1931 1442 2001 Quatenus
1455 1943 1523 2002 erqo
1544 1924 1683 1983 Christum
1697 1920 1760 1977 dili-

107 2013 277 2070 iuteriorem
289 2012 431 2072 hortatorem
445 2013 536 2087 (lietu.
548 2030 597 2081 nx,
613 2016 657 2080 li,
667 2015 723 2086 tt).
733 2012 820 2070 Oeulo
834 2013 903 2075 exis·
956 2022 1047 2097 genet,
1062 2021 1116 2079 vim
1130 2035 1245 2094 prorsus
1260 2021 1343 2094 (qood
1357 2018 1511 2091 negandum
1534 2030 1589 2072 non
1608 2014 1660 2084 est)
1674 2024 1759 2085 passa

107 2108 180 2158 rente
193 2102 320 2177 simplici,
337 2110 423 2162 eorum
436 2119 537 2177 eorpus
550 2103 670 2161 lucidum
684 2102 902 2176 essepraesumir.
957 2119 998 2168 ese
1011 2111 1056 2168 itu
1070 2112 1209 2181 rotunda,
1223 2118 1253 2168 nr
1275 2116 1368 2167 eonon
1382 2125 1413 2165 se
1428 2108 1606 2181 loqueretur:
1626 2108 1761 2175 quatenns

109 2191 180 2248 sano
198 2208 332 2250 consensu
346 2200 459 2251 tudun
474 2193 537 2250 licet
550 2200 674 2267 peecare,
697 2194 741 2250 aet
766 2193 902 2265 optivum
956 2216 1022 2259 vero
1037 2216 1077 2267 se,
1102 2199 1251 2257 voluntarie
1272 2197 1366 2272 proed
1379 2197 1464 2255 annio
1477 2192 1624 2261 murensis,
1651 2198 1680 2247 ur
1707 2204 1760 2263 pro

108 2280 226 2348 miseria,
242 2283 358 2339 liberum
377 2298 408 2340 ὅθ
422 2282 450 2338 ἰΰ
470 2283 542 2339 bono
566 2279 685 2354 profiteri
704 2297 758 2338 ¹¹0ss
786 2282 901 2338 dubim·
957 2306 987 2348 se
1001 2290 1165 2364 loqueretur.
1187 2289 1215 2345 Si
1228 2288 1364 2345 Christum
1379 2303 1434 2343 non
1449 2291 1581 2352 amasset,
1595 2298 1651 2338 non
1666 2294 1762 2352 nepas·

108 2369 186 2428 Unde
199 2377 226 2427 et
240 2371 325 2428 fidens
338 2371 498 2445 generaliter
512 2371 610 2430 inient:
623 2371 902 2445 llilrilerqodamue·
957 2387 997 2437 set
1016 2378 1118 2437 inuitus
1134 2395 1141 2436 :
1156 2394 1247 2436 uerum
1261 2378 1285 2433 si
1304 2393 1334 2433 ae
1351 2375 1467 2449 amplius
1485 2391 1541 2430 non
1560 2377 1687 2438 amasset,
1703 2381 1760 2425 non

110 2460 195 2519 tionis
205 2464 249 2519 eet
261 2460 304 2520 laia
314 2462 367 2537 qui
375 2465 445 2518 aunt
456 2462 488 2518 in
501 2461 609 2520 clarinto
618 2462 684 2518 lesu
695 2463 784 2532 (Rom.
795 2460 900 2534 armti.
956 2467 1128 2542 anquatenus
1162 2474 1298 2540 negasset.
1330 2465 1479 2522 Fatendum
1508 2462 1591 2534 ipitur
1618 2457 1759 2516 homiaem

407 2549 520 2606 CAPUT
537 2550 599 2605 ΧΠ·
956 2557 1042 2623 tuisse
1063 2557 1243 2630 compulsum,
1270 2556 1438 2614 voluntatem
1462 2553 1603 2626 propriam
1625 2548 1677 2605 etsi
1706 2560 1760 2603 non

106 2641 150 2700 An
164 2654 271 2714 nesam
284 2638 369 2712 fidem
379 2643 458 2696 melu
471 2639 575 2696 morlia
587 2653 620 2695 at
636 2653 796 2712 poenorum,
820 2653 904 2697 exct-
960 2653 1075 2718 mutare,
1090 2646 1226 2704 oeeultare
1241 2653 1332 2702 tamen
1347 2659 1354 2700 :
1372 2641 1553 2714 nonrpulsurn,
1568 2639 1689 2711 inquam,
1705 2648 1760 2692 non

140 2734 250 2789 setara
268 2730 365 2802 eulpa,
380 2729 423 2786 vet
433 2729 607 2786 destituatur
617 2727 702 2787 libero
715 2727 843 2789 arbitrio.
855 2728 903 2789 ttti
961 2735 1072 2809 quidem
1087 2736 1215 2792 recedere
1229 2736 1264 2791 eb
1277 2749 1371 2791 amore
1385 2731 1535 2805 Dei(ttl);
1555 2728 1655 2786 cedere
1668 2733 1760 2782 tamon

142 2821 254 2893 raspatio
265 2819 345 2878 Petri
358 2817 524 2876 discutitur.
960 2827 1156 2900 aliquantulum
1169 2841 1260 2883 amore
1276 2825 1328 2883 sui.

142 2911 187 2963 38.
204 2907 258 2965 Sed
273 2906 411 2966 rideamus
426 2906 460 2961 de
473 2905 515 2961 his
532 2902 578 2978 qui
606 2919 748 2976 poenarnm
775 2905 943 2991 mortisret
998 2919 1043 2973 39,
1060 2912 1456 2988 Quidergortornedissotum
1469 2917 1511 2968 est
1525 2916 1582 2967 tota
1591 2904 1763 2982 superioraa·

107 2997 204 3054 timore
219 2997 300 3053 fldem
316 2996 399 3053 verbo
424 3003 503 3051 renus
532 3008 635 3067 negare
663 2993 795 3067 compulsi
816 3002 904 3059 aunt:
960 3004 1046 3061 sertio
1064 3002 1098 3059 de
1113 3003 1238 3058 ttnerute
1251 3000 1407 3068 voluntaris,
1423 2999 1486 3069 quin
1500 2998 1630 3054 nimirum
1651 2995 1763 3050 inventa

107 3085 194 3144 θη
215 3103 250 3143 1¹⁰
268 3086 432 3156 f⁰l²01111¹⁸
450 3085 520 3142 ¹²³ssss
543 3082 727 3150 Νθῐῑῑθῦθῐη,
752 3089 800 3140 ⁸1¹¹
827 3081 909 3153 ellit
961 3101 1002 3151 est
1016 3091 1077 3167 ooqi
1091 3090 1212 3163 potuisse
1225 3087 1544 3161 voluntasilistplanet
1561 3084 1644 3140 sedsi
1655 3081 1715 3154 eoqi
1728 3081 1763 3139 ab

108 3191 162 3232 non
183 3175 273 3242 luerit,
289 3175 362 3248 quod
377 3173 419 3232 rel
441 3188 508 3233 roae
522 3178 704 3245 neqarerunt;
727 3179 772 3229 aut
794 3171 856 3245 engi
879 3170 908 3227 in
961 3181 1014 3238 alio
1029 3179 1115 3253 potuit
1130 3193 1242 3252 quamn
1261 3194 1292 3235 sa
1308 3177 1380 3248 ipsa.
1390 3174 1471 3246 Quod
1484 3174 1506 3231 si
1516 3171 1647 3243 seseipsa
1659 3169 1762 3243 eoepit,

108 3266 213 3339 eulpam
228 3273 256 3323 et
270 3268 394 3324 voluntas
408 3263 536 3337 potuerit,
551 3270 581 3319 ut
594 3263 674 3321 uellet
687 3261 813 3320 videlieet
826 3262 910 3319 homo
962 3268 1115 3344 compulsa,
1130 3275 1156 3324 et
1169 3265 1409 3340 enmpettenembi
1422 3262 1547 3320 emittere
1556 3259 1594 3318 ibi
1607 3259 1764 3331 etreeipera

108 3355 181 3428 quod
196 3371 259 3413 aum
274 3363 302 3412 et
315 3355 390 3414 nolle
404 3353 573 3423 constiterit3
588 3358 615 3408 et
625 3351 665 3411 aio
671 3351 783 3425 perierit
792 3350 909 3407 liberum
962 3361 1020 3420 visa
1038 3366 1078 3418 epe
1092 3359 1254 3416 libertatem.
1267 3356 1327 3413 vim
1336 3355 1449 3429 quippe,
1464 3368 1544 3428 qnam
1558 3351 1619 3424 ipsa
1631 3348 1764 3408 sibiintu·

109 3443 259 3500 ”billium-
274 3444 353 3514 Qu⁰d
363 3444 426 3517 ‘luit
444 3442 613 3513 imi)ossibile
629 3449 688 3498 ml
701 3441 790 3516 (Vellff
808 3440 910 3513 llillss
963 3452 1004 3519 lit,
1021 3465 1081 3507 asa
1099 3447 1219 3523 pertulit.
1240 3447 1325 3504 Porro
1341 3444 1412 3516 qnod
1430 3457 1446 3498 a
1461 3458 1491 3499 sa
1502 3441 1628 3500 noluntas
1645 3436 1762 3512 pertulit,

108 3542 134 3589 ⁶¹
147 3532 220 3588 ”⁰¹¹⁰
235 3532 307 3589 idem
331 3530 428 3591 0⁰d⁰t¹¹
453 3542 574 3603 ῑθῐῐψθῐθ
588 3546 645 3588 ⁰⁰¹1
658 3533 788 3605 Ρθῐθῆῑ),
808 3530 910 3605 quaeti·
964 3554 999 3595 ex
1011 3539 1150 3596 voluntate
1159 3536 1220 3593 luit.
1231 3536 1312 3605 Quod
1321 3551 1355 3591 ax
1369 3533 1507 3594 uoluntate
1522 3531 1582 3604 tuit,
1593 3532 1649 3602 iam
1660 3543 1716 3586 non
1730 3542 1764 3583 ex

110 3630 153 3677 tur
166 3620 238 3676 unde
252 3618 354 3678 malum
381 3635 553 3692 nequaquam
568 3619 719 3677 nolentibus
737 3620 840 3675 malum
859 3618 911 3675 da-
965 3625 1137 3694 neeessitate,
1153 3623 1201 3678 aed
1215 3621 1394 3678 uoluntarium
1408 3619 1471 3679 fuit.
1492 3618 1521 3674 Si
1534 3627 1623 3675 antam
1635 3617 1765 3675 nolunta-

110 3709 169 3767 huit
181 3708 319 3783 imputari.
333 3711 427 3782 Neque
447 3708 520 3766 eninr
533 3708 586 3764 tale
601 3715 644 3765 est
661 3708 724 3774 hoe,
753 3708 834 3781 quale
854 3706 911 3762 ori-
966 3712 1048 3781 rium,
1060 3720 1087 3769 et
1101 3712 1229 3767 liberum.
1249 3710 1337 3781 Quem
1353 3724 1404 3764 sua
1421 3706 1539 3779 denique
1557 3706 1591 3763 ad
1610 3704 1765 3778 negandum

110 3798 200 3875 pinula
214 3807 355 3871 peceatum
371 3814 379 3859 ς
397 3812 452 3871 quo
475 3812 529 3855 non
545 3796 633 3854 solum
655 3811 709 3854 non
728 3794 912 3864 consentiens,
965 3802 1091 3859 noluntas
1111 3798 1255 3870 compulit,
1269 3797 1429 3870 eompnlnus
1447 3802 1490 3853 est
1508 3795 1572 3868 quia
1591 3793 1694 3852 voluit:
1710 3792 1765 3850 imo

110 3905 206 3947 verum
222 3887 379 3962 plerumque
394 3895 423 3946 et
435 3886 571 3953 nesciens,
582 3886 634 3943 alia
655 3886 758 3945 ratione
773 3884 910 3945 eonstrin·
967 3906 1022 3948 non
1032 3889 1189 3962 compulsus
1203 3895 1254 3957 est,
1268 3886 1317 3944 sed
1335 3885 1480 3955 uonaenait,
1495 3891 1523 3941 et
1540 3899 1595 3942 non
1605 3883 1700 3940 aliena
1713 3896 1766 3956 po·

110 3979 184 4051 gitur
197 3978 313 4037 necdum
328 3984 436 4035 renatus
454 3975 631 4049 baptismata.
658 3977 789 4050 Exempli
818 3992 911 4039 eausa.
968 3979 1069 4049 tentioe,
1083 3978 1132 4035 sed
1145 3976 1261 4051 propriae
1271 3974 1409 4042 uoluntati,
1417 3973 1457 4031 illi
1467 3972 1569 4047 utique,
1584 3988 1638 4046 qua
1651 3978 1766 4029 mortem

110 4069 204 4126 venial
217 4067 245 4125 in
260 4068 378 4127 medium
402 4068 500 4124 Petrus
524 4065 688 4139 apostolus:
721 4064 781 4138 ipse
810 4065 912 4138 quippo
967 4068 1131 4127 omnimodis
1154 4067 1272 4123 eradere
1297 4063 1397 4122 voluit.
1425 4063 1552 4135 Alioquin
1577 4062 1687 4135 quando
1713 4074 1766 4118 ron

111 4159 185 4215 risus
199 4164 241 4216 est
255 4173 356 4234 negare
366 4156 514 4214 Veritatem
527 4164 622 4213 eontra
649 4153 787 4226 propriam
807 4153 909 4210 nolun-
925 4190 951 4272 ὓ
965 4156 1134 4215 muliercule
1156 4156 1276 4227 linguam
1291 4168 1396 4211 saerarn
1417 4151 1446 4209 in
1470 4151 1552 4210 rerba
1575 4149 1691 4207 iormara
1713 4163 1767 4206 ne·

111 4256 214 4318 tatem3
230 4247 364 4322 siqnidem
378 4253 424 4302 aut
438 4260 551 4319 negare,
563 4253 610 4302 aut
624 4243 693 4301 mori
714 4258 826 4302 neeesse
840 4249 908 4300 erat.
966 4246 1048 4304 landa
1061 4244 1200 4313 ualuisset,
1220 4245 1243 4302 si
1257 4259 1313 4301 non
1330 4243 1431 4316 linquae
1445 4240 1555 4298 domina
1567 4239 1693 4298 voluntas
1714 4252 1767 4294 au·

111 4337 179 4394 llori
207 4336 305 4393 timens
329 4335 449 4410 negavit.
469 4334 577 4409 Negare
602 4333 723 4401 nolebat,
744 4331 793 4390 aad
823 4331 911 4406 maqis
964 4334 1071 4392 animet
1084 4333 1231 4408 inanique
1240 4347 1342 4390 numae
1355 4347 1372 4386 a
1384 4330 1427 4388 sni
1438 4328 1611 4404 postmodnm
1622 4327 1706 4384 nimio
1718 4325 1767 4382 illo

111 4430 223 4487 nolebat
237 4429 316 4487 mori.
331 4430 425 4503 ltaque
447 4428 548 4486 inritus
572 4427 698 4501 quidem:
728 4427 777 4484 sed
804 4426 912 4500 negarit
966 4425 1125 4497 temperarit
1143 4435 1247 4490 amora,
1273 4428 1300 4477 et
1325 4420 1461 4478 Chrlstum
1488 4418 1581 4490 ooepit,
1609 4423 1641 4473 nt
1662 4414 1766 4484 debuit,

113 4529 214 4587 umen,
229 4535 264 4577 ne
281 4527 441 4577 moreretur.
458 4516 537 4589 Quod
566 4517 755 4591 silinqua,et
776 4530 833 4572 non
859 4528 911 4575 ro·
965 4520 1023 4571 toto
1046 4512 1208 4580 oorda,tota
1230 4509 1331 4580 anima,
1357 4516 1414 4567 tota
1433 4507 1532 4568 uirtute
1551 4504 1686 4580 diliger03
1709 4504 1767 4574 ianr

112 4611 214 4667 luntate
234 4606 308 4683 loqui
330 4608 413 4666 homo
432 4606 593 4681 compulsus
615 4617 656 4665 est
683 4605 756 4679 quod
779 4603 910 4663 nolebat:
965 4601 1050 4661 nullis
1067 4599 1150 4662 ralnit
1164 4600 1245 4659 minis
1259 4596 1343 4659 utu
1359 4597 1404 4657 rel
1419 4595 1507 4670 poenia
1530 4592 1686 4667 extorqueri
1713 4592 1766 4648 ali-

112 4715 168 4756 non
184 4705 275 4756 tamen
289 4697 358 4756 relle
378 4694 455 4755 aliud
470 4712 553 4770 qnam
566 4696 684 4754 volebat.
708 4694 816 4768 linqua
840 4701 913 4752 mota
966 4702 1100 4766 qnatenus
1117 4688 1307 4762 uoluntati[nl.
1322 4684 1531 4760 voluntasldare
1547 4683 1667 4757 linquam
1691 4695 1768 4737 mma

113 4796 155 4844 est
169 4798 264 4846 eontra
277 4785 441 4845 uoluntatem
456 4802 464 4843 r
480 4785 529 4843 sed
547 4784 670 4858 nunquid
697 4790 724 4840 et
746 4789 845 4840 mumta
857 4797 913 4841 ro·
964 4780 1109 4853 iniquitati,
1119 4779 1167 4836 sad
1179 4779 1271 4852 potius
1284 4777 1411 4834 audenter
1424 4773 1634 4831 accommodans
1647 4768 1765 4837 ueritati,

113 4875 228 4934 luntas?
240 4875 311 4946 Quid
339 4875 413 4935 enim
439 4873 571 4933 volebat?
597 4873 713 4931 Prorsus
740 4872 814 4945 quod
841 4880 910 4942 erat,
968 4871 1081 4930 oteutre
1094 4868 1191 4941 inquit,
1202 4869 1313 4942 oportet
1331 4867 1384 4924 Deo
1397 4865 1487 4937 mepte
1501 4878 1587 4937 quom
1607 4858 1767 4919 horninibus

113 4962 215 5021 Christi
230 4980 290 5021 esse
305 4962 464 5035 discipulus.
480 4962 552 5033 Quid
573 4960 756 5036 loquebatur?
771 4962 832 5021 Non
846 4961 915 5018 noni
966 4960 1052 5032 (Aet.
1068 4975 1098 5031 v,
1111 4957 1167 5028 til.

116 5053 259 5109 lenonem
271 5053 382 5122 (Metti.
394 5052 538 5121 narrat).
549 5051 604 5108 Cur
614 5051 790 5109 itaillortem
800 5050 914 5107 eradere
1003 5049 1047 5104 to.
1062 5047 1112 5103 Est
1126 5060 1191 5102 sane
1204 5043 1312 5118 gemina
1336 5041 1499 5114 compulsio,
1520 5039 1668 5097 seeundum
1691 5035 1766 5110 qnod

117 5141 234 5199 volebat.
250 5141 303 5198 Sed
317 5140 382 5213 quid
397 5139 471 5199 istud
485 5140 605 5197 oriminis
619 5139 692 5198 fuiti
707 5142 780 5197 Duas
793 5139 913 5213 apostoli
967 5147 1014 5196 ant
1027 5141 1081 5211 pati
1100 5133 1211 5210 aliquid,
1226 5142 1273 5192 aut
1284 5149 1368 5208 agere
1381 5140 1476 5192 eontra
1493 5129 1628 5202 propriam
1637 5129 1763 5203 sopimur

116 5241 240 5288 tenemus
254 5231 431 5289 noluntates:
452 5246 543 5298 unam,
558 5245 611 5304 qua
639 5229 726 5288 uoluit
748 5244 803 5287 non
829 5229 911 5299 mori,
966 5227 1142 5288 voluntatem.
1156 5223 1275 5298 Quarum
1289 5221 1392 5297 paasira
1410 5221 1521 5295 quidam
1535 5219 1585 5293 (sic
1598 5214 1669 5275 enim
1689 5216 1763 5289 prior

116 5321 225 5396 ponitus
240 5318 449 5393 inculpabilem
464 5319 589 5388 alteram,
614 5326 643 5378 et
658 5320 772 5378 multum
787 5317 912 5377 laudabi-

115 5447 241 5578 suffigit!
242 5444 356 5576 8:31⁸de
357 5445 534 5592 gogqpffiori
556 5444 703 5507 contrario.
719 5444 830 5521 Quippe
857 5444 906 5521 qui
919 5444 1058 5521 pseaovtt,
1072 5456 1133 5503 nou
1144 5435 1304 5520 spernendo
1318 5441 1371 5497 sut
1395 5435 1539 5500 uetusto
1557 5432 1700 5500 mmmm
1718 5432 1768 5497 ard
