3728 5940
74 200 80 217 “
158 188 226 253 toti
624 185 650 245 S.
671 182 839 246 aunuatim
855 183 995 246 ananus
1014 182 1333 258 cutm-veuussusls
1733 174 1822 241 1048·

158 340 171 374 ι
188 315 270 379 Nabis
282 328 346 376 uero
358 313 513 377 uidetur,si
528 312 603 371 uobis
614 313 702 369 etiam
711 313 835 381 uidetur,
847 332 860 366 s
872 315 912 372 sic
929 313 1098 442 Gaagridum
1110 315 1310 375 carnotensem
1320 312 1482 387 episcopum
1495 314 1524 370 ct
1534 306 1711 391 bunarium
1727 308 1806 366 atto·

157 393 267 466 quitur,
285 406 297 440 s
313 384 385 458 qaod
396 383 628 449 candentiaitta,
643 384 699 441 siue
711 385 819 457 prioris
832 388 926 457 torota
944 402 979 444 su
996 387 1122 454 stantia,
1136 402 1209 458 qua,
1222 389 1257 444 ut
1270 389 1350 459 puto,
1366 385 1484 442 nonnisi
1497 396 1635 440 consonus
1659 396 1691 435 cu
1705 396 1806 438 uuum

158 460 350 520 accidentium
364 471 518 512 concursus
533 461 587 524 cst,
604 471 632 511 se
651 455 691 512 ibi
705 459 759 522 est,
780 458 812 512 in
837 472 950 529 corpore
964 459 1078 514 Domini
1097 460 1149 522 cst,
1161 474 1219 514 uon
1233 460 1361 530 formans
1371 456 1456 521 ittud,
1472 454 1520 512 sed
1544 453 1651 510 uirtute
1675 467 1804 524 operan-

160 535 196 590 tis
211 533 244 587 in
258 545 290 586 ea
304 527 453 599 sapientia
468 527 518 583 Dei
530 531 635 598 aptans
648 526 723 584 iuno
738 531 766 584 et
780 528 956 598 modificans,
968 533 1002 585 ut
1019 528 1175 585 secundam
1189 530 1281 584 ritum
1295 528 1427 599 mysterii
1441 529 1470 582 et
1487 524 1602 582 modum
1624 525 1807 579 sacramenti

158 602 249 661 babile
263 601 315 667 piat
334 601 362 654 ct
379 597 537 666 tractabile,
549 601 577 654 ct
590 598 730 669 qustabite
744 600 776 654 in
786 600 882 669 torma
896 600 1001 665 atiena,
1022 599 1094 672 quad
1104 615 1162 656 non
1181 602 1293 671 poterat
1303 613 1362 657 esse
1376 600 1408 655 in
1421 599 1573 670 propria.»
1591 596 1662 651 ttem
1681 597 1713 650 in
1731 593 1805 650 tibro

158 675 192 730 de
203 673 321 743 Corpore
340 673 368 725 et
383 669 525 740 Sanquinc
540 670 654 726 Domiui
668 669 705 724 ad
716 670 885 752 liupertum,
896 670 989 742 capite
1001 671 1106 727 tertio:
1122 688 1136 722 a
1153 671 1203 728 Sed
1217 676 1319 728 contra
1332 687 1445 728 omnem
1455 668 1601 724 surcularis
1614 664 1807 739 philosophia

158 744 301 825 rationem
317 745 344 796 et
357 740 780 866 intellectum,'mutatanfams
795 743 1005 823 substantianin
1026 742 1115 798 otiam
1129 743 1332 826 substantiam,
1353 742 1389 797 ad
1416 739 1554 813 quoddam
1575 738 1706 821 mysterii
1725 735 1807 818 obse·

157 829 265 952 titi,
274 811 410 951 didita
420 811 594 960 uestita
607 811 1506 955 abact-eutonus{abbandunensis‘nte
1512 807 1806 941 attestanti

159 956 227 1013 iicet
240 969 304 1010 vere
319 953 511 1008 humanitatis
525 956 586 1022 ejus
599 955 709 1024 corpori
717 954 822 1019 adsint,
834 971 893 1011 nou
907 957 1003 1010 tamen
1012 955 1113 1018 insint,
1125 969 1182 1010 non
1193 953 1368 1011 tamenittud
1377 951 1562 1024 inficiantuet
1573 953 1734 1022 afficiunt»
1750 957 1805 1005 etc.

193 1023 281 1083 688
299 1025 327 1080 7.
346 1025 483 1082 Caeterum
495 1023 569 1080 sicut
584 1024 616 1080 de
630 1024 829 1081 iucarnatione
842 1041 900 1083 uon
910 1029 985 1082 recte
999 1026 1147 1091 sentiebat,
1161 1029 1361 1083 autcartenon
1370 1029 1445 1083 recte
1456 1020 1805 1096 loquebaturtboetardus,

159 1099 204 1154 ita
216 1112 269 1154 nec
282 1096 372 1151 etium
386 1093 419 1152 de
433 1097 531 1166 qratia
551 1094 667 1162 Christi,
682 1111 768 1168 quam
781 1095 817 1152 ad
828 1097 918 1154 satam
927 1096 1069 1153 rationem
1084 1097 1165 1166 a2Dco
1178 1110 1337 1154 concessam
1351 1101 1379 1154 et
1393 1097 1429 1153 ad
1443 1096 1660 1166 Scripturarum
1674 1091 1809 1148 admoni-

160 1170 265 1226 tionem
279 1165 354 1223 etad
367 1167 499 1237 exempta
513 1165 666 1237 rediqebat;
681 1166 805 1238 adeoque
814 1166 943 1224 omnibus
952 1182 1130 1224 communem
1149 1183 1208 1226 esse
1222 1166 1340 1225 dicebat.
1360 1188 1372 1219 n
1388 1165 1544 1225 lticcndum
1558 1169 1601 1222 cst
1615 1164 1716 1235 iqitnr,
1731 1163 1808 1248 qnod

160 1240 240 1296 bomo
253 1253 305 1312 per
318 1238 499 1303 rationem,a
517 1237 569 1294 beo
583 1237 694 1311 quidem
704 1237 812 1307 datam,
826 1239 928 1310 qratia
941 1240 1079 1311 appositae
1092 1239 1232 1296 cauurm
1239 1241 1332 1311 potest
1344 1258 1354 1296 .·
1367 1254 1419 1296 nec
1436 1240 1509 1294 Deus
1523 1236 1586 1309 ptus
1597 1236 1669 1306 facit
1687 1235 1740 1289 isti
1755 1249 1806 1306 qur

159 1311 299 1374 saluatur,
315 1311 468 1380 antequam
486 1306 612 1364 coboerca
627 1309 752 1379 tqratioe,
763 1325 849 1381 qaam
862 1310 910 1366 itii
923 1311 972 1383 qui
984 1324 1042 1366 nou
1056 1310 1197 1366 saluatur.
1211 1310 1263 1368 Sed
1276 1312 1352 1367 sicut
1364 1310 1415 1382 qui
1429 1307 1536 1382 tapides
1547 1306 1671 1389 pretioso
1684 1307 1807 1378 exponit

159 1380 283 1448 aenaim,
298 1383 327 1436 ct
340 1378 512 1436 desiderium
530 1376 691 1436 videntium
701 1380 811 1435 encitat
820 1379 856 1435 ad
870 1379 1020 1438 emendum
1034 1399 1044 1437 .·
1059 1381 1194 1439 similiter
1211 1383 1336 1452 qratiam
1351 1397 1434 1437 suam
1448 1383 1567 1452 apponat
1578 1378 1720 1442 omnibus,
1738 1392 1807 1433 con·

160 1454 231 1511 sulit
244 1449 408 1524 Scripturis.
419 1453 535 1532 stenem
557 1450 592 1506 tis
605 1454 733 1518 reuocat,·
744 1455 780 1507 ut
790 1451 977 1524 dominusper
988 1451 1144 1510 libertatem
1155 1453 1269 1509 arbitrii
1279 1467 1364 1524 quam
1377 1449 1598 1522 babentqratia
1610 1448 1804 1529 concreant.»

161 1524 285 1593 Etinfra
300 1540 309 1574 .·
331 1520 489 1590 Venimus
503 1466 560 1576 ulia
575 1520 715 1577 tribuitur
726 1522 830 1604 qratia
844 1540 854 1577 :
869 1525 937 1606 quia
949 1524 1036 1591 ratio,
1063 1540 1102 1580 aa
1117 1522 1197 1579 boma
1207 1524 1352 1588 discernit,
1364 1525 1393 1580 et
1402 1519 1652 1593 intettiqitamato
1662 1518 1807 1574 abstruen-

162 1593 267 1651 dumet
281 1593 349 1648 bene
361 1591 507 1672 aqcndam,
521 1594 564 1649 est
578 1594 668 1649 alteo.
685 1594 720 1649 Et
732 1591 794 1649 ideo
809 1594 858 1650 boc
872 1596 1032 1666 suspirante
1047 1540 1100 1651 qua
1116 1610 1197 1665 aqere
1210 1594 1316 1651 dicitur
1326 1613 1335 1650 :
1346 1595 1412 1666 quia
1426 1594 1500 1651 Deus
1507 1607 1559 1664 per
1567 1593 1807 1662 ratimaemquam

162 1664 240 1721 dedit
253 1661 455 1733 nominitant
469 1679 534 1719 eum
547 1668 696 1734 peccatam
710 1665 831 1736 ipsuma
849 1680 969 1723 noscere.
989 1685 1002 1717 s
1020 1667 1090 1730 uae,
1105 1666 1216 1739 otiaque
1237 1665 1406 1722 Guitictmus
1415 1681 1452 1721 cx
1469 1662 1612 1719 Abaetardi
1625 1662 1683 1718 scri
1703 1665 1743 1716 tis
1758 1677 1806 1717 re-

161 1739 235 1818 tert,
242 1734 319 1792 baud
327 1733 409 1816 dubie
419 1750 455 1790 eo
469 1737 530 1816 ejus
544 1735 697 1818 ineptoqia,
710 1751 773 1807 quac
784 1735 815 1793 ob
831 1683 881 1817 {aa
1227 1807 1232 1817 ι
1677 1677 1700 1786 [l

163 1807 215 1862 trac
224 1823 257 1863 cn
266 1822 296 1861 re
317 1805 475 1868 Guitteima
486 1820 546 1860 utro
560 1805 666 1878 atroque
680 1805 758 1862 docto
773 1822 806 1862 oc
818 1808 956 1879 piissimo,
964 1807 1048 1876 fidem
1063 1807 1199 1878 deneqare
1210 1810 1276 1864 tecet
1286 1826 1295 1862 .·
1306 1821 1433 1861 manime
1447 1821 1512 1861 cum
1522 1807 1553 1860 in
1563 1804 1631 1860 tibro
1642 1806 1745 1877 quarto
1757 1818 1806 1856 su-

181 1893 213 1934 er
222 1877 379 1948 Epistulam
392 1875 429 1930 ad
444 1877 590 1941 Romanos,
603 1877 764 1933 Aboetardus
778 1877 905 1936 eamdem
922 1878 1087 1950 pestiferam
1100 1878 1261 1934 doctrinam
1279 1878 1375 1936 doccat
1394 1893 1456 1948 paq,
1482 1878 1533 1931 653
1548 1879 1578 1932 et
1594 1876 1743 1945 sequente,
1758 1872 1806 1928 “bi

161 1894 224 2004 {aa
237 1946 320 2003 uerba
329 1947 361 2002 in
370 1945 468 2002 uiuitis
480 1946 635 2018 tequntur:
649 1947 709 2004 «Aa
719 1948 890 2005 desideriam
900 1951 942 2005 ita
961 1966 996 2008 ue
1009 1952 1179 2008 nostr-amin
1191 1951 1244 2005 Deo
1257 1948 1476 2011 accendendum,
1486 1945 1555 2004 etad
1564 1960 1684 2017 requam
1694 1945 1807 2000 cointe

164 2016 426 2090 concupiscendum,
438 2032 525 2099 quam
537 2019 641 2088 proeirc
654 2021 777 2090 qratiam
791 2036 902 2078 necesse
916 1968 968 2090 usq,
983 2022 1042 2077 nisi
1056 2025 1090 2076 ut
1105 2020 1248 2077 beatitudo
1267 2022 1330 2085 itta,
1346 2019 1482 2091 adquam
1500 2034 1551 2076 uas
1563 2019 1689 2082 inuitat,·
1706 2018 1736 2096 et
1751 2016 1807 2094 uia,

164 2089 976 2231 tt,aptatuatonreonterritabant
985 2088 1519 2232 birodidedun‘tercino’
1528 2088 1810 2230 instituta·

165 2231 241 2288 atius
253 2229 292 2285 'ad
306 2199 378 2286 bon'a
392 2245 477 2300 opera
488 2232 636 2312 incitetur.
653 2232 729 2288 atius
737 2249 798 2303 proe
810 2235 943 2305 temporis
953 2179 999 2289 sgi
1009 2205 1182 2305 neqtiqentia
1192 2177 1550 2312 inexcusabilisqreddabgr.
1560 2175 1712 2311 »Etpaulb
1727 2195 1810 2300 posts·

170 2302 245 2358 «Nec
254 2315 367 2358 necesse
377 2304 525 2383 est,utper
534 2303 1091 2427 cenquinquaisquotidianouasucccduut
1101 2305 1289 2376 operantium
1295 2306 1367 2360 Deus
1376 2307 1502 2374 qratiam
1509 2305 1615 2374 prater
1624 2316 1719 2372 ipsam
1725 2298 1812 2380 fidem

167 2374 301 2444 exponat,
317 2388 373 2443 qua
382 2372 512 2428 oidctrcet
526 2389 573 2429 cre
593 2375 677 2440 incus,
688 2390 738 2444 pra
753 2374 803 2430 boc
818 2374 889 2446 quod
898 2376 1032 2445 tacimus,
1045 2378 1162 2430 tantum
1177 2391 1228 2431 uos
1241 2375 1393 2448 proemium
1406 2374 1568 2445 adepturos.
1587 2391 1598 2420 r
1626 2373 1690 2428 Hoec
1704 2370 1814 2452 idcirco

169 2457 432 2510 commemoramus,
445 2447 480 2498 ut
494 2460 591 2501 omues
610 2444 725 2500 demum
735 2444 911 2514 intettiqant,
928 2462 1013 2517 quam
1027 2448 1114 2518 impie
1127 2450 1162 2501 ut
1172 2446 1205 2501 de
1220 2447 1430 2509 incarnatione,
1446 2447 1488 2504 ita
1501 2445 1534 2501 de
1545 2442 1641 2514 qratia
1656 2441 1776 2504 Christi,
1787 2453 1814 2494 ss

167 2531 225 2572 nou
240 2513 338 2578 sensit,
349 2515 450 2570 saitem
463 2516 610 2586 scripserit
620 2515 799 2583 citatorium·
812 2521 840 2573 et
859 2533 943 2589 quam
954 2518 1056 2575 merito
1072 2516 1232 2573 Beruardus
1248 2516 1357 2573 dicerit
1376 2519 1407 2571 in
1421 2516 1538 2588 epistota
1549 2512 1701 2572 centesima
1715 2527 1813 2566 nona-

169 2586 275 2658 qcsima
289 2584 523 2666 secundundum
538 2586 570 2643 de
584 2586 722 2649 trinitate
737 2590 873 2662 loquitur,
884 2589 960 2661 sapit
974 2588 1093 2654 Arium,·
1108 2603 1171 2644 cum
1191 2588 1223 2643 de
1232 2587 1334 2659 qratitn
1345 2588 1421 2665 sapit
1435 2585 1596 2658 Peiaqtsnn3
1612 2597 1679 2664 cum
1693 2580 1727 2638 de
1751 2596 1818 2652 per·

167 2673 238 2714 sona
254 2656 369 2737 constr.
387 2656 464 2737 sapit
476 2656 644 2712 Nestorium.
658 2677 669 2706 s
683 2661 719 2713 Et
729 2659 782 2715 duo
792 2659 904 2732 quidem
917 2663 1060 2733 postrema
1073 2675 1109 2714 ca
1128 2658 1222 2723 dictis,
1238 2662 1267 2714 et
1281 2661 1461 2733 exsequente
1477 2655 1596 2730 epistota
1611 2655 1788 2729 evincuntur
1804 2669 1813 2705 :

172 2727 205 2784 de
220 2729 305 2783 tcrtro
321 2725 403 2795 inqut,
416 2742 463 2797 qur
477 2726 506 2781 id
520 2729 592 2784 sciro
602 2728 683 2793 ootct,
696 2729 837 2785 Aboetardi
848 2730 953 2786 tibrum
967 2729 1118 2800 Tbeoioqioe
1133 2731 1250 2786 tertiam
1263 2730 1315 2785 sub
1328 2727 1528 2802 finempibique
1541 2725 1666 2783 inueniet
1676 2725 1735 2795 ipso
1750 2737 1815 2776 auc·

174 2802 244 2880 tore,
261 2817 272 2846 n
285 2797 371 2877 facite
380 2797 508 2854 convinci
516 2812 560 2853 eos
570 2799 620 2870 qui
628 2805 727 2856 nostru
737 2800 771 2858 de
779 2800 921 2871 fidcucrba
932 2800 1094 2866 abhorrent,
1104 2816 1170 2856 cum
1178 2800 1308 2859 uidelicet
1317 2800 1442 2858 audiunt
1450 2798 1540 2858 Deum
1549 2801 1672 2877 Patrem.
1683 2798 1710 2849 ot
1720 2795 1815 2876 mm.

173 2868 292 2931 Falsum,
307 2883 460 2923 insensum
473 2870 620 2926 uerborum
631 2870 709 2926 uobis
731 2887 788 2929 esse
801 2872 977 2943 conjunctos.
995 2891 1008 2922 r
1028 2873 1084 2941 Quo
1099 2871 1201 2944 pacto?
1216 2872 1446 2944 ‹Interroqcmus
1458 2872 1535 2927 eninr
1545 2884 1599 2933 eos,
1614 2886 1626 2917 ν
1643 2882 1676 2920 m
1692 2868 1772 2929 misi
1789 2878 1815 2917 ³²

174 2939 351 3011 Sapientiam
365 2939 552 3004 Deicrcdant,
572 2939 605 2994 de
620 2957 674 3025 qua
689 2943 889 3012 scriptumest,
907 2963 918 2993 r
933 2943 1034 3001 Omnia
1047 2943 1081 2998 in
1091 2942 1235 3014 sapientia
1248 2944 1362 3013 fecisti‚·
1379 2964 1390 2992 ι
1407 2945 1437 2997 et
1449 2941 1552 2998 statim
1566 2955 1645 3012 respo
1701 2935 1772 2992 bunt
1785 2949 1815 2990 se

174 3009 295 3074 credere,
313 3027 325 3058 r
343 3011 397 3065 tioc
421 3026 484 3066 uem
505 3024 562 3066 esse
576 3012 680 3068 ditium
698 3013 834 3071 eredere:
858 3013 936 3069 sicut
954 3013 1066 3071 credere
1092 3013 1110 3069 S
1130 3015 1233 3069 iritum
1248 3017 1380 3070 sanctum
1393 3028 1451 3069 non
1464 3012 1544 3068 atiud
1559 3025 1628 3076 esse,
1648 3023 1734 3081 quam
1753 3018 1814 3062 ere·

894 1738 1025 1807 sortasse,
1042 1737 1156 1809 aliaque
1169 1736 1324 1808 permulta,
1338 1737 1484 1817 aposteris
1494 1734 1632 1790 mutitata
1647 1747 1674 1789 es
1691 1771 1698 1785 .
1715 1731 1808 1802 Neque

77 3115 80 3121 ·
175 3081 239 3137 dere
248 3082 297 3138 Dei
310 3081 524 3162 beniqnitotem.
539 3082 604 3151 Quoe
614 3083 725 3155 quidem
735 3086 760 3140 si
773 3085 862 3154 riqide
871 3085 1062 3154 accipiantur,
1170 3086 1320 3158 piusquam
1330 3081 1569 3148 Arianismum,id
1580 3084 1622 3138 est
1633 3076 1816 3136 Sabettiaais·

173 3168 265 3217 mam,
279 3167 377 3223 sapere
391 3151 534 3208 uidentur.
548 3153 738 3225 Quamquam,
752 3160 785 3212 ut
795 3157 918 3227 inqenue
927 3157 1031 3226 fatear,
1043 3154 1251 3212 bancerrorcm
1261 3155 1533 3226 inconsequentibus
1547 3153 1722 3222 rejicit,paq.
1735 3147 1814 3202 1069.

179 3224 279 3280 Verum
288 3223 409 3279 interest
420 3238 476 3279 non
490 3224 582 3278 solum
592 3229 667 3281 recte
677 3227 793 3291 sentire,
809 3226 855 3283 sed
865 3227 952 3283 etiam
962 3226 1101 3298 (manime
1109 3226 1156 3282 ubi
1165 3226 1198 3281 de
1208 3226 1274 3281 Fide
1283 3225 1391 3295 aqitur)
1401 3229 1476 3281 recte
1487 3225 1602 3294 ioquioc
1612 3218 1816 3277 scriberettim

176 3310 234 3349 non
248 3294 393 3351 immerito
415 3295 582 3350 GuitIeImus
597 3295 873 3353 Sancti-Theoderici
887 3299 918 3353 in
932 3298 1026 3369 capite
1046 3298 1130 3355 tertio
1146 3293 1212 3353 iibri
1228 3301 1328 3351 contra
1355 3295 1450 3366 ipsum
1477 3292 1665 3356 Aboetardum,
1688 3289 1817 3346 adductis

177 3366 240 3434 ejus
249 3362 338 3420 uerbis
352 3363 385 3417 do
395 3379 451 3418 arc
465 3367 493 3420 et
507 3365 610 3434 siqitio,
621 3366 655 3421 dc
666 3369 794 3438 potentin
803 3371 832 3422 ct
843 3367 966 3438 quadam
977 3370 1116 3440 potentia,
1130 3386 1142 3417 ι
1157 3370 1298 3437 quantum
1312 3364 1348 3419 ad
1354 3379 1542 3436 personarum
1551 3362 1814 3423 destructionem.»

177 3435 284 3562 susc
298 3433 744 3562 sucessionem
759 3437 794 3492 a
1088 3441 1121 3562 a
1132 3436 1429 3562 baricianos
1438 3433 1735 3562 succursores
1743 3431 1820 3558 scs:

181 3575 255 3659 tardi
268 3542 384 3632 causam
402 3524 561 3649 susc'ipigrn
575 3524 1004 3652 “aversusofflnneanmffi
1015 3523 1174 3652 ἷνὶνιιοίἵρξνοίο
1186 3523 1219 3633 :in
1232 3523 1412 3634 conturbares
1423 3523 1527 3645 judicii
1549 3591 1581 3631 ac
1595 3520 1696 3630 uirisque
1711 3575 1753 3628 im
1767 3645 1773 3656 ι
1788 3573 1821 3626 ti·

178 3663 252 3729 qaum
267 3662 401 3704 accusare
412 3662 497 3718 porro
507 3664 565 3730 nou
580 3653 723 3705 verentur.
739 3649 839 3708 Eodem
848 3654 907 3721 sere
922 3651 1013 3715 modo,
1038 3649 1134 3778 atque!
1148 3648 1319 3714 Aboetardus,
1347 3649 1493 3705 Trinitatis
1508 3647 1676 3719 mysterium
1684 3661 1748 3726 ¹cap
1762 3646 1819 3698 scat

182 3717 391 3776 Gurtietmusrte
409 3718 535 3781 Cononis,
546 3720 628 3790 cujus
642 3721 742 3778 itidem
752 3738 860 3780 errores
874 3724 1006 3793 confutat
1018 3722 1071 3779 Gui
1085 3721 1186 3778 tetmus
1199 3718 1471 3777 Sancti-Tbeoderici
1484 3717 1565 3774 abbas
1584 3718 1616 3772 in
1644 3715 1767 3788 epistota
1785 3711 1821 3769 ad

180 3789 366 3845 bernardum.
384 3789 454 3845 Adeo
470 3789 545 3847 nibil
554 3792 699 3860 infelicius
709 3793 807 3850 caderc
820 3794 852 3849 in
866 3793 1031 3866 retiqionem
1045 3795 1233 3864 potestquam
1243 3806 1310 3847 cum
1322 3789 1481 3863 philosophi
1498 3806 1535 3847 ex
1548 3789 1608 3844 sota
1626 3789 1740 3844 ratione
1754 3783 1822 3855 fidei

180 3864 288 3916 nostrae
300 3861 438 3932 mqstcrin
449 3861 593 3932 inplicare
602 3867 754 3920 conantur.

217 3933 243 3984 8.
255 3930 296 3987 De
310 3934 368 3987 toto
382 3931 521 3988 Aboeiardi
529 3934 635 4005 neqotio
653 3934 806 4004 Gausridus
815 3935 909 3992 sancti
921 3933 1058 3990 Bernardi
1071 3933 1204 3991 notarius
1218 3932 1262 3988 ito
1280 3931 1409 4004 loquitur
1427 3931 1459 3987 in
1474 3931 1592 4004 epistota
1612 3929 1647 3985 ad
1667 3930 1823 3986 tienricnm

181 4001 360 4059 cardinalem
370 4005 399 4058 et
408 4003 568 4074 episcopum
581 4002 784 4063 Aibaneusem:
801 4027 814 4055 ι
831 4006 931 4062 tudini
944 4006 1042 4074 etiam,
1058 4005 1131 4077 quod
1144 4020 1227 4131 suffer
1237 4003 1419 4060 damnatione
1432 4005 1512 4059 Petri
1520 4001 1657 4059 dboetardi
1672 4000 1823 4082 ditiqentia

182 4077 275 4131 uestra
294 4072 433 4130 desiderat
447 4074 563 4145 plenius
577 4092 658 4133 nosse
672 4077 807 4133 similiter
820 4079 972 4135 ueritatem
991 4094 1001 4131 .·
1016 4077 1098 4146 eujus
1114 4075 1167 4133 tibe
1181 4075 1220 4131 tos
1233 4076 1290 4146 pioe
1307 4074 1452 4131 memoriae
1480 4075 1612 4132 daminus
1639 4074 1825 4130 innocentius

182 4145 210 4210 It
221 4148 340 4217 papatu
353 4146 421 4201 urbe
434 4147 521 4201 Roma
540 4150 568 4203 et
581 4146 613 4202 in
627 4147 742 4205 ecclesia
755 4147 831 4205 beati
840 4148 920 4205 Petri
933 4147 1064 4205 incendio
1077 4146 1179 4205 celebri
1192 4145 1400 4210 condemnavit,
1415 4146 1567 4216 apostolica
1579 4145 1750 4201 auctoritate
1762 4141 1824 4198 ἠνο-

183 4218 307 4272 reticum
321 4217 406 4272 ittam
420 4217 604 4273 denuntians.
618 4219 690 4275 Nam
701 4224 728 4275 et
743 4223 811 4276 ante
823 4221 918 4292 plures
933 4235 1022 4276 annos
1045 4217 1212 4276 uenerabilis
1225 4216 1343 4288 quidam
1357 4216 1513 4272 cardinatis
1527 4220 1554 4274 ct
1565 4217 1675 4297 thatus
1689 4217 1826 4271 Romana

184 4286 323 4349 Ecclesiae,
342 4286 414 4342 Cano
430 4288 553 4353 nomine,
574 4290 714 4361 reputaris
729 4289 867 4363 quondam
881 4289 1033 4347 canonicus
1052 4289 1177 4346 ecciesiae
1197 4286 1418 4344 Sancti-Nicotai
1436 4287 1471 4344 de
1498 4288 1627 4352 nnana,
1651 4285 1827 4356 Tbeothiam

185 4358 256 4428 ejas,
274 4357 422 4414 Suessionc
435 4359 591 4415 concilium
605 4361 757 4425 celebrans,
777 4363 911 4418 similiter
930 4363 1170 4425 concremaverat,
1191 4359 1286 4428 ipsum
1308 4359 1426 4414 Petrum
1440 4363 1614 4441 praesentem
1635 4373 1769 4427 arquens.
1800 4359 1828 4412 et

184 4426 346 4484 convictum
360 4427 393 4482 dc
406 4428 540 4485 tcoeretica
552 4432 694 4503 pravitate
706 4431 905 4490 condemnans.
924 4431 998 4490 mide
1009 4433 1101 4486 vestro
1116 4431 1141 4485 si
1144 4430 1313 4570 psslmem’
1327 4428 1472 4493 desiderio,
1487 4445 1538 4503 pcr
1553 4427 1679 4485 tibettnm
1697 4426 1732 4484 de
1764 4429 1828 4482 Vita

185 4498 280 4555 sancti
295 4499 441 4564 Bcrnurdi,
458 4505 484 4557 et
517 4517 548 4558 er
561 4504 622 4574 ejus
637 4504 771 4575 epistolas
786 4504 887 4560 missas
900 4501 936 4557 ad
949 4502 1061 4559 curiam
1075 4502 1144 4557 satis
1181 4502 1202 4555 t.
1221 4498 1320 4555 Inueni
1333 4502 1431 4557 tamen
1443 4500 1476 4557 iu
1496 4499 1673 4557 Clara-Vatia
1694 4497 1829 4553 taetrum

186 4569 337 4642 cujusdam
350 4570 458 4628 obbatis
472 4517 622 4697 bffqrorum
631 4574 848 4656 'manachorum
863 4588 917 4699 quo
932 4587 1039 4630 errares
1049 4571 1172 4644 ejusdcm
1186 4572 1264 4651 Petri
1279 4573 1429 4652 notantur,
1445 4588 1528 4644 quem
1542 4575 1571 4627 et
1582 4572 1652 4627 otim
1663 4583 1708 4624 me
1720 4567 1830 4650 oidisse

186 4641 317 4699 recordor
335 4642 405 4698 :sed
418 4659 436 4698 a
449 4658 499 4698 mu
513 4651 550 4700 us
563 4661 659 4710 annis,
674 4650 707 4701 ut
721 4644 847 4702 custodes
874 4643 1001 4701 abrorum
1017 4647 1159 4707 asserunt,
1174 4641 1298 4698 studiose
1313 4647 1456 4714 quantus,
1471 4643 1585 4715 primas
1602 4642 1751 4714 quaternio
1768 4655 1830 4694 non

185 4713 281 4785 potuit
295 4713 430 4769 inueniri.
445 4715 564 4788 Propter
576 4715 650 4787 quod
671 4716 809 4788 propositi
823 4716 916 4772 nostri
930 4718 972 4772 est
986 4717 1018 4771 in
1031 4715 1183 4771 Franciam
1196 4712 1341 4769 destinare
1354 4713 1390 4770 ad
1407 4715 1628 4781 monasteriam,
1647 4711 1729 4782 cujus
1743 4709 1830 4766 abbas

186 4784 310 4849 sustitit,
326 4784 376 4856 qui
390 4784 519 4841 eamdem
535 4785 638 4842 tunm
656 4786 811 4859 composuit
823 4807 832 4856 ,·
846 4790 883 4851 et,
899 4788 926 4842 si
940 4800 1107 4859 recuperare
1118 4789 1226 4857 patera,
1241 4784 1393 4842 transcribi
1410 4786 1506 4856 facere
1525 4784 1648 4844 codicem
1668 4785 1774 4846 totam,
1801 4784 1830 4839 et

186 4855 301 4913 mittere
314 4855 397 4911 uobis
415 4855 500 4914 Credo
513 4857 590 4914 enim
603 4856 675 4929 quod
688 4862 789 4914 ucstroe
803 4858 989 4931 inquisitioni
1001 4858 1133 4929 suspicere
1153 4857 1258 4923 debeat,
1278 4859 1312 4911 at
1333 4856 1517 4928 copioscatis,
1535 4873 1614 4929 qun,
1644 4852 1830 4926 quemadmo-

186 4925 264 4990 dum,
281 4941 367 4999 quarc
385 4929 445 4983 sint
458 4927 657 4983 condemnata.
671 4945 684 4979 s
699 4930 841 4986 Hactenus
861 4928 1017 5000 Gaufridus
1029 4944 1065 4984 ec
1080 4926 1194 4984 Cbesnii
1208 4927 1288 4983 Notis
1302 4928 1334 4982 in
1348 4926 1536 4984 Abaetardum.
1562 4926 1702 4983 ttittimus
1716 4941 1784 4996 quoe
1798 4924 1830 4980 dc

185 4997 244 5054 uiso
259 4998 373 5054 chrici
384 4999 516 5055 carronici
534 5000 724 5065 Tornaccnsis,
740 5001 775 5057 ad
788 5003 886 5057 Patres
901 4999 999 5072 sqnodi
1011 4999 1179 5058 Sunonensis
1193 5001 1277 5069 atque
1290 4995 1327 5054 ad
1342 4998 1519 5056 Bernardum
1536 4998 1638 5068 relato,
1668 5010 1833 5052 memoran-

188 5070 237 5124 tur
256 5071 288 5124 s'n
304 5070 447 5141 Spiciteqii
460 5073 534 5127 tomo
547 5069 718 5137 duodecimo,
734 5088 796 5144 paq.
814 5073 865 5128 478
880 5076 907 5129 et
923 5075 1066 5144 sequente.

223 5142 249 5194 9.
265 5141 451 5213 Posteaquam
465 5139 524 5196 buc
538 5143 718 5215 scripseram,
733 5149 828 5201 noster
846 5143 967 5200 ioannes
988 5139 1150 5207 Duranius,
1166 5141 1215 5216 qui
1235 5143 1302 5197 tunc
1318 5140 1412 5198 ttomoe
1434 5139 1612 5209 versabatur,
1639 5153 1675 5196 ec
1696 5138 1833 5196 menmso

186 5209 280 5267 codice
312 5211 452 5277 Vaticano,
476 5215 575 5271 notato
598 5215 659 5281 663,
673 5214 710 5271 ad
729 5227 774 5272 me
788 5215 948 5271 transmisit
964 5213 1003 5270 Ca
1021 5212 1097 5269 ituta
1116 5211 1254 5270 mserum
1276 5211 1355 5267 Petri
1374 5211 1522 5294 Aboetardi,
1551 5209 1680 5285 sequenti
1704 5211 1835 5282 epistota

186 5281 348 5366 praemissa,
361 5281 418 5366 bruc
434 5285 496 5355 ipsa
509 5285 571 5368 sine
582 5285 674 5350 dubio,
689 5303 753 5359 qua
766 5285 926 5369 Beruardus
940 5286 972 5343 in
985 5230 1042 5367 pigre
1062 5284 1181 5356 huiusce
1195 5282 1363 5368 epistotam
1376 5284 1531 5413 cotieffise,
1546 5299 1580 5366 ac
1599 5281 1735 5353 Pontifici
1751 5286 1834 5340 tran·

186 5369 311 5410 smrsnse
323 5355 475 5425 siquinus.
491 5357 598 5415 idcirco
611 5373 644 5414 ea
654 5357 704 5416 boc
719 5359 776 5415 ioco
788 5360 966 5431 praemittere
980 5372 1071 5414 ursum
1084 5360 1124 5414 est
1138 5355 1175 5412 ad
1189 5371 1278 5430 rpsrus
1287 5355 1413 5429 epistota
1426 5357 1449 5412 rt
1496 5358 1661 5414 irationem

872 5483 1160 5523 -000—-
