3728 5940
171 200 239 265 toti
653 189 681 247 S.
711 184 879 247 tinniunt
908 182 1042 243 nuntiis
1060 183 1364 261 cumulantibus
1756 186 1823 247 lDbb

167 338 223 387 tem
236 325 360 393 obtinuit,
384 318 457 391 quod
472 319 557 372 virum
577 314 749 389 Apostoliens
763 312 844 369 lucris
871 309 960 380 potius
977 330 1000 408 Α
1016 308 1135 364 cundum
1150 310 1250 365 dietum
1267 313 1413 382 prophetie,
1433 320 1525 367 secuta
1549 321 1591 366 est
1610 312 1735 385 sanitas,
1749 313 1821 368 sani·

167 414 337 475 uberioribus
351 406 539 478 occupandum
552 388 718 463 decerneret.
734 403 885 457 Nectamen
899 413 960 453 om·
1016 405 1097 466 ptem
1116 398 1208 454 laetitia
1224 399 1306 471 patris
1319 400 1420 457 clamor
1434 408 1461 456 et
1476 401 1607 471 strepitus
1620 401 1711 457 totius
1725 402 1821 457 exsul·

168 508 233 562 nino
253 503 397 558 frustratus
413 490 812 557 estadosideriocordissui,
829 491 872 544 cui
891 486 960 541 mori
1014 485 1095 540 tantis
1120 485 1239 541 familiae.
1261 487 1332 543 Exiit
1357 503 1448 544 sermo
1462 489 1496 544 ad
1521 505 1625 556 ornnes,
1662 506 1718 546 nec
1750 491 1821 546 enim

167 594 216 662 ibi,
234 590 285 646 etsi
300 603 352 643 uon
369 585 466 649 rivere,
479 586 608 638 donatum
622 592 673 637 est.
696 581 814 635 Mensem
828 577 961 647 integrum
1014 575 1085 643 quod
1102 575 1129 629 in
1154 576 1235 630 domo
1250 577 1325 649 regin
1341 585 1368 631 et
1391 577 1473 647 nego
1495 577 1631 635 acciderat
1646 576 1716 647 filio,
1740 580 1821 637 latere

168 681 233 737 iecit
247 679 274 733 in
289 677 372 746 Urbe,
388 675 448 730 loco
473 680 563 728 saneta
578 670 780 742 perambulam,
796 676 822 723 et
835 668 962 737 l'requen·
1016 663 1110 732 poluit.
1128 664 1162 719 Et
1178 680 1239 719 occe
1255 665 1356 736 ubique
1371 666 1507 721 resultans
1519 667 1671 739 gratiarum
1694 669 1782 731 aetio,
1797 682 1820 726 et

167 778 227 824 tans
241 783 321 823 causa
337 763 478 819 orationis.
495 762 615 831 Cumque
631 775 678 829 per
692 758 719 812 id
733 756 862 826 temporis
890 770 963 826 supe

165 874 199 915 ac
212 857 355 927 diligenter
368 853 402 906 ab
416 866 459 915 eo,
476 857 503 905 et
531 850 564 904 ab
591 846 693 919 bisqui
721 861 783 901 cum
811 859 843 899 eo
873 851 959 906 orarit,

167 960 292 1003 summus
325 939 448 995 Pontifex
473 937 632 1008 inquisisset
651 951 710 989 esso
738 936 840 1004 patriis,
870 947 961 987 mores

164 1034 263 1110 gentis,
280 1038 378 1088 statum
392 1026 584 1093 Ecclesiarum,
601 1033 628 1080 et
648 1031 751 1096 quanta
765 1022 791 1077 in
807 1032 875 1076 terra
890 1021 962 1075 Deus

165 1138 287 1196 pereum
315 1125 442 1189 operatus
472 1115 576 1169 luisset:
597 1112 701 1182 paranti
730 1111 789 1180 jam
818 1109 962 1181 repatriare

166 1209 303 1269 commisit
316 1207 388 1263 vices
403 1220 475 1271 sum,
494 1220 540 1274 per
554 1202 706 1258 universam
727 1198 882 1255 Hiberniam
892 1198 963 1269 lequ-

172 1310 230 1357 tum
246 1299 319 1353 illum
342 1294 521 1351 constituens.
539 1289 728 1362 Significatum
749 1287 884 1360 siquidem
905 1297 964 1342 eret

169 1389 192 1446 ei
204 1390 239 1444 ab
253 1386 382 1458 episcopo
397 1381 559 1448 Gilleherto,
575 1380 631 1451 qui,
647 1386 773 1447 utsupra
788 1374 963 1431 memorarin-

166 1494 237 1544 mus,
258 1484 322 1530 tunc
335 1472 443 1543 legatus
458 1469 606 1535 exstiterat,
623 1483 707 1539 quani
720 1467 775 1536 jam
801 1482 856 1519 non
869 1470 962 1535 posset

166 1581 222 1638 pru
239 1563 315 1621 senio
331 1570 358 1616 et
372 1558 513 1615 debilitate
526 1556 649 1627 corporis
671 1555 804 1610 villicare.
826 1553 890 1607 Post
904 1553 962 1606 baec

166 1654 233 1726 petit
242 1649 388 1707 Malachias
398 1645 553 1702 confirmari
568 1660 647 1699 nouae
657 1643 816 1712 metropolis
828 1640 960 1697 constitu-

165 1744 277 1813 tionem,
294 1746 321 1794 et
334 1737 476 1808 utriusque
493 1734 566 1790 sedis
596 1731 677 1804 pallia
692 1731 745 1786 sibi
759 1731 827 1788 dari.
844 1731 878 1785 Et
897 1744 962 1784 con-

165 1828 325 1887 firmationis
340 1826 449 1897 quidem
471 1822 648 1894 privilegium
662 1837 725 1875 mcx
748 1819 876 1890 accepit:
895 1838 906 1867 «i
924 1820 961 1872 De

166 1917 258 1989 palliis
273 1923 372 1979 autem,
391 1933 402 1963 a
421 1913 458 1967 ait
473 1927 597 1967 summus
609 1910 742 1981 pontitex,
763 1914 899 1979 «oportet
918 1923 963 1961 su-

167 2006 283 2061 lemnius
306 2003 361 2075 agi.
392 2000 554 2056 Convocatis
583 1998 731 2070 episcopis,
748 2004 774 2052 et
793 1995 910 2061 clericis,
936 2003 963 2049 et

166 2093 316 2163 majoribus
331 2098 408 2145 terrae
422 2087 576 2144 celebrabis
603 2086 729 2158 generale
757 2085 919 2140 crincilinm:
937 2092 963 2138 et

166 2182 206 2239 sic
218 2178 389 2237 conniventia
404 2185 431 2232 et
454 2175 592 2232 communi
611 2182 674 2232 voto
699 2173 887 2228 uniuersorum
915 2188 963 2242 per

164 2271 294 2326 honestas
309 2281 442 2339 personas
456 2263 602 2335 requiretis
616 2262 744 2334 pallium,
760 2270 785 2316 et
800 2261 909 2315 dabitur
920 2277 964 2315 io-

163 2358 217 2415 bis.
230 2378 243 2408 »
258 2356 362 2411 Deinde
372 2354 468 2408 tollens
485 2352 593 2406 mitram
606 2350 641 2407 de
655 2351 742 2421 capita
758 2367 817 2417 suo,
834 2348 963 2421 imposuit

163 2446 246 2519 capiti
261 2445 337 2515 ejus:
354 2443 400 2499 sed
416 2450 442 2497 et
456 2443 553 2496 stolam
569 2456 634 2496 cum
647 2439 787 2510 manipulo
796 2437 881 2504 dedit,
898 2438 961 2508 qui-

163 2537 216 2591 bus
231 2534 269 2589 uti
282 2534 353 2588 inter
377 2531 549 2586 niterendum
579 2529 694 2584 solebat.
715 2528 749 2582 Et
764 2528 908 2582 salutatum
935 2527 963 2581 in

164 2622 259 2680 osculo
273 2621 349 2694 pacis
364 2619 465 2674 dimisit
480 2634 553 2686 eum,
569 2617 720 2689 apostolica
747 2615 845 2672 lultum
873 2616 960 2670 bone·

164 2712 281 2769 dictione
295 2717 322 2765 et
336 2709 505 2765 auctoritate.

204 2803 248 2856 ³9.
264 2798 317 2867 Qui
331 2804 473 2854 revertens
500 2812 551 2866 per
568 2795 811 2859 Claram-Vallem,
828 2809 905 2848 suam
920 2809 967 2848 sc·
983 2804 1004 2884 c

167 2889 258 2945 cundo
272 2886 353 2942 nobis
368 2885 484 2957 largitus
497 2892 538 2939 est
552 2883 780 2939 benedictionem.
796 2883 831 2938 Et
845 2883 900 2937 alta
914 2899 960 2937 sn·

166 2974 461 3049 spiriatrahens,quod
475 2990 530 3028 non
541 2973 635 3028 liceret
641 2972 694 3027 sihi
703 2989 753 3044 pro
761 2988 810 3026 suo
824 2971 960 3027 desiderio

164 3080 309 3122 remanere
325 3078 332 3114 ι
347 3081 359 3117 ι
376 3064 470 3127 llos»
497 3061 593 3133 inquit,
611 3082 623 3112 ι
640 3060 745 3116 interim
764 3077 814 3132 pro
834 3076 886 3124 me,
911 3075 960 3115 ero

166 3163 194 3210 ut
208 3152 356 3220 retineatis,
373 3153 419 3224 qui
435 3166 452 3205 a
466 3151 544 3206 robis
558 3151 673 3215 discant,
688 3150 761 3221 quod
775 3166 826 3204 nos
835 3158 959 3221 postmo-

164 3245 232 3299 dum
245 3243 370 3299 doceant.
390 3263 401 3288 ι
420 3241 451 3294 Et
466 3239 548 3294 inient
564 3258 569 3293 z
591 3257 603 3290 ι
619 3240 707 3294 Erunt
722 3239 801 3295 nobis
815 3239 842 3293 in
857 3255 962 3305 semen,

161 3339 191 3388 et
204 3332 231 3386 in
246 3330 349 3387 semina
366 3329 419 3382 isto
434 3327 626 3383 benedicentur
636 3336 743 3398 gentes,
758 3327 924 3398 etillagent·
936 3346 958 3395 s,

160 3434 222 3491 quae
240 3434 257 3473 a
272 3418 369 3472 diebus
384 3415 502 3486 antiquis
526 3415 654 3470 monachi
672 3414 780 3484 quidem
795 3431 895 3469 nomen
909 3432 958 3470 uu-

162 3507 281 3576 dierunt,
310 3505 475 3559 monachum
513 3519 568 3558 non
604 3503 737 3558 uiderunt.
756 3522 767 3553 s
785 3504 818 3558 Et
841 3503 960 3559 dimissis

161 3602 278 3669 quatuor
291 3609 309 3649 a
321 3593 406 3648 latere
421 3608 483 3659 suo,
494 3592 560 3648 abiit
575 3612 582 3649 ε
600 3592 646 3664 qui
659 3592 777 3664 probati,
793 3601 820 3648 et
830 3593 906 3665 digni
919 3593 960 3647 in·

162 3683 239 3740 nenti
253 3681 382 3739 monachi
398 3680 462 3738 lacti
477 3689 550 3736 sunt.
567 3683 631 3737 Post
643 3682 753 3754 aliquod
763 3690 881 3753 tempus,
897 3698 960 3739 cum

159 3774 219 3845 jam
233 3771 349 3828 Sanetus
360 3778 434 3826 esset
450 3770 478 3825 in
501 3778 574 3825 term
599 3786 658 3836 sua,
675 3771 748 3826 misit
775 3771 854 3839 alios,
886 3771 960 3826 etde

160 3861 214 3916 illis
227 3860 331 3916 factum
353 3867 395 3914 est
425 3859 557 3914 similiter.
586 3858 690 3927 Quibus
719 3874 771 3931 per
792 3859 958 3931 aliquantum

160 3958 268 4021 tempus
283 3947 431 4014 instructis,
448 3957 476 4003 et
504 3947 618 4003 eruditis
648 3947 730 4004 corde
758 3948 784 4002 in
814 3948 957 4020 sapientia,

160 4040 224 4094 dato
238 4038 278 4093 eis
292 4037 321 4092 in
336 4044 442 4109 patrem
456 4045 551 4092 sancto
568 4035 654 4091 fratre
667 4036 830 4103 Christiano,
840 4037 885 4109 qui
899 4046 957 4093 erat

1015 751 1173 815 variandis,
1190 761 1247 806 tum
1260 769 1308 821 pio
1324 754 1408 809 salute
1423 755 1537 823 domini,
1552 764 1608 811 tum
1624 772 1676 826 pro
1690 758 1820 815 miraculi

1015 841 1146 896 novitate.
1163 841 1293 896 hienricus
1308 850 1349 898 est
1363 843 1436 900 ista:
1454 859 1518 903 uam
1532 845 1600 901 vivit
1616 845 1711 903 adhuc
1726 850 1821 905 unicus

1015 930 1098 999 putris
1123 930 1175 996 sui,
1202 931 1279 987 miles
1303 932 1380 988 sortis
1415 942 1442 988 et
1465 937 1599 1005 prudens,
1626 936 1780 1008 patrizans,
1795 950 1820 995 ut

1014 1018 1099 1083 nitunt,
1115 1018 1143 1072 in
1156 1021 1283 1074 sectando
1295 1021 1431 1089 justitiam
1444 1031 1472 1077 et
1485 1039 1604 1080 amorem
1618 1024 1678 1079 uiri.
1696 1026 1734 1082 Et
1750 1044 1821 1084 arna·

1015 1109 1053 1162 vit
1067 1116 1178 1178 uterque
1203 1108 1376 1176 Malachiam,
1398 1111 1518 1181 quandiu
1542 1110 1625 1170 uto
1651 1116 1732 1186 vixit,
1761 1126 1820 1173 tan·

1015 1212 1097 1266 quam
1110 1196 1157 1267 qui
1181 1197 1255 1251 illum
1270 1213 1286 1253 a
1301 1207 1390 1254 morte
1404 1210 1571 1257 revocasset.
1589 1203 1741 1277 lingebant
1761 1222 1819 1261 eum

1015 1300 1126 1339 nianere
1140 1302 1192 1357 per
1206 1286 1307 1357 aliquot
1322 1287 1379 1344 dies
1395 1309 1402 1346 ε
1419 1288 1467 1343 sed
1477 1289 1521 1346 illo
1535 1290 1675 1348 declinans
1687 1293 1818 1366 gloriam,

1016 1389 1121 1429 moram
1145 1390 1199 1429 non
1215 1376 1351 1443 sustinuit,
1368 1384 1393 1432 et
1407 1392 1488 1433 mane
1502 1380 1630 1449 carpebat
1643 1381 1708 1437 iter.
1724 1383 1820 1440 Tmus-

1015 1463 1090 1517 eunti
1112 1463 1194 1534 igitur
1209 1480 1256 1534 per
1270 1465 1371 1530 uillam,
1388 1467 1497 1524 nomine
1512 1469 1688 1541 Crugeldum,
1702 1476 1816 1531 occurrit

1017 1551 1107 1622 puella
1125 1562 1209 1608 muta.
1225 1551 1325 1610 Orante
1346 1554 1401 1619 illo,
1417 1558 1535 1612 solutum
1550 1566 1592 1613 est
1613 1559 1759 1617 vinculum
1773 1563 1818 1618 liu·

980 1610 1077 1710 Bquau
1092 1640 1161 1708 ejus,
1178 1648 1204 1695 el
1220 1643 1381 1712 loquebatur
1395 1653 1480 1701 recte.
1496 1645 1600 1703 Dehinc
1615 1647 1710 1704 villam
1727 1651 1816 1724 ingro-

1013 1727 1100 1795 diens,
1121 1744 1204 1801 quam
1237 1731 1376 1786 nominant
1394 1733 1536 1791 ecclesiam
1561 1736 1811 1804 Sancti-Michaelis.

1014 1816 1134 1872 oblatam
1148 1818 1200 1874 sibi
1227 1819 1371 1876 mulierem
1384 1821 1576 1892 phreneticam,
1592 1833 1619 1879 et
1634 1826 1758 1883 vinctam
1771 1828 1813 1884 lu·

1014 1906 1104 1967 nibus,
1130 1921 1222 1961 eoram
1238 1908 1310 1964 ornni
1326 1911 1426 1981 populo
1440 1920 1526 1975 curat,
1543 1922 1570 1968 et
1584 1914 1696 1970 diruisse
1711 1917 1815 1974 ineolu-

1015 1994 1052 2047 mi
1067 1994 1252 2064 proficiscitur.
1283 1998 1443 2054 Perveniens
1475 2017 1540 2058 uero
1563 2003 1595 2057 ad
1624 2015 1738 2074 portum
1762 2008 1813 2063 ta·

1016 2083 1168 2153 percepturi,
1187 2085 1328 2141 transitum
1343 2086 1379 2142 ibi
1392 2103 1440 2156 per
1454 2089 1558 2160 aliquot
1571 2090 1632 2147 dies
1641 2094 1818 2162 prestolaba-

1017 2181 1080 2227 tur:
1100 2172 1148 2228 sed
1174 2190 1252 2229 mora
1277 2175 1388 2232 minime
1403 2178 1510 2233 transiit
1528 2180 1622 2237 otiosa.
1640 2182 1819 2240 construitur

1015 2258 1123 2315 interim
1148 2260 1183 2317 de
1207 2262 1291 2335 virgis
1320 2264 1347 2319 in
1372 2281 1462 2336 sepem
1477 2268 1557 2324 textis
1579 2272 1739 2340 oratorium,
1756 2273 1817 2344 ipso

1013 2348 1137 2417 jubente,
1158 2350 1219 2421 ipso
1235 2361 1366 2423 operante
1383 2356 1492 2424 pariter.
1518 2358 1745 2415 consummatum
1758 2361 1816 2418 cir-

1015 2438 1152 2495 cumdedit
1184 2438 1263 2506 uallo,
1291 2450 1370 2513 atque
1395 2445 1554 2516 interjacens
1567 2448 1684 2518 spatium
1704 2450 1734 2505 in
1750 2466 1815 2507 coe·

1015 2528 1158 2585 materiam
1175 2528 1324 2585 benedixit.
1349 2532 1420 2589 Sane
1440 2536 1533 2591 merita
1550 2536 1737 2593 benedicentis
1753 2540 1817 2593 mi-

1015 2616 1107 2673 racula
1122 2617 1188 2674 satis
1214 2618 1364 2688 declarant,
1381 2639 1442 2693 quau
1460 2639 1543 2695 usque
1556 2624 1635 2681 bodie
1648 2624 1688 2680 ibi
1702 2626 1816 2682 actitari

1016 2702 1152 2763 feruntur.

1057 2797 1103 2850 tt.
1125 2796 1192 2853 Inde
1215 2806 1264 2868 est,
1288 2801 1359 2870 quod
1375 2803 1409 2857 de
1425 2801 1619 2858 finitimisloeis
1641 2801 1771 2859 infirmos
1790 2815 1815 2859 et

1019 2883 1090 2938 male
1103 2885 1236 2943 habentes
1251 2888 1290 2943 illi
1299 2897 1406 2961 portare
1420 2899 1628 2957 consuevemnt,
1642 2901 1670 2947 et
1683 2902 1816 2949 sanantur

1018 2971 1102 3031 multi.
1119 2976 1212 3032 Mulier
1223 2978 1285 3035 totis
1297 2979 1436 3037 dissolutis
1448 2981 1586 3048 membris,
1602 2982 1725 3054 plaustro
1739 2989 1814 3039 reeta

1016 3059 1092 3130 illuc,
1115 3065 1228 3135 pedibus
1251 3067 1308 3122 suis
1322 3069 1451 3124 remeauit
1465 3070 1584 3137 domum,
1614 3086 1671 3125 uua
1686 3069 1814 3126 duntaxat

1015 3158 1093 3205 nocte
1110 3167 1163 3208 non
1179 3154 1280 3210 trustra
1303 3155 1331 3211 in
1347 3158 1406 3213 loco
1429 3167 1523 3215 sancto
1540 3158 1699 3228 prestolare
1712 3158 1814 3216 miseri·

1015 3239 1141 3295 cordiam
1157 3241 1275 3297 Domini.
1296 3245 1491 3316 alioquentem
1509 3247 1614 3303 ibidem
1637 3248 1815 3318 pernoctabat

1014 3325 1040 3379 in
1052 3328 1173 3383 oratione
1190 3349 1197 3384 ι
1226 3333 1382 3403 quamlorte
1397 3336 1536 3403 reperiens
1551 3339 1641 3391 solam
1654 3336 1736 3391 homo
1752 3339 1815 3390 ban·

1015 3414 1108 3479 harus,
1126 3431 1254 3473 accensus
1271 3420 1390 3488 libidine,
1407 3429 1433 3476 et
1448 3423 1489 3477 sui
1504 3424 1619 3482 minime
1633 3440 1758 3495 compos,
1773 3424 1811 3479 ir-

1016 3501 1070 3559 ruit
1086 3503 1255 3565 rabiosusin
1278 3522 1349 3564 carii.
1369 3510 1505 3566 Conversa
1520 3512 1576 3578 illa,
1592 3522 1622 3568 et
1642 3516 1811 3575 tremulano,

1023 3591 1175 3661 suspiciens
1198 3594 1314 3651 aduertit
1328 3598 1465 3653 hominem
1480 3600 1592 3670 plenum
1606 3602 1749 3659 diabolico
1763 3603 1814 3674 spi·

1014 3678 1066 3734 ritu
1085 3697 1090 3736 :
1110 3700 1123 3733 ι
1140 3681 1265 3751 liaustu,
1284 3705 1297 3738 s
1314 3687 1410 3760 inquit,
1431 3690 1550 3753 «miser,
1567 3691 1729 3766 quidagisi
1743 3694 1813 3748 Con·

1017 3766 1106 3822 sidera
1121 3769 1167 3823 ubi
1182 3786 1223 3837 es,
1235 3787 1359 3829 reverere
1373 3775 1431 3832 liaec
1445 3784 1546 3845 sancta,
1562 3775 1639 3833 deser
1652 3779 1727 3849 Deo,
1743 3782 1814 3837 deler

1015 3871 1093 3911 servo
1107 3857 1130 3926 ej
1136 3873 1167 3910 us
1181 3859 1328 3927 Malachiae,
1340 3879 1419 3933 parce
1433 3870 1460 3918 et
1475 3864 1521 3920 tibi
1535 3865 1596 3935 ipsi.
1615 3886 1629 3918 u
1644 3868 1713 3924 Non
1728 3870 1813 3925 desti-

1013 3943 1044 3997 tit
1053 3944 1193 4012 ille,luriis
1207 3949 1323 4020 agitatus
1337 3951 1446 4025 iniquis.
1461 3953 1493 4007 Et
1506 3968 1568 4011 acce
1579 3954 1665 4027 (quod
1682 3959 1813 4015 horribile

1012 4031 1084 4087 dictu
1100 4036 1153 4105 est)
1175 4047 1338 4094 venenatum
1352 4050 1379 4095 et
1403 4041 1535 4097 tumidum
1548 4044 1658 4111 animal,
1676 4048 1753 4118 quod
1767 4049 1814 4104 bu·

158 4143 231 4184 unus
245 4142 278 4183 ex
293 4125 372 4197 ipsis,
388 4125 531 4180 emisimus
559 4140 617 4189 eos,
647 4125 828 4199 adiungentes
854 4126 956 4182 nostris
1009 4117 1100 4177 ionem
1116 4134 1221 4191 vocant,
1237 4127 1326 4182 visum
1349 4137 1391 4184 est
1419 4140 1526 4200 reptans
1549 4132 1623 4188 exire
1645 4135 1759 4191 deinter
1773 4138 1815 4192 le·

159 4215 252 4289 quanti
268 4213 423 4271 sufficerent
455 4214 648 4270 adnumerum
671 4214 797 4270 abbatim.
813 4214 880 4283 Quae
893 4231 957 4271 cou-
975 4204 997 4280 ss
1016 4226 1093 4266 mora
1101 4214 1232 4271 mulieris.
1258 4216 1327 4285 Quin
1345 4218 1441 4288 plural
1465 4219 1637 4277 Terrelactus
1663 4225 1753 4280 resilit
1768 4227 1815 4281 bc

158 4304 240 4375 cepit,
256 4309 284 4358 et
295 4302 402 4374 peperit
416 4301 486 4357 filias
504 4303 639 4374 quinquo:
654 4312 681 4359 et
707 4303 747 4360 sic
779 4304 955 4375 multiplicato
1017 4315 1073 4367 1110,
1090 4309 1116 4356 et
1131 4303 1202 4356 datis
1217 4305 1338 4369 saltibus,
1365 4306 1480 4362 l'estinus
1504 4309 1624 4364 oratorio
1648 4313 1755 4371 exsilit.
1769 4314 1815 4369 ille

159 4391 274 4459 semine,
304 4391 426 4463 augescit
451 4391 480 4445 in
507 4390 566 4446 dies
592 4408 724 4447 numerus
751 4394 954 4459 monachorum,
1012 4388 1144 4444 confusus
1159 4393 1301 4461 abscessit,
1319 4402 1345 4448 et
1361 4394 1406 4448 illu
1421 4395 1520 4451 intacta
1543 4400 1685 4468 remansit,
1712 4418 1815 4474 magno

157 4483 233 4552 juxta
246 4479 414 4535 desiderium
427 4488 454 4534 et
469 4479 628 4536 vaticinium
643 4481 791 4539 hlalacbiae.
807 4482 886 4538 Nunc
897 4483 953 4551 jam
1013 4475 1126 4547 quidem
1148 4486 1175 4532 el
1196 4481 1247 4535 Dei
1270 4482 1413 4551 nummio,
1440 4493 1467 4539 et
1491 4486 1586 4541 nierito
1609 4488 1768 4547 hialaotiiae.
1783 4492 1814 4546 Ει

158 4576 314 4641 repetamus
329 4569 453 4625 ordinem
462 4569 638 4625 narrationis.
1011 4565 1124 4634 pulchre
1138 4567 1214 4636 operi
1230 4567 1305 4625 ioedo
1321 4579 1347 4625 et
1360 4571 1543 4628 abominando
1562 4573 1667 4631 ioedum
1692 4578 1813 4635 interre-

433 4658 547 4715 carui
574 4658 659 4715 xvii.
1010 4652 1051 4708 nit
1068 4663 1096 4709 et
1115 4653 1297 4712 abominabile
1319 4669 1483 4716 monstrum.
1510 4663 1572 4717 Non
1595 4680 1712 4735 prorsus
1737 4670 1814 4724 aliter

195 4749 312 4806 Diversa
334 4747 471 4817 beneficia
485 4750 652 4804 ,equitatum
664 4763 717 4820 per
729 4765 793 4806 eum
803 4749 917 4806 collata,
1014 4742 1106 4797 decuit
1120 4742 1262 4799 bestialem
1278 4748 1412 4821 exstingui
1437 4750 1582 4815 libidinem,
1598 4768 1682 4824 quam
1698 4772 1751 4826 per
1765 4756 1813 4813 fri·

194 4838 240 4892 tn.
256 4836 405 4894 Malachiae
424 4836 593 4906 prolectusa
612 4837 702 4910 nobis,
718 4854 849 4910 prospere
862 4854 955 4910 perre-
1015 4829 1187 4901 gidisshnnin
1200 4849 1319 4891 vermem
1335 4856 1341 4893 :
1358 4853 1409 4892 noc
1422 4838 1499 4893 aliter
1513 4841 1691 4898 temerarium
1701 4848 1812 4911 ¹t'ronari

158 4925 199 4981 nit
213 4925 241 4979 in
257 4925 386 4982 Saeuam.
403 4925 436 4980 Et
456 4924 562 4981 invenit
576 4926 662 4981 David
677 4943 777 5002 regern,
792 4927 837 5000 qui
864 4927 953 4984 adbuc

158 5013 239 5070 hodie
256 5022 390 5086 superest,
405 5014 433 5068 in
447 5014 567 5086 quodam
576 5014 692 5072 castello
706 5033 770 5072 suo:
787 5019 866 5088 cujus
879 5015 951 5072 lilius

159 5102 356 5158 infirmabatur
369 5105 403 5159 ad
413 5109 540 5160 mortem.
554 5104 598 5160 Ad
611 5121 693 5177 quem
702 5105 852 5178 ingressus,
863 5109 951 5162 hono·

155 5190 232 5249 ritica
246 5207 263 5248 a
278 5208 343 5264 rege
360 5200 505 5266 susceptus
520 5201 547 5250 et
559 5194 696 5251 humiliter
709 5204 846 5263 exoratus,
862 5206 892 5253 ut
905 5212 952 5251 sa·

153 5287 235 5335 naret
249 5280 335 5335 lilium
351 5296 448 5341 suum:
464 5298 545 5354 aqua,
562 5283 606 5339 cui
620 5283 767 5351 benedixit,
781 5284 900 5357 aspersit
910 5287 952 5356 ju·

157 5380 266 5437 venem,
282 5376 310 5425 et
331 5368 444 5428 intuens
458 5371 487 5427 in
500 5388 577 5439 eum,
591 5373 629 5428 ait
644 5391 651 5426 ι
669 5394 682 5421 ιι
700 5372 820 5447 Confide,
834 5374 882 5441 titi,
898 5389 952 5432 non

164 5454 293 5511 morieris
307 5458 358 5513 hac
372 5459 441 5517 vioe.
457 5480 471 5509 ι
487 5461 561 5517 Dixit
572 5462 635 5527 hoc,
650 5468 678 5520 et
699 5462 744 5519 die
755 5463 891 5534 sequenti,
905 5479 953 5521 se-

1015 4935 1123 4988 ausum,
1140 4921 1268 4979 frustrari
1291 4935 1592 5001 conatum‚qua1nper
1614 4930 1708 4997 xilem,
1732 4935 1812 4991 inuti·

1018 5010 1126 5082 linique
1139 5012 1293 5073 bestiolam.
1311 5015 1344 5073 lit
1359 5017 1417 5072 hac
1432 5017 1491 5073 loeo
1505 5018 1558 5074 isto
1572 5020 1710 5077 sullieinnt
1726 5041 1811 5095 pauca

1015 5100 1050 5154 dc
1064 5101 1205 5170 pluribus:
1223 5120 1294 5160 nunc
1308 5107 1364 5175 jam
1373 5107 1474 5178 reliqua
1489 5122 1699 5182 prosequamur.

1289 5193 1398 5252 cundi
1417 5196 1515 5251 xliiii.
1613 5262 1617 5269 ¹

1006 5280 1139 5338 Reuersus
1147 5282 1180 5336 in
1191 5284 1418 5353 putrium,t0tus
1430 5300 1508 5343 curoe
1520 5290 1662 5359 postorata·
1675 5294 1706 5348 et
1723 5297 1811 5365 retur

1255 5375 1378 5430 motioni
1399 5376 1547 5433 incendit.

1045 5469 1080 5522 ta
1114 5469 1245 5526 Ascendit
1258 5472 1405 5530 hlalacbias
1419 5489 1526 5543 navem,
1541 5481 1568 5532 et
1581 5490 1719 5550 prospere
1732 5482 1813 5543 msi-
