3728 5940
55 169 108 228 sot
788 165 965 227 aristosa.
1027 188 1029 195 π
1652 177 1704 239 30⁴2

96 299 124 350 9.
139 293 212 363 Quid
226 293 315 348 dicam
324 296 340 351 t
350 293 457 365 quoties
470 293 496 347 id
521 292 646 348 solatium
665 291 854 363 interpolatum
869 307 892 387 Α
907 292 1012 366 Rogate
1027 307 1088 364 quae
1101 294 1136 350 ad
1150 309 1244 365 pacem
1257 301 1320 351 sunt
1333 295 1473 365 Ecclesiae,
1488 306 1655 372 rogatuque
1669 302 1703 358 ad

56 394 101 443 est
115 383 208 442 mihi?
221 383 291 438 Ecce
305 383 357 439 hoc
378 382 466 450 tertio,
483 382 533 437 nisi
547 382 636 447 fallor,
653 383 745 438 avulsa
758 391 852 438 sunta
909 381 1023 438 salutem
1038 391 1102 438 sunt
1116 383 1209 454 nohis,
1224 391 1252 438 ut
1267 384 1362 439 iterum
1378 401 1428 442 vos
1440 386 1590 457 rideamus,
1606 389 1703 447 vobis-

56 491 105 530 me
128 473 232 530 viscera
255 487 315 526 mea
337 471 421 542 (393).
449 470 555 528 Parvuli
572 471 695 527 ablactati
718 479 855 528 suntantc
909 487 969 528 cum
993 482 1020 528 ot
1040 471 1172 537 vivamus,
1197 476 1225 530 ct
1250 473 1425 531 moriamur:
1448 484 1475 531 et
1503 478 1541 531 sic
1565 478 1657 550 vivite,
1674 488 1705 536 ut

55 560 272 634 tempusripsos
286 577 354 631 quos
369 577 416 631 per
429 560 607 631 Evangelium
620 558 713 633 penul,
724 575 778 616 non
793 560 856 616 licet
910 558 1063 615 obtineatis.
1086 559 1211 615 Inlirmns
1234 560 1262 616 in
1286 571 1359 618 arcto
1380 564 1520 634 temporis,
1540 572 1613 621 certe
1641 584 1703 623 cum

55 653 189 710 educare.
205 648 443 720 Propriadenique
457 650 593 714 deserere,
610 657 637 704 ct
649 648 740 706 aliena
760 665 855 705 curare
908 647 1035 719 lacrymis
1049 655 1075 702 et
1089 647 1253 716 singultibus
1268 648 1317 704 ista
1338 651 1449 723 dictavi,
1464 661 1530 708 teste
1545 653 1704 711 charissimo

55 755 164 815 cogor:
184 739 212 795 et
225 738 319 794 dubito
335 754 405 807 pene
418 737 484 809 qnid
502 737 589 807 magis
610 752 682 812 aegre
707 736 803 806 ieram,
820 753 853 792 an
909 735 988 791 iratre
1005 747 1100 793 nostro
1114 736 1245 793 Baldnino
1260 737 1346 811 (391),
1362 741 1408 812 qui
1427 742 1497 813 stylo
1519 757 1551 797 ea
1574 743 1678 815 excepit
1695 761 1703 799 :

57 829 183 887 subtrahi
206 827 269 898 illis,
284 837 331 883 aut
351 826 468 882 intricari
493 827 560 883 istis.
583 828 668 891 Itane,
684 827 755 882 bone
777 827 852 895 lesu,
908 841 988 896 quem
1004 825 1126 881 Ecclesia
1140 827 1246 883 vocavit
1261 827 1294 882 ad
1309 828 1380 883 aliud
1395 827 1513 884 officium
1527 841 1554 886 et
1568 832 1600 886 ad
1621 833 1701 888 eliam

53 929 113 977 tota
127 916 231 975 deliciet
246 916 273 970 iu
292 916 385 971 dolore
399 916 453 971 vitu
473 931 541 984 mea,
558 924 585 971 et
602 915 664 970 anni
684 915 737 970 mei
757 914 785 970 in
803 931 855 984 qe·
910 910 1076 982 dignitatem.
1086 913 1169 969 Orate
1183 922 1209 969 et
1223 930 1272 984 pro
1286 914 1357 985 ipso,
1370 923 1498 990 tanquam
1510 917 1591 974 unico
1606 920 1703 976 solatio

56 1007 189 1065 mitibusl
215 1008 319 1062 Bonum
341 1005 415 1075 mibi,
433 1005 557 1070 Domine,
574 1003 660 1078 magis
683 1004 752 1059 mori
775 1019 855 1074 quam
909 1016 978 1067 meo,
994 1011 1021 1057 et
1034 1002 1061 1056 in
1074 1017 1128 1071 quo
1142 1002 1254 1073 spiritus
1274 1019 1351 1059 meus
1374 1004 1521 1076 plurimum
1544 1005 1703 1077 requiescit.

57 1098 153 1157 vivere
166 1103 219 1165 est,
240 1110 294 1151 non
316 1103 404 1149 tamen
426 1093 478 1149 nisi
498 1094 567 1148 inter
590 1092 697 1160 iratres,
712 1090 783 1146 inter
806 1090 856 1147 do-
908 1088 990 1145 0rate
1004 1105 1052 1161 pro
1066 1089 1179 1146 domino
1193 1106 1271 1161 papa,
1286 1092 1333 1163 qui
1348 1108 1392 1148 mc
1417 1092 1516 1162 pariter
1536 1101 1617 1165 atque
1641 1096 1704 1151 uni.

58 1184 201 1250 mesticos,
216 1182 286 1238 inter
299 1181 484 1238 charissimos.
502 1179 588 1238 1519
600 1180 630 1235 ld
645 1180 777 1252 siquidem
792 1179 855 1235 dul·
907 1177 1061 1234 versitatem
1086 1185 1202 1235 vestram
1225 1189 1337 1250 patemo
1360 1178 1434 1236 iuvet
1456 1180 1566 1239 siieotu.
1583 1181 1663 1241 Orate
1678 1195 1706 1242 et

58 1277 131 1341 cius,
155 1272 309 1341 humanius,
333 1272 473 1342 tutiusque
496 1286 555 1326 esse
578 1277 693 1326 constat.
713 1271 771 1326 lmo
792 1284 856 1326 vero
910 1280 959 1338 pro
983 1266 1095 1323 domim
1116 1267 1276 1325 cancellario
1299 1267 1386 1341 (395),
1405 1268 1534 1340 quimibi
1557 1287 1605 1342 pro
1619 1280 1706 1330 matre

59 1364 137 1438 pium
156 1370 200 1419 eat
227 1370 257 1418 nt
283 1362 311 1416 in
338 1361 391 1417 hoc
418 1359 536 1416 remittas
560 1358 636 1424 mihi,
662 1365 691 1413 nt
711 1357 857 1429 reimgerer
910 1363 968 1428 est3
983 1363 1012 1410 et
1024 1370 1076 1428 pro
1089 1355 1216 1434 ipsisqui
1237 1372 1301 1414 cum
1321 1372 1357 1414 eo
1375 1366 1438 1413 suut
1454 1360 1566 1416 domim
1579 1361 1665 1434 Luce,
1679 1371 1707 1420 et

58 1450 217 1524 priusquam
240 1450 347 1514 ιιιιιι,
371 1455 399 1504 ιι
419 1446 533 1517 amplius
555 1461 610 1502 non
632 1459 691 1503 ero.
714 1445 743 1502 st
768 1445 858 1518 placet
910 1443 1020 1500 domino
1041 1443 1231 1518 Chrysogono,
1255 1444 1387 1520 magistro
1407 1445 1499 1505 Yvone
1512 1449 1600 1522 (396),
1615 1451 1662 1523 qni
1676 1467 1707 1508 sc

58 1539 177 1596 Domim
191 1553 262 1607 meo,
277 1546 308 1594 ut
320 1536 391 1594 ocuti
406 1537 492 1593 Patris
508 1534 720 1609 qualiscumque,
737 1534 783 1606 qui
800 1550 854 1591 non
909 1531 989 1588 nobis
1008 1531 1136 1588 exhibent
1160 1532 1257 1590 iratres
1280 1533 1411 1592 umrinos.
1436 1533 1489 1603 Qui
1512 1551 1620 1596 mecum
1642 1549 1707 1596 sunt

59 1645 119 1686 snm
135 1623 235 1702 dignus
249 1626 339 1686 vocari
353 1627 442 1698 Pater,
458 1624 616 1681 claudantur
633 1623 760 1679 manibus
782 1623 855 1679 filio·
871 1578 894 1664 ,
908 1618 990 1677 irater
1004 1619 1103 1687 huno,
1124 1627 1152 1675 et
1165 1617 1248 1677 irater
1261 1619 1393 1678 Girardos
1406 1621 1492 1695 (391),
1513 1623 1631 1683 salutant
1645 1641 1703 1695 ves,

59 1736 128 1785 rum,
147 1722 179 1775 ut
192 1727 311 1775 extrema
323 1716 441 1783 videant,
456 1714 558 1771 exitum
574 1712 755 1782 consolentur,
770 1712 856 1784 spiri·
909 1707 1091 1781 supplicantes
1105 1716 1132 1765 et
1145 1706 1198 1781 ipsi
1211 1723 1262 1781 pro
1277 1725 1307 1767 se
1321 1709 1403 1768 orari.

57 1817 115 1865 tom
130 1808 188 1866 suis
203 1805 343 1864 desideriis
357 1805 449 1860 levent
466 1803 499 1858 ad
514 1803 689 1868 consortium,
705 1803 729 1858 si
742 1801 854 1874 dignum

56 1897 176 1969 judicas,
192 1899 343 1964 beatorum,
362 1909 423 1949 cum
443 1906 589 1964 pauperum
613 1889 773 1965 corporibus
787 1905 855 1964 pau·
1111 1849 1282 1909 EPISTOLA
1301 1849 1393 1908 CXLV
1411 1851 1499 1926 (398).

58 1988 133 2060 peris
147 2001 249 2058 corpus
262 1984 395 2057 sepeliant
409 2001 417 2037 ι
433 1982 485 2038 boc
499 1997 620 2053 prorsus,
636 1981 660 2037 si
682 1979 773 2036 inveni
788 1995 854 2054 gra-
1022 1983 1056 2024 ta
1074 1982 1200 2027 austras
1217 1983 1353 2026 ctsrnncu
1372 1981 1586 2029 concremans.

59 2077 127 2133 tiam
142 2075 170 2131 in
184 2074 272 2132 oculis
294 2074 357 2141 tuis,
373 2071 498 2143 precibus
521 2080 548 2127 et
570 2069 674 2126 meritis
696 2071 854 2126 eorumdem
909 2083 961 2142 110,
977 2082 1103 2139 paporum
1118 2083 1282 2142 eppopmm
1290 2098 1411 2142 mmm
1419 2087 1544 2145 comm
1558 2101 1617 2146 mo
1631 2089 1708 2148 dm.-

58 2167 176 2223 iratrum
207 2178 328 2220 meorum
359 2161 482 2217 obtinere
510 2165 566 2216 toto
593 2158 693 2214 aiiectu
720 2156 853 2215 desidero.
944 2153 1333 2227 ‹ierotcccusonstortcltoc
1346 2161 1430 2230 poeto
1444 2159 1705 2220 absentiumsttom.

58 2254 252 2310 Verumtamen
275 2266 330 2308 non
352 2265 413 2305 mea
435 2248 569 2317 voluntas,
590 2245 640 2302 sed
663 2254 708 2301 tua
731 2244 786 2301 fiat.
801 2246 855 2301 Nec
947 2227 1031 2298 Olim
1045 2243 1113 2283 ⁸⁶⁷²ss
1126 2242 1184 2284 909
1195 2243 1324 2301 timim,
1339 2229 1387 2285 Sed
1402 2231 1479 2286 inter
1493 2246 1557 2289 tuot
1571 2235 1655 2291 mori.

58 2343 127 2399 mibi
141 2342 238 2397 vivere
252 2341 323 2406 volo,
338 2354 389 2394 nec
402 2337 481 2393 mori.
945 2341 974 2394 ln
987 2339 1072 2396 multa
1094 2340 1248 2397 infirmitate
1268 2341 1391 2412 corporis
1408 2350 1435 2398 at
1457 2344 1547 2402 cordis
1561 2347 1706 2419 anxietate,

95 2436 124 2487 3.
140 2431 194 2487 Sed
209 2430 322 2504 dignum
336 2425 609 2498 estutquidolorcm
625 2439 715 2480 meum
729 2421 853 2492 audistis,
909 2427 980 2481 Deus
994 2427 1053 2493 scit,
1069 2427 1167 2483 dictavi
1189 2429 1239 2482 ista
1262 2428 1296 2482 ad
1322 2443 1379 2496 vos,
1404 2430 1486 2485 bomo
1509 2431 1603 2504 miser,
1619 2436 1703 2495 bomo

59 2521 143 2577 etiam
162 2518 374 2577 consolationem
392 2513 604 2587 nonignoretis,
620 2512 643 2567 si
661 2519 779 2584 quaest.
795 2509 856 2564 Pri·
911 2521 989 2569 natus
1015 2515 1049 2568 ad
1077 2514 1208 2583 laborem,
1237 2514 1322 2573 irater
1350 2525 1438 2574 amen
1466 2527 1563 2576 vester.
1597 2522 1706 2581 hunam

59 2625 134 2668 mum
147 2608 258 2682 quidem
268 2605 342 2663 omni
354 2604 445 2660 labore
456 2613 483 2658 et
493 2602 654 2665 calamitate,
665 2614 747 2670 quam
759 2598 855 2669 patior,
910 2619 982 2658 nunc
996 2601 1086 2673 ipsum
1100 2603 1242 2674 Spiritum,
1257 2604 1285 2659 in
1304 2620 1359 2677 quo
1373 2607 1534 2680 congregati
1552 2611 1635 2682 estis,¹
1644 2630 1706 2671 rue·

59 2702 148 2758 solum
162 2697 279 2754 arbitror
295 2710 356 2751 esse
370 2696 397 2748 in
411 2708 492 2749 causa
504 2707 565 2746 eum
581 2690 625 2746 cni
647 2688 738 2744 omnia
751 2687 855 2743 vivunt.
910 2706 969 2746 rear
984 2691 1084 2750 habere
1106 2693 1332 2763 interpellatorem
1346 2696 1381 2751 ad
1404 2704 1521 2752 vestram
1541 2700 1705 2758 unanimita.

59 2789 158 2854 Velim,
173 2786 271 2856 nolim,
285 2799 395 2841 ιιιιιιι
417 2789 458 2838 ιιι
477 2795 522 2836 me
537 2778 626 2835 vivere
641 2777 688 2846 illi,
705 2777 752 2848 qni
767 2791 854 2831 meam
910 2786 975 2846 tem,
992 2780 1039 2850 qui
1063 2781 1202 2852 imprimat
1224 2783 1381 2853 pectoribus
1405 2785 1506 2842 vestris
1526 2788 1705 2847 calamitatem

58 2878 112 2934 sibi
124 2875 243 2949 propria
258 2875 321 2929 vitae
334 2871 467 2942 positione
482 2866 639 2940 acquisivit,
660 2865 704 2938 qni
718 2872 745 2919 et
759 2872 855 2937 potens
872 2829 894 2915 Β
908 2883 986 2940 quam
1004 2866 1089 2937 patior
1103 2886 1110 2939 3
1136 2867 1182 2940 qui
1201 2868 1349 2942 imaginem
1364 2871 1418 2926 mci
1433 2872 1536 2929 tristem
1550 2890 1583 2931 ec
1597 2879 1706 2949 suppli-

58 2975 111 3037 est,
122 2966 146 3021 si
160 2964 224 3037 quid
240 2961 354 3033 patimur
367 2975 415 3030 pro
431 2959 500 3030 ipso,
513 2968 719 3026 recompensare
734 2951 814 3007 uobis
828 2950 856 3006 iu
909 2973 980 3024 cem,
995 2956 1065 3012 sicut
1079 2964 1130 3022 est,
1147 2955 1272 3013 fraternis
1285 2957 1428 3015 aflectibus
1442 2971 1629 3032 representet.
1645 2967 1705 3023 Non

58 3055 105 3112 illa
118 3053 164 3109 dle
178 3051 336 3106 9118999099
358 3056 385 3103 θῑ
398 3048 484 3114 justus
500 3045 594 3114 judei·
610 3041 688 3112 Qss⁰d
704 3042 727 3097 δί
753 3040 854 3096 invitus
912 3047 963 3100 boo
981 3059 1039 3114 oro,
1055 3053 1084 3099 ut
1107 3056 1180 3100 creet
1202 3046 1232 3099 in
1254 3047 1333 3102 vobis
1358 3063 1452 3104 novam
1477 3050 1704 3116 misericordiam.

57 3144 209 3200 militavero
227 3139 263 3209 ei,
283 3135 447 3207 dispensatio
467 3133 532 3189 mihi
556 3140 657 3186 tantum
682 3129 785 3185 credita
804 3135 855 3196 est,
910 3135 973 3205 quia
990 3133 1053 3190 novi
1075 3149 1128 3207 ego
1150 3149 1230 3204 quam
1260 3134 1335 3192 abt
1369 3135 1507 3194 familiaris
1536 3139 1708 3200 universitati

57 3244 85 3291 et
103 3247 153 3288 ero
168 3244 262 3286 sersus
287 3242 402 3299 nequam
418 3241 425 3278 ι
442 3223 466 3279 si
479 3230 570 3293 autem
584 3224 687 3288 votens,
703 3217 793 3291 gloria
815 3225 858 3273 est
909 3231 1005 3279 vesum
1020 3221 1056 3276 sit
1068 3221 1111 3277 illu
1125 3221 1210 3279 virtus
1226 3240 1233 3280 :
1249 3225 1298 3279 sed
1313 3225 1365 3281 boc
1376 3240 1434 3292 oro,
1452 3225 1521 3283 utin
1537 3229 1631 3287 intimo
1643 3247 1705 3289 sen·

59 3321 250 3378 mibi.1nhac
268 3330 332 3390 ergo
354 3310 549 3382 aliquantulum
573 3307 786 3366 consideratione
810 3320 856 3360 re·
910 3310 984 3366 tiatis
997 3325 1051 3382 quo
1064 3319 1091 3366 et
1106 3318 1206 3382 quanto
1215 3311 1314 3369 aflectu
1328 3322 1450 3384 oporteat
1463 3315 1598 3375 miserem.
1609 3318 1705 3377 Certus
1724 3294 1732 3307 ’

57 3412 145 3484 ι1990·
164 3407 267 3465 99ῑῦ99
280 3403 354 3478 (19οᾱ
368 3418 441 3475 8aelje
455 3416 510 3457 ¹¹⁰¹¹
524 3399 592 3455 ¹¹¹0ss
613 3396 718 3453 meniis
740 3409 857 3465 81199193
910 3416 970 3456 auru
983 3399 1054 3457 eninr
1063 3399 1135 3471 quia,
1147 3399 1170 3455 si
1184 3399 1212 3456 id
1226 3400 1319 3457 ddum
1332 3401 1424 3469 luerit¹
1436 3404 1566 3463 continuo
1579 3406 1705 3479 lacryma

56 3500 148 3574 matie
167 3495 316 3554 honestavit
342 3508 386 3547 me
409 3492 437 3547 in
467 3488 603 3546 laboribus
621 3485 698 3556 meis,
721 3492 747 3539 et
770 3483 857 3554 gratia
910 3488 944 3543 dc
962 3489 1088 3545 thesauro
1103 3489 1211 3561 pietati,
1229 3498 1381 3560 erumpent,
1397 3491 1534 3565 singulm,
1549 3501 1576 3550 Β,
1589 3497 1705 3569 gemitus

55 3578 107 3646 ‘illa
128 3586 158 3643 iu
180 3602 225 3643 ms
241 3598 326 3642 vacua
348 3597 402 3637 non
424 3578 484 3651 luit,
500 3577 568 3634 sieut
581 3575 608 3630 in
622 3571 712 3629 multis
731 3578 857 3642 expertus
911 3586 939 3632 et
960 3577 1079 3650 suspiria
1107 3577 1168 3634 hinc
1193 3578 1256 3633 inde
1278 3578 1425 3650 pulsabunt
1448 3581 1541 3649 caelos,
1563 3595 1592 3640 aa
1614 3585 1705 3642 audiat

58 3693 133 3746 sum,
156 3684 185 3732 et
203 3690 252 3730 vos
266 3688 304 3729 ex
326 3677 403 3743 parte
427 3683 482 3725 non
504 3665 591 3722 latuit.
608 3663 660 3720 Sed
684 3668 713 3717 et
732 3661 783 3716 bec
796 3659 856 3716 viee
909 3662 993 3735 Dens,
1008 3675 1036 3720 et
1050 3664 1199 3733 placabitur
1216 3665 1293 3733 mibi,
1307 3673 1335 3723 ιι
1358 3667 1429 3723 dicet
1444 3685 1451 3724 ι
1467 3669 1582 3726 Reddidi
1600 3679 1627 3729 tc
1651 3670 1705 3730 ira.

58 3782 142 3842 qnam
155 3762 314 3822 necessarie
324 3759 449 3818 Ecclesiae
464 3755 512 3814 Dei
525 3756 559 3813 sit
573 3747 857 3821 veliueritpraesentia
911 3749 997 3805 tribus
1011 3749 1074 3817 tuis,
1094 3766 1147 3807 non
1163 3750 1287 3807 morieris
1302 3754 1371 3808 inter
1392 3762 1545 3823 eaneneos,
1561 3756 1610 3813 sed
1632 3758 1706 3815 inter

54 3855 200 3933 parvitatis
214 3860 324 3922 nostrae,
334 3848 451 3905 dicerem
467 3846 500 3901 ad
510 3840 721 3902 consolationem
731 3846 854 3907 vestram,
912 3844 981 3894 tuos.
1006 3838 1098 3894 Tantis
1119 3838 1253 3912 siqnidem
1277 3838 1414 3896 laboribus
1426 3851 1453 3897 et
1471 3843 1611 3901 doloribus
1632 3845 1704 3903 aile-

57 3948 82 4005 si
95 3962 154 4002 non
168 3941 285 4015 gloriam
298 3939 440 3996 redoleret.
455 3936 533 3992 Nunc
553 3941 644 3989 autern
663 3925 759 3984 melius
772 3931 812 3981 eat
825 3934 855 3982 ut
911 3935 970 3984 ctus
984 3941 1054 3989 sum.
1073 3933 1102 3981 ut
1115 3941 1187 3996 saepe
1206 3926 1303 3982 tanleat
1321 3943 1364 3982 mc
1378 3928 1458 3997 etiam
1482 3929 1579 3989 vivere.
1603 3932 1704 3991 Huma.

56 4040 110 4096 boc
127 4051 176 4108 per
194 4033 262 4088 alios
276 4027 456 4102 cognoscatis.
908 4033 975 4072 num
1002 4022 1095 4070 autem
1117 4014 1179 4071 dico
1207 4023 1318 4087 propter
1342 4014 1526 4074 infirmitatem
1548 4028 1671 4076 nostram
1696 4040 1703 4077 ι

94 4129 122 4183 1.
138 4121 339 4180 instantissima
354 4115 536 4191 postulatione
552 4106 729 4183 imperatoris,
745 4113 856 4177 aposto·
909 4103 1035 4161 desidero
1056 4102 1160 4159 dilierri
1173 4103 1328 4175 usquedum
1342 4112 1463 4160 revertar
1476 4107 1510 4163 ad
1533 4120 1581 4165 vos
1594 4115 1625 4165 nt
1649 4126 1703 4166 110„

57 4218 167 4288 licoque
197 4211 333 4275 mandato,
357 4221 463 4263 necnon
490 4199 616 4258 Ecdesire
644 4213 675 4253 ac
703 4192 855 4268 principum
908 4191 1009 4247 moriar
1034 4189 1179 4246 nisiinter
1201 4206 1259 4250 ros.
1285 4191 1325 4249 De
1354 4200 1462 4260 cetero,
1488 4193 1594 4264 iratres,
1619 4195 1705 4252 bonas

54 4305 186 4382 precibus
208 4301 281 4372 lieri,
301 4298 422 4357 dolentes
447 4302 475 4351 et
498 4292 630 4357 nolentes,
648 4286 751 4344 debiles
772 4288 852 4358 atque
868 4272 989 4352 ssfaeite
1005 4280 1061 4339 vias
1074 4288 1177 4341 vestras
1195 4288 1223 4337 et
1236 4279 1325 4336 studia
1345 4289 1446 4352 nestra,
1463 4296 1524 4355 quae
1545 4292 1632 4358 reeta,
1645 4302 1705 4359 qun

56 4395 173 4463 infirmi,
191 4399 227 4462 et,
243 4397 272 4446 ut
286 4403 378 4447 verum
394 4385 487 4455 fatear,
499 4380 606 4453 pavidae
621 4375 717 4434 mortis
730 4373 857 4446 pallidam
912 4371 1033 4439 honesta,
1048 4386 1108 4441 quae
1123 4369 1241 4425 salubria
1264 4377 1327 4424 sunt
1339 4371 1538 4429 constituentes
1559 4381 1588 4432 et
1609 4377 1704 4432 tenen·

57 4480 285 4543 circumferentes
315 4475 470 4549 imaginem,
498 4471 630 4527 trahimur
662 4466 691 4522 in
719 4462 854 4535 Apuliam.
911 4468 1061 4517 testante
1083 4457 1174 4516 omnia
1196 4457 1305 4514 solliciti
1330 4474 1440 4518 servare
1461 4462 1594 4519 unitatem
1618 4465 1703 4538 spiri·

92 4679 172 4756 (393)
187 4677 256 4735 ilinc
270 4682 354 4748 patet,
374 4671 538 4729 bernardum
560 4677 599 4723 ter
614 4666 641 4720 in
665 4663 769 4719 ltaliam
792 4677 855 4733 pro·
945 4652 1010 4796 (395
1035 4650 1152 4719 Scilicet,
1168 4651 1330 4710 Haimerioo.

55 4756 161 4814 lectum
197 4765 269 4809 esse.
307 4746 375 4803 Vide
402 4741 614 4814 chronologiam
649 4734 854 4802 bernardinam,
959 4726 1021 4793 396)
1045 4725 1078 4781 lli
1101 4739 1197 4780 omnes
1220 4725 1390 4781 cardinales:
1406 4724 1575 4782 Lucaatituli
1599 4739 1705 4787 sancto·

54 4827 138 4883 tata.
910 4811 970 4855 rum
983 4796 1096 4850 tuannis
1113 4806 1140 4851 et
1153 4794 1228 4850 Pauli
1243 4803 1350 4851 creatus
1363 4811 1434 4852 anuo
1450 4799 1529 4864 1139,
1545 4797 1703 4871 Chavaogo.

93 4894 172 4970 (391)
197 4889 353 4953 balduinus,
378 4886 481 4959 primns
502 4900 536 4940 ex
559 4877 732 4938 cisterciensi
755 4874 857 4930 tamilla
910 4883 962 4923 nus
976 4883 1047 4949 anno
1062 4870 1132 4923 1131
1145 4866 1215 4948 tituli
1230 4867 1259 4922 S.
1282 4867 1375 4948 hieriae
1397 4867 1431 4948 de
1453 4855 1703 4940 Portiou3Yv001

54 4965 215 5028 cardinalis.
247 4969 355 5019 creatus
381 4957 415 5013 ab
443 4954 601 5012 Innocentio
630 4964 701 5005 anno
730 4949 799 5002 1139
830 4947 855 5000 in
910 4953 1038 5020 canonico
1067 4937 1430 5018 regularrsanau.v10q0m
1453 4937 1614 4996 puppim,
1633 4957 1704 5000 ,nno

55 5039 174 5098 concilio
203 5035 421 5101 claromontano,
445 5035 539 5098 postea
565 5021 784 5093 archiepiscopus
811 5016 857 5072 Pi·
911 5013 991 5075 1139,
1009 5007 1076 5065 trtnlt
1099 5010 1190 5066 Sancti
1211 5009 1350 5065 Laurentii
1369 5010 1397 5064 in
1419 5008 1545 5078 Damaso,
1571 5013 1605 5069 ad
1624 5031 1703 5087 quem

55 5128 152 5183 mnus,
167 5111 202 5165 do
221 5121 275 5180 quo
289 5106 318 5159 in
341 5104 412 5158 libro
425 5103 545 5156 secundo
569 5095 638 5175 Vitae
660 5095 688 5149 S.
716 5087 854 5173 bernardi,
909 5081 1101 5152 eli⁸¹⁰¹st¹93·
1356 5148 1401 5160 ,,
1562 5153 1568 5166 ,

55 5201 86 5240 n.
102 5187 138 5239 to
155 5180 241 5236 :alu
255 5175 355 5233 Tuscia
370 5173 438 5230 Pisis
454 5170 551 5227 natalis
570 5169 655 5241 gloria
675 5163 734 5226 solt,
752 5172 779 5215 et
795 5174 853 5212 ma·
947 5152 1023 5278 (397)
1048 5153 1135 5207 Brnno
1162 5151 1305 5205 multorum
1335 5149 1529 5221 discipulorum
1561 5170 1588 5211 tn
1616 5154 1706 5213 stema

55 5270 145 5329 gnum
164 5251 293 5313 Ecclesiae
307 5248 397 5303 lumen
413 5242 560 5323 halduinus
575 5235 684 5294 eiiulsit.
703 5254 714 5284 a
734 5232 854 5311 Virmn·
910 5223 988 5279 Pater
1023 5223 1101 5305 icitur
1116 5223 1144 5275 in
1165 5220 1357 5292 epistolatus.
1373 5221 1505 5304 hirardus
1529 5223 1709 5306 videturesse

56 5335 104 5384 tus
118 5323 219 5382 sembra
232 5319 354 5377 oltieium
368 5316 502 5374 Bernardo
526 5308 681 5380 impendere
702 5319 757 5360 non
780 5301 857 5356 durat
911 5294 1042 5351 Bernardr
1064 5293 1155 5349 irater.
1171 5292 1212 5347 De
1225 5292 1353 5349 Brunone
1373 5302 1491 5351 luterum
1515 5298 1630 5367 epistola
1645 5303 1707 5368 loti,

55 5397 214 5528 qagrqqqqa,
230 5389 397 5448 19911999ιί9
420 5383 533 5460 999101Β
549 5382 611 5437 ⁹4⁵·
635 5376 735 5435 ΜΒΓ
753 5372 855 5446 episw‘
912 5382 940 5424 η’
950 5368 1024 5508 (gat)
1038 5434 1143 5509 Scripta
1155 5433 1228 5493 circa
1243 5448 1345 5492 annum
1360 5436 1442 5495 atat.
