3728 5940
109 233 149 294 ts
749 228 923 292 enudatio
944 226 1139 292 nuditatis.
1729 222 1769 291 td

107 367 195 416 sexta.
211 356 254 413 ad
269 357 328 414 haee
343 357 438 413 l’etrns
452 355 617 414 Venerabilis
631 356 659 413 11
672 355 790 429 quadam
804 356 931 430 epistola,
954 371 1015 429 qna
1030 355 1110 412 modo
1124 354 1193 412 iater
1212 355 1390 413 Bemardiaas
1415 361 1501 413 exstat
1515 354 1610 411 ordine
1633 360 1768 412 trecente·

109 447 182 504 sima
196 445 363 520 octogesima
377 454 479 516 octava,
494 446 579 502 refert
601 446 779 520 fragmentum
799 445 941 514 cniusdam
959 445 1046 501 saneti
1062 445 1182 501 doctoris
1195 445 1318 516 epistola
1333 460 1382 514 pro
1401 444 1516 517 daglico
1535 443 1653 516 quodam
1670 444 1767 500 abbate

108 535 138 591 in
160 535 413 605 accumbant,
435 554 449 588 a
468 533 552 604 Quasi
567 536 727 592 subversum
747 533 782 590 sit
794 533 937 605 judicium.
953 553 966 584 a
984 544 1036 592 etc.
1053 549 1114 606 quae
1135 533 1246 605 quidem
1259 534 1287 588 ia
1306 534 1387 589 nullis
1402 533 1533 588 Bernardi
1557 532 1653 588 litteris
1675 532 1766 607 legere

111 640 235 682 mennam.

144 714 212 770 XX.
233 713 356 770 11111111
368 713 448 769 etiam
462 713 609 773 ordericus
632 711 728 769 lintis
751 712 832 768 unius
854 712 983 769 Bernardi
1007 711 1128 783 epistolas
1153 713 1187 768 ad
1210 711 1328 767 Natalem
1352 711 1478 766 abbatem
1500 711 1695 767 Rasbaeensem
1717 723 1768 779 pto

109 803 286 861 Uticensibus
308 805 457 873 monachis,
483 803 529 876 qui
544 803 572 860 S.
596 800 699 858 librali
718 800 846 873 reliquias
871 802 1006 870 petebant,
1030 800 1162 873 Gnatiae,
1182 814 1288 864 eornm,
1304 799 1402 855 abbate
1415 799 1547 869 imprimis
1566 798 1592 853 id
1606 806 1726 863 curante,
1741 803 1769 854 et

108 893 265 962 postulante
280 891 396 948 allatali
420 893 525 947 abbate.
544 909 557 943 1
578 890 725 948 Ganlridns
749 889 942 946 claras-Valles
955 904 984 944 se
1007 889 1047 946 irc
1059 890 1129 944 vella
1143 888 1289 944 intimarit:
1306 894 1333 942 et
1357 890 1379 943 si
1395 903 1486 943 seciam
1502 887 1542 943 ire
1566 887 1644 942 vellet
1664 885 1767 944 annuit.

106 980 199 1037 Ambe
214 981 303 1052 itaque
317 996 377 1037 cum
397 980 454 1037 suis
472 981 580 1037 famulis
599 976 796 1036 Clarae-Valles
815 979 956 1033 abierant:
980 979 1093 1048 henigne
1107 993 1121 1032 a
1136 977 1265 1034 iratribus
1280 976 1352 1032 illins
1365 976 1483 1032 eoeaobii
1501 974 1619 1045 suscepti
1632 981 1705 1041 sunt,
1719 971 1767 1047 qni

107 1070 242 1145 Regulam
255 1072 340 1127 sancti
359 1069 494 1128 Benedicti
512 1069 622 1127 omnino
640 1069 674 1124 ad
693 1067 809 1122 litteram
830 1068 973 1123 ohservare
993 1074 1127 1139 satagunt.
1145 1068 1283 1123 Domuum
1296 1080 1359 1122 vero
1375 1064 1550 1130 hemardum,
1575 1062 1647 1120 illins
1660 1078 1769 1118 monas·

107 1158 171 1226 terii
198 1171 313 1230 petrem,
339 1159 524 1231 quesierunt:
549 1175 610 1214 eum
643 1173 676 1214 eo
700 1162 781 1219 locuti
804 1173 878 1231 suat,
903 1170 930 1217 et
958 1162 1075 1232 plurima
1097 1161 1259 1227 siscitaates,
1281 1174 1408 1232 maguam
1432 1158 1461 1213 ia
1485 1158 1580 1213 eodem
1611 1156 1769 1226 sapientiam

106 1247 282 1304 invenerunt.
298 1249 340 1304 De
354 1248 453 1305 1111111
467 1250 540 1304 enim
562 1248 710 1319 seripturis
738 1252 889 1307 luculenter
910 1250 1046 1320 tractavit,
1061 1261 1087 1307 et
1100 1250 1172 1306 votis
1195 1265 1290 1305 eorum
1306 1260 1332 1304 et
1355 1247 1609 1319 interrogationibus
1626 1242 1770 1300 satisfecit·

106 1333 225 1390 Causam
250 1350 361 1409 qaoque
389 1335 554 1392 lldeensinm
583 1346 612 1392 ut
637 1338 751 1405 audivit,
776 1339 927 1397 Guarianm
958 1341 1084 1395 abbatem
1106 1339 1224 1411 benigne
1254 1337 1369 1408 adjuvit,
1394 1337 1550 1408 litterasque
1572 1331 1768 1390 exhortatorias

110 1420 278 1481 liesbacensi
305 1426 450 1482 conventui
472 1425 625 1483 destinant.
650 1428 788 1486 Guarinus
820 1444 886 1501 ergo
908 1429 991 1485 abbas
1019 1429 1161 1499 epistolam
1188 1426 1349 1483 venerabilis
1381 1425 1509 1481 bernardi
1542 1422 1663 1496 protulit,
1687 1436 1768 1494 qaam

106 1512 291 1569 Iteshaeensis
305 1522 455 1570 conventus
477 1514 592 1571 libenter
609 1517 739 1588 suscepit,
764 1526 792 1574 et
814 1518 904 1574 andita
926 1517 1054 1574 libentius
1075 1516 1209 1586 complere
1233 1515 1360 1572 decrevit.
1394 1515 1449 1570 »lta
1480 1512 1626 1570 Orderieus
1648 1512 1676 1567 ia
1699 1511 1769 1568 libro

109 1609 204 1656 sexto.

142 1689 224 1745 XXI.
249 1689 380 1746 Praeterea
404 1690 553 1748 hdemnrus
575 1692 767 1752 Ecolismeatis
792 1695 940 1751 monachus
970 1692 997 1748 ia
1025 1695 1169 1760 Chronico,
1193 1694 1238 1749 uhi
1262 1694 1295 1747 de
1320 1692 1425 1766 origine
1449 1690 1681 1748 Carthasiensinm
1708 1690 1766 1764 agit

107 1800 121 1827 ι
143 1776 195 1832 1111
225 1777 304 1845 ordo,
330 1777 436 1852 iaqnitt,
455 1786 524 1836 teste
553 1778 700 1850 hemardo,
725 1782 793 1839 inter
816 1798 913 1839 ornnes
942 1781 1142 1839 ecclesiasticos
1165 1784 1273 1837 ordlues
1307 1783 1452 1852 primatum
1476 1787 1560 1849 tenet,
1588 1795 1642 1836 noa
1664 1778 1769 1835 ratione

105 1864 249 1938 temporis,
272 1868 319 1922 sed
343 1867 438 1938 vigore
461 1869 621 1930 sanctitatis.
637 1872 714 1929 Uada
738 1872 797 1944 ipse
819 1882 896 1929 noent
919 1887 982 1928 eum
1001 1871 1226 1942 speciosissimam
1250 1871 1402 1926 columnam
1428 1868 1606 1924 [1111111111
1638 1867 1710 1938 qnod
1735 1865 1763 1920 in

105 1954 191 2010 editis
207 1969 260 2011 aon
274 1955 419 2012 invenitur.

140 2042 234 2100 XXII.
250 2044 375 2117 Denique
389 2045 507 2103 Ioannes
530 2047 666 2115 Pinarius,
680 2064 712 2105 ex
735 2050 838 2106 Ioanne
851 2050 1000 2106 llsabnrno
1021 2050 1048 2105 ia
1071 2054 1183 2106 tractatu
1206 2050 1240 2105 de
1266 2048 1363 2104 liabitn
1388 2045 1576 2103 canonicorum
1601 2043 1769 2118 regularium

102 2133 201 2193 1111111
219 2135 363 2205 qnamdam
386 2135 529 2209 epistolam
550 2136 585 2192 ad
604 2136 759 2204 Falconem,
782 2154 814 2194 ex
828 2154 881 2210 qua
896 2139 954 2194 haee
972 2139 1054 2194 verba
1068 2139 1241 2196 llaubumus
1262 2138 1367 2193 delbat:
1390 2155 1404 2186 1
1424 2137 1485 2192 Noa
1500 2134 1651 2206 comperies
1674 2133 1767 2206 nigras

102 2229 152 2275 aut
168 2223 274 2293 griseos
293 2238 309 2277 a
329 2222 400 2279 eollo
420 2224 965 2295 1111111111;11111111111111111
985 2234 1143 2283 1111111111
1157 2244 1172 2284 1
1191 2225 1261 2283 eollo
1272 2223 1465 2295 dependentes,
1478 2223 1629 2278 rubricatas
1650 2221 1767 2277 murium

104 2309 214 2380 pelles:
236 2329 249 2360 a
270 2313 420 2383 qnasihaec
439 2314 569 2370 rerbaex
593 2315 705 2387 quadam
722 2316 836 2389 epistola
861 2316 981 2371 nondum
1007 2318 1078 2372 edita
1102 2317 1264 2372 relrraatur.
1290 2314 1392 2370 Verum
1415 2312 1448 2366 ad
1471 2327 1584 2368 sensum
1610 2319 1715 2367 exeunt
1737 2309 1767 2365 in

105 2396 220 2466 epistola
236 2397 355 2455 11111111
369 2401 403 2456 ad
417 2400 580 2473 Falconem,
598 2420 625 2457 a.
643 2406 687 2459 ll.
703 2403 769 2459 ltam
784 2420 846 2477 quae
865 2404 938 2459 idem
953 2404 1081 2461 Picardns
1096 2421 1129 2458 ex
1143 2392 1240 2460 eodem
1260 2404 1407 2457 llauhurno
1419 2409 1544 2470 tanquam
1564 2399 1634 2454 haud
1658 2398 1768 2470 vulgata

104 2484 201 2541 retient
214 2486 248 2542 de
263 2487 372 2544 dotibus
390 2489 546 2559 cardinalis,
562 2492 621 2548 hae
636 2492 768 2549 habentur
786 2492 813 2547 ia
834 2493 902 2549 libro
915 2499 1014 2565 quarto
1028 2490 1062 2548 de
1082 2491 1312 2556 consideratione,
1338 2505 1365 2547 1.
1381 2493 1425 2547 ta.
1439 2490 1501 2545 llaee
1514 2497 1578 2543 suat
1591 2502 1652 2558 quae
1666 2487 1699 2542 de
1714 2486 1765 2544 hae

103 2574 284 2646 epistularum
297 2577 417 2635 editione
432 2580 594 2653 praemittere
608 2581 696 2637 risum
711 2587 753 2637 est
766 2595 857 2652 operae
872 2581 999 2652 pretium.

391 2720 454 2794 fill.
470 2752 504 2765 -
519 2724 559 2781 De
572 2723 712 2781 Bernordi
729 2726 895 2793 sanctitate,
906 2723 1047 2789 doetrlnu,
1068 2728 1096 2780 et
1109 2725 1281 2781 auctoritate
1294 2724 1327 2780 tn
1342 2721 1476 2780 necleta.
1582 2793 1585 2796 Α

138 2839 241 2896 XXIII.
258 2841 408 2916 Annqaam
425 2845 536 2900 alterius
555 2846 742 2919 precedamus,
757 2847 832 2922 javat
846 2847 997 2919 expendere
1016 2848 1095 2911 duos,
1114 2850 1159 2922 qui
1173 2848 1308 2904 bernardo
1323 2847 1404 2902 tribui
1418 2847 1517 2911 soleat,
1542 2845 1642 2911 titulos,
1669 2857 1767 2915 nempe

102 2929 176 3000 quod
192 2929 228 2987 sit
247 2930 318 2987 inter
341 2931 468 2990 doctores
492 2933 650 3007 mellilluns,
666 2948 747 3010 atque
770 2938 881 2993 ultimus
896 2937 966 2992 inter
984 2938 1086 3001 Patres,
1110 2937 1159 2992 sed
1171 2936 1265 3009 primis
1285 2945 1423 2992 11111111
1447 2935 1545 3005 impar.
1565 2932 1688 2989 Doctoris
1711 2946 1767 2987 uo·

102 3032 165 3072 men
190 3018 309 3075 Ecclesia
327 3021 371 3076 lris
394 3021 497 3087 tribuit,
514 3038 630 3094 quornm
655 3024 776 3082 doctrina
801 3026 911 3097 publico
925 3025 1009 3098 ipsius
1033 3024 1163 3097 suffragio
1179 3027 1326 3097 approbata
1350 3034 1402 3087 cst,
1419 3023 1541 3079 inanime
1554 3021 1602 3076 ubi
1617 3019 1764 3077 sanctitatis

99 3118 254 3162 concentus
270 3109 384 3166 aceedit.
399 3109 491 3168 Patres
507 3122 586 3169 vocat
600 3127 658 3182 eos,
673 3128 742 3185 quos
756 3118 894 3182 sanctitas,
912 3114 1046 3179 doctrine,
1063 3123 1090 3169 ct
1111 3114 1254 3185 antiquitas
1276 3112 1463 3181 commendat;
1487 3110 1619 3176 doctrina,
1641 3109 1764 3182 inquam,

100 3193 252 3264 Scriptura
265 3204 293 3252 et
307 3197 443 3255 traditioni
459 3200 559 3270 potius,
575 3217 656 3274 quam
675 3202 828 3259 rationibus
852 3202 1045 3275 philosophicis
1060 3202 1205 3268 inhaerens,
1220 3201 1311 3274 larque
1334 3201 1461 3257 doctores
1485 3198 1614 3271 appellari
1648 3200 1764 3270 possunt

99 3284 191 3340 statim
206 3300 223 3339 a
236 3293 323 3343 morte
336 3287 386 3342 1111
404 3289 489 3345 saneti
504 3289 627 3345 (11111111
641 3290 774 3348 illustres:
790 3294 884 3349 Patres
905 3307 971 3348 aero
987 3291 1095 3347 nonnisi
1118 3307 1188 3362 quos
1213 3299 1321 3362 recepta
1338 3289 1496 3358 iamdudum
1510 3286 1656 3344 auctoritas
1681 3301 1766 3343 veae·

101 3372 203 3428 nabiles
218 3372 293 3440 lacit,
306 3384 335 3431 11
353 3376 452 3434 modus
468 3378 600 3433 tractandi
624 3395 709 3440 resa
735 3379 925 3453 philosophica
949 3380 1054 3436 ratione
1077 3380 1190 3435 alienus.
1217 3379 1366 3450 Utramque
1392 3378 1511 3451 elogium
1535 3375 1633 3432 merito
1655 3375 1767 3433 sortitus

103 3473 145 3519 est
159 3463 322 3520 1111111111.
342 3465 375 3522 Et
391 3466 505 3537 primam
519 3469 631 3541 quidem
650 3470 678 3524 in
692 3469 751 3541 ipsa
764 3471 825 3539 ejus
845 3469 1046 3526 canonizatione
1071 3468 1157 3523 eidem
1183 3467 1279 3524 tribuit
1301 3468 1453 3523 alexander
1476 3467 1511 3522 lll
1527 3465 1660 3531 inmissa,
1683 3479 1766 3537 quam

104 3553 138 3607 de
153 3567 187 3608 eo
201 3553 431 3623 tanecelehrarit,
446 3555 520 3613 dieto
544 3556 703 3631 Evangelio,
728 3560 800 3631 qnod
812 3559 878 3616 selis
903 3558 1059 3615 doctoribus
1082 3558 1182 3613 sanetis
1212 3558 1353 3630 asignatur
1377 3574 1410 3615 ex
1428 3555 1543 3610 llatthai
1565 3555 1651 3626 eapite
1672 3552 1767 3625 quinte

109 3642 157 3700 les
172 3643 240 3698 estis
254 3645 298 3700 sul
312 3647 398 3701 terroe
412 3645 511 3716 (lieth.
526 3647 566 3716 1).
598 3645 699 3705 Diserte
715 3663 778 3704 vero
792 3647 968 3704 Innocentius
987 3647 1023 3703 lll
1035 3646 1108 3702 idem
1122 3645 1426 3718 elogiumeoniirmarit
1440 3645 1468 3701 in
1483 3644 1602 3702 Collecta
1620 3657 1766 3699 1111111-

105 3728 201 3798 posita,
219 3730 248 3784 ln
267 3746 320 3803 qua
337 3748 350 3784 1
370 3731 467 3790 beatum
483 3733 636 3791 Bernardus
657 3735 742 3792 abbas
757 3745 784 3792 et
799 3737 897 3792 doctor
911 3736 1039 3808 egregins
1062 3755 1075 3788 a
1101 3735 1259 3808 appellatur.
1287 3734 1403 3790 llellillui
1428 3733 1603 3802 adiectivum,
1622 3732 1695 3804 qaod
1718 3745 1766 3787 rs·

104 3818 212 3874 centius
225 3827 277 3887 est,
293 3829 387 3877 saneto
401 3821 505 3879 doctori
524 3823 652 3879 asseruit·
664 3824 830 3894 Theophilus
845 3825 1009 3896 llaynandns
1032 3825 1122 3879 libello
1137 3824 1275 3898 singulari,
1291 3824 1338 3897 qni
1359 3824 1426 3892 apis
1445 3822 1580 3879 Gallicana
1598 3819 1765 3878 inscribitur·

103 3905 189 3964 Priml
204 3908 275 3965 inter
290 3908 410 3966 editores
425 3912 476 3968 hoc
498 3913 634 3983 epitheton
659 3912 791 3970 11111111
813 3922 1009 3985 apposuerunt,
1035 3911 1226 3984 Lugdunensis
1250 3911 1358 3981 quidem
1381 3927 1452 3967 aano
1468 3914 1547 3978 15118,
1571 3918 1630 3966 tum
1649 3911 1766 3966 ludocus

104 3996 261 4053 Clietovens
283 4014 354 4054 anno
369 4002 450 4056 tolo.
469 4011 550 4072 atque
573 4001 654 4057 etiam
672 4001 727 4057 duo
751 4002 787 4057 illi
809 4002 931 4059 monaehi
953 4001 1197 4057 Clara-lalleases
1217 3999 1273 4068 jam
1297 3999 1421 4068 superius
1442 3999 1559 4067 laudati;
1585 3999 1711 4070 idemque
1730 3999 1765 4054 ab

103 4083 168 4139 aliis
180 4083 297 4142 subinde
310 4095 404 4157 postea
425 4089 580 4162 neglectum
603 4089 722 4145 restituit
745 4091 881 4147 llorstius.
908 4089 1009 4145 Verum
1024 4090 1094 4145 inter
1111 4088 1199 4158 elogia
1227 4086 1292 4141 illud
1307 4085 1406 4142 reterre
1430 4094 1557 4156 praestate
1577 4101 1639 4141 enm
1661 4086 1764 4143 nudum

106 4170 199 4228 Sancti
214 4173 343 4228 bernardi
364 4190 464 4231 nomen
480 4178 544 4232 satis
564 4176 649 4249 ipsius
671 4193 781 4248 opernm
808 4179 918 4234 titulum
938 4181 1117 4247 commendet,
1138 4178 1211 4248 quod
1236 4174 1353 4232 auctoris
1375 4175 1469 4246 implet
1493 4173 1624 4247 elogium.
1648 4175 1719 4231 Sane
1740 4175 1765 4232 si

105 4261 181 4333 qnod
214 4261 288 4317 aliud
313 4262 453 4335 epitheton
481 4264 617 4322 Bemardo
645 4268 778 4334 11111111,
816 4266 932 4322 maxime
964 4263 1139 4331 0111111111,
1167 4266 1200 4320 ab
1230 4264 1289 4320 aliis
1320 4263 1465 4320 editoribus
1492 4263 1581 4320 eidem
1615 4263 1764 4320 tributum:

106 4359 253 4420 propterea
283 4351 355 4424 qnod
384 4351 509 4410 doctrina
536 4368 591 4410 noa
620 4364 674 4410 tam
701 4355 827 4410 humanis
858 4355 963 4412 viribus
996 4357 1139 4427 acquisita,
1170 4369 1250 4427 quam
1283 4352 1388 4409 coehtns
1415 4352 1502 4409 inlusa
1528 4353 1657 4425 praeditus
1682 4351 1765 4410 inisse

105 4436 239 4496 rideatm.

142 4526 245 4584 XXIV.
259 4527 420 4602 Quanquam
433 4531 457 4586 ei
473 4546 527 4587 uon
540 4530 626 4587 deluit
639 4532 716 4587 labor
734 4540 763 4587 et
779 4531 914 4589 industria
927 4533 957 4588 11
975 4533 1097 4604 legendis
1118 4531 1313 4602 versandisque
1327 4531 1491 4597 auetorihns,
1512 4529 1662 4587 anamodo
1683 4529 1768 4587 sacris

103 4615 155 4670 sed
169 4616 251 4672 etiam
265 4615 396 4688 profanis,
420 4625 451 4674 ut
473 4632 506 4672 ex
521 4619 616 4675 horum
640 4619 733 4675 verbis
755 4620 870 4677 subinde
894 4621 1017 4677 adderetis
1038 4620 1206 4676 manifestum
1231 4627 1282 4678 est.
1308 4619 1406 4676 llerum
1426 4620 1497 4675 haud
1521 4619 1643 4676 dnbieia
1665 4619 1767 4676 soeeulo

103 4704 166 4760 haee
179 4704 308 4761 didicerat
319 4706 439 4775 juvenis,
454 4722 514 4779 qnae
533 4707 614 4762 etiam
628 4706 686 4763 seni
701 4707 727 4762 iu
753 4710 909 4764 memoriam
934 4709 1080 4782 aliquando
1100 4710 1284 4765 recurrebant.
1300 4711 1335 4765 11
1356 4711 1438 4764 robus
1460 4708 1620 4781 theologicis
1644 4716 1767 4763 aeetnate

104 4807 218 4864 operam
231 4793 343 4851 dederat
358 4795 524 4852 monachus:
541 4811 656 4866 quarum
680 4812 770 4852 rerum
783 4798 905 4870 cognitio
919 4815 999 4872 quam
1026 4798 1157 4868 protunda
1173 4805 1200 4854 et
1214 4797 1338 4854 sublimis
1353 4798 1380 4852 ia
1392 4812 1425 4853 eo
1449 4808 1529 4863 esset,
1545 4797 1644 4853 doceat
1667 4794 1764 4868 impri-

105 4881 158 4937 mis
170 4884 379 4939 asrmonesdno
402 4883 428 4938 in
445 4884 567 4954 Cantica,
588 4900 687 4957 nempe
709 4887 896 4958 octogesimus
919 4894 946 4945 11
963 4888 1147 4963 octingesimns
1170 4887 1283 4959 primus,
1311 4886 1357 4941 uhi
1381 4891 1414 4940 de
1433 4886 1547 4958 imagine
1568 4885 1630 4953 Dei,
1650 4900 1711 4957 quae
1737 4885 1765 4941 in

104 4969 197 5025 Verbo
210 4979 238 5026 et
251 4970 281 5025 11
294 4971 381 5027 anima
394 4983 446 5038 est,
462 4971 538 5030 etde
561 4972 733 5046 simphcitate
751 4975 802 5030 Dei
818 4983 871 5032 tam
885 4975 938 5033 alte
953 4987 978 5032 et
993 4984 1054 5046 apte
1068 4977 1189 5043 disserit,
1215 4984 1244 5031 ut
1259 4991 1338 5032 nemo
1352 4976 1446 5032 melius
1468 4977 1581 5031 1111111
1609 4983 1671 5046 post
1691 4990 1766 5030 eum.

103 5058 179 5114 Idem
194 5059 276 5114 etiam
289 5060 430 5117 dicandum
444 5061 479 5116 de
500 5061 596 5119 Christi
608 5076 658 5140 pro
682 5062 763 5118 nobis
777 5064 905 5135 patientis
929 5065 1121 5132 satisfactione,
1145 5081 1206 5139 quae
1229 5065 1299 5120 miro
1314 5080 1377 5119 sane
1402 5065 1481 5119 modo
1496 5063 1522 5119 in
1536 5063 1649 5135 epistola
1672 5072 1765 5118 ceute·

103 5147 173 5202 sima
186 5148 362 5221 mnagesima
375 5149 410 5207 ad
436 5150 619 5206 innocentium
644 5151 806 5222 explicatur.
826 5153 870 5208 ad
894 5155 952 5211 haec
967 5154 1034 5225 quid
1049 5155 1075 5210 ia
1091 5169 1225 5209 canonum
1253 5153 1366 5209 seientia
1380 5153 1486 5208 eximiis
1498 5156 1558 5222 eJus
1572 5155 1606 5210 de
1629 5151 1764 5209 (11111111-

105 5237 212 5293 ratione
235 5237 313 5294 libris
336 5240 486 5311 comparari
510 5241 618 5310 potest?
633 5240 702 5297 lline
724 5241 903 5298 confirmatur
922 5242 992 5299 istud
1014 5244 1112 5300 Leonis
1136 5243 1227 5316 blagai
1252 5243 1381 5311 ellatnm;
1412 5264 1424 5295 1
1446 5242 1534 5299 Verus
1556 5241 1621 5298 recti
1643 5257 1719 5298 amur
1735 5241 1764 5297 ia

103 5326 255 5397 semetIpso
271 5327 390 5383 habetet
412 5327 573 5397 apostolicas
595 5329 779 5399 auctoritates,
805 5339 833 5387 et
849 5333 993 5388 canonicas
1019 5334 1180 5388 sanctiones.
1200 5353 1211 5380 1
1234 5331 1355 5404 benique
1383 5334 1481 5389 doctor
1503 5339 1611 5389 sanetus
1632 5338 1765 5403 quantum

100 5413 132 5469 id
146 5413 281 5486 Seipturee
294 5430 378 5474 111111
396 5415 513 5474 11111111
535 5426 655 5475 namtas
677 5417 767 5492 inerit,
781 5420 885 5494 abique
905 5421 1022 5477 clamant
1036 5425 1098 5492 ejus
1123 5421 1237 5492 scripta,
1255 5440 1268 5472 a
1288 5437 1348 5494 quse
1362 5420 1427 5476 nihil
1442 5421 1513 5477 aliud
1537 5435 1617 5494 quam
1636 5431 1766 5477 centones

101 5502 262 5565 divinornm
290 5505 472 5575 uoluminum,
496 5528 510 5562 a
539 5518 570 5566 ut
593 5506 661 5567 suti
685 5508 812 5568 81111111
832 5509 926 5569 verbis
947 5517 1016 5584 utar,
1039 5509 1093 5570 diei
1123 5519 1251 5585 possunt;
1273 5511 1376 5586 quippe
1400 5507 1705 5586 undecunqueleteris
1730 5523 1766 5568 ae
