3728 5940
173 238 212 301 ιι,
525 185 528 189 ’
803 226 975 293 ιιιιιιιιιο
999 226 1193 294 antemna
1787 232 1831 301 ιι·

191 362 305 420 leV.
319 360 449 433 Quaedam
459 356 606 432 singularia
621 357 699 413 ltabet
721 354 795 425 Otto,
810 354 935 428 quaedam
949 354 1011 411 item
1030 370 1046 410 a
1066 353 1197 412 Gauirido
1215 356 1406 429 discrepantia:
1421 359 1457 415 lit
1482 363 1569 433 primo
1587 362 1699 434 quinem
1726 365 1837 435 tradit,¹

173 452 288 510 Gilberti
312 466 424 508 examen
441 471 452 500 ι
468 446 544 503 linita
557 445 670 520 synodo,
686 455 712 500 et
725 444 903 518 promulgatis
916 444 1034 501 decretis
1050 464 1062 494 s
1079 444 1175 501 initum
1190 444 1290 504 inisse:
1317 455 1372 503 tum
1389 470 1401 500 ι
1418 449 1530 506 decursa
1550 452 1681 509 medianae
1693 452 1838 522 Quadra--

173 543 283 619 gesimae
298 537 474 608 bebdomada,
489 551 622 608 sacroque
638 534 786 591 Dominicae
800 533 937 590 Passionis
958 541 1079 605 tempore
1094 534 1272 599 inchoantes
1298 534 1449 594 Gilbertum
1468 539 1496 593 in
1510 540 1626 595 medium
1641 554 1763 600 vocatum
1788 545 1824 602 sd

172 631 314 704 iudicium.
329 627 430 685 Deinde
444 626 519 682 lectis
533 625 567 680 ab
590 639 624 679 eo
639 622 852 680 orthodoxorum
867 623 977 677 Petrum
990 621 1067 677 libris
1090 621 1118 676 in
1133 622 1175 677 sui
1194 622 1390 693 defensionem,
1414 625 1567 700 Eugenium
1591 629 1671 686 taedio
1693 630 1823 689 allectum

137 770 142 777 .
173 719 308 785 intulisse,
322 716 396 788 quud
410 714 557 773 Gauiridus
570 713 708 768 Bernardo
729 710 831 778 tribuit,
852 708 1010 780 simpliciter
1030 709 1134 766 diceret
1157 709 1306 781 Gilbertus,
1325 731 1338 764 s
1358 728 1429 769 eune
1442 714 1513 770 illam
1530 731 1663 773 summam
1676 722 1824 777 essentiam

172 809 294 867 medetei
306 821 367 862 esse
381 806 477 860 Deum.
500 823 511 852 ι
532 802 609 856 Hunc
623 815 687 856 vero
701 800 804 856 diutina
817 798 959 854 collatione
984 798 1134 865 fatigatum,
1159 801 1355 857 inconsiderate
1378 804 1559 872 respondisse,
1587 806 1690 862 «Non.
1714 830 1725 860 ι
1743 809 1823 878 Quod

173 898 285 965 dictum,
306 911 366 950 mox
381 895 415 948 ab
429 892 488 962 ejus
501 906 549 948 ore
565 898 670 961 raptum
685 889 806 945 notarius
820 889 966 961 exceperit.
981 887 1037 943 Sub
1051 889 1110 943 baec
1124 898 1257 946 conventu
1271 890 1394 956 dimisso,
1410 899 1496 948 totum
1516 895 1588 966 qrrod
1606 896 1739 966 superfuit
1752 898 1826 954 iltius

171 987 223 1042 diei
238 984 353 1056 spatium
366 998 427 1039 eum
441 991 519 1037 nocte
533 988 673 1052 sequente,
693 978 785 1034 amicis
801 979 856 1035 suis
870 976 1060 1044 cardinalibus,
1076 993 1145 1049 quos
1164 978 1256 1034 babuit
1282 994 1337 1036 non
1357 997 1467 1052 paucos,
1489 984 1650 1054 premendis
1672 984 1824 1044 Gilbertum

172 1073 340 1132 adhibuisse.

208 1163 290 1218 bxv.
306 1161 354 1217 Die
368 1160 549 1230 subsequente
569 1156 704 1213 recitatum
725 1155 812 1226 ipsius
826 1154 965 1226 scriptum,
985 1154 1100 1227 ejusque
1124 1157 1253 1212 rationem
1267 1157 1301 1212 ab
1321 1157 1449 1229 episeopo
1469 1167 1605 1217 exactam:
1626 1177 1690 1218 curn
1708 1180 1771 1220 vero
1787 1165 1825 1222 ita

172 1252 284 1317 demum
298 1249 458 1306 seutentiam
473 1263 549 1302 suam
564 1245 731 1316 exposuisse,
748 1255 778 1300 ut
790 1244 814 1300 si
824 1244 872 1299 Dei
886 1259 985 1299 nornen
1004 1259 1054 1315 pro
1069 1254 1164 1299 natura
1184 1245 1241 1314 ipsa
1256 1254 1387 1314 sumatur,
1408 1247 1495 1303 Deum
1510 1251 1619 1320 quidem
1644 1266 1703 1309 esse
1723 1269 1823 1311 conce.

172 1341 267 1409 deret3
283 1355 362 1394 secus
377 1338 400 1392 si
416 1354 464 1408 pru
476 1351 613 1408 persona:
630 1351 674 1401 ue,
691 1335 714 1389 si
729 1334 756 1388 id
779 1354 792 1386 ιι
812 1333 1021 1390 indeterminate
1042 1354 1054 1381 a
1075 1335 1257 1402 profiteretur,
1273 1337 1507 1408 manducaretur,
1524 1346 1555 1394 ut
1567 1339 1699 1412 quidquid
1713 1340 1747 1396 de
1760 1360 1824 1414 qua·

171 1428 236 1485 libet
256 1442 369 1500 persona
393 1426 500 1494 dieitur,
524 1432 551 1479 et
573 1426 607 1479 de
630 1423 745 1478 essentia
768 1422 869 1493 pariter
893 1428 965 1476 esset
987 1421 1186 1479 asserendum:
1208 1432 1288 1494 atque
1308 1424 1376 1479 adeo
1397 1445 1408 1475 ι
1437 1425 1509 1481 sient
1531 1443 1674 1498 personam
1697 1429 1765 1498 Filii,
1786 1432 1823 1488 ita

172 1518 287 1599 divinam
303 1515 447 1573 essentiam
461 1512 668 1569 indeterminate
688 1512 862 1577 incarnatam,
888 1524 1051 1583 passamque
1070 1530 1085 1561 ιι
1110 1510 1230 1567 ιοιιιιιιιί
1253 1523 1405 1586 cogeretur.
1420 1513 1493 1571 lianc
1517 1530 1598 1586 porro
1623 1516 1823 1575 distinctionem

169 1607 204 1662 ab
218 1623 251 1661 eo
265 1613 393 1662 assertam
409 1601 569 1659 testimoniis
584 1602 703 1668 Patrem,
726 1599 891 1661 Theodoreti
907 1609 933 1653 et
948 1597 1049 1668 Hilarii,
1064 1607 1147 1671 atque
1166 1601 1324 1656 auctoritate
1344 1601 1452 1658 concilii
1475 1604 1614 1660 Toletani:
1636 1625 1650 1657 ι
1671 1622 1750 1679 quarn
1774 1623 1823 1663 au·

168 1695 317 1752 ctoritatem
340 1708 401 1748 curn
420 1690 600 1747 determinare
632 1690 710 1745 vellet
739 1686 961 1744 Clara-Vallensis
991 1687 1084 1757 abbas,
1100 1694 1128 1742 et
1144 1687 1232 1758 aliqua
1258 1690 1338 1748 verba
1362 1692 1530 1764 protulisset,
1558 1710 1618 1766 quae
1641 1695 1823 1752 cardinalibus

169 1783 358 1854 displicerent:
375 1801 388 1834 ι
403 1779 553 1836 Gilbertum
569 1778 688 1849 petiisse,
709 1784 738 1832 ut
757 1776 785 1831 id
804 1776 988 1833 scriberetur:
1003 1775 1167 1831 beroardum
1187 1791 1259 1843 vero,
1274 1778 1345 1849 quod
1367 1778 1512 1835 Gauiridus
1524 1788 1608 1848 notat,
1631 1783 1820 1854 respondisse:

169 1872 344 1928 «scribetur
357 1870 424 1939 stylo
443 1868 543 1934 terreo,
559 1881 650 1934 ungue
674 1865 889 1921 adamantino.»
910 1863 1024 1919 bennum
1043 1864 1165 1919 abbatem
1188 1875 1308 1920 sanctum
1332 1868 1474 1938 episeopus
1496 1873 1666 1936 convenisse,
1688 1871 1823 1944 simulque

168 1976 230 2017 cunr
244 1959 285 2015 eis
299 1958 379 2015 iidem
395 1966 576 2013 suamcontra
590 1953 704 2009 Gilberti
720 1953 835 2024 capitula
856 1951 1026 2023 exposuisse.
1041 1951 1120 2020 Quod
1135 1951 1282 2009 Gallicanae
1291 1955 1418 2012 Ecclesiae
1433 1956 1531 2013 laetum
1547 1970 1599 2015 tarn
1611 1960 1730 2032 graviter
1742 1977 1821 2018 sacer

167 2047 342 2106 cardinalium
357 2055 464 2101 senatus
477 2043 623 2116 acceperit,
641 2052 670 2097 ut
683 2041 734 2098 bac
748 2041 782 2096 de
797 2041 873 2096 read
894 2038 1048 2110 pontificem
1063 2042 1202 2110 conquesti
1218 2041 1281 2109 sint,
1297 2050 1355 2098 turn
1369 2055 1463 2100 eontra
1479 2046 1633 2118 episeopus,
1649 2056 1703 2104 tum
1728 2060 1822 2107 eontra

167 2136 331 2192 bernardum
354 2134 452 2206 ipsum,
485 2132 559 2205 quod
585 2153 597 2183 ι
625 2137 751 2201 tanquam
772 2128 888 2184 linitura
906 2127 1046 2184 sententiae
1069 2128 1189 2185 ultimam
1210 2145 1320 2186 manum
1344 2135 1517 2203 apponendo,
1543 2135 1637 2204 »ipsis
1651 2137 1822 2204 inconsultis,

168 2223 250 2280 fidem
264 2240 338 2279 suam
355 2223 473 2280 scribere
487 2221 548 2276 ausi
561 2219 690 2286 luissent:
708 2233 768 2290 quae
782 2233 825 2273 res
838 2217 871 2272 ad
887 2217 1033 2273 ilomaeam
1049 2218 1142 2272 sedern
1163 2219 1322 2288 pertineret.
1341 2222 1459 2277 Tandem
1473 2222 1637 2279 bernardum
1657 2226 1736 2295 jussu
1751 2242 1823 2296 pon-

165 2312 256 2383 tificis,
271 2323 300 2368 ut
313 2310 462 2368 cardinales
475 2310 604 2382 placaret,
634 2307 804 2372 accersitum,
820 2305 953 2362 humiliter
967 2312 994 2362 et
1008 2320 1069 2361 eum
1094 2306 1241 2362 reverentia
1255 2308 1447 2379 respondisse:
1465 2333 1475 2359 ι
1493 2312 1539 2383 Se,
1555 2312 1595 2368 vel
1618 2314 1743 2370 dominos
1765 2316 1825 2387 epi·

165 2417 264 2472 scupos
279 2400 345 2456 nilril
359 2401 394 2455 de
409 2398 528 2472 praelatis
542 2393 823 2469 capituliadiilinisse:
841 2393 890 2450 sed
909 2393 970 2465 quie
992 2394 1138 2450 abeodem
1160 2395 1289 2466 episcopo
1313 2396 1447 2455 Pictavino
1470 2400 1600 2468 audierat,
1631 2410 1660 2457 ut
1683 2401 1751 2459 iides
1772 2419 1823 2460 sua

168 2491 348 2549 sorberetur:
366 2489 474 2556 idcirco,
490 2487 552 2560 quia
566 2486 641 2544 solus
655 2485 749 2555 nollet,
766 2484 876 2540 illorum
890 2482 1045 2539 auctoritate
1069 2499 1100 2537 ae
1114 2484 1270 2540 testimonio
1293 2485 1451 2557 simpliciter
1475 2503 1504 2543 se
1518 2491 1590 2560 quod
1606 2491 1717 2546 sentiret
1738 2508 1823 2563 expo-

168 2581 298 2637 suisse.»
321 2580 382 2647 Quo
397 2577 495 2633 humili
513 2592 544 2632 ae
567 2575 689 2631 modesto
714 2588 844 2643 responso
867 2580 987 2642 accepto,
1002 2571 1131 2643 predicta
1159 2572 1336 2630 cardinalium
1358 2575 1506 2650 indignatio
1527 2578 1751 2650 conquieveris«
1786 2583 1822 2635 ita

165 2675 258 2724 tamen
272 2677 303 2724 ut
317 2666 457 2736 praelatum
479 2665 620 2734 scriptum,
644 2672 772 2732 unquam
801 2661 950 2719 inconsulta
974 2660 1050 2717 curia
1073 2663 1218 2731 prolatum,
1232 2663 1306 2718 velut
1323 2665 1489 2720 auctoritatis
1510 2667 1628 2736 pondere
1643 2681 1750 2735 tarem,
1771 2684 1821 2740 pro

166 2754 290 2828 symbolo
305 2754 332 2810 in
354 2754 472 2810 Ecclesia
495 2767 551 2808 non
564 2752 719 2807 baberetur.
734 2770 748 2801 e
764 2749 899 2822 Amueita
920 2770 932 2800 ι
957 2749 991 2805 de
1005 2749 1091 2806 tribus
1113 2749 1238 2821 capitulis
1263 2762 1371 2822 propter
1393 2742 1558 2824 praemissam
1584 2756 1820 2813 tumultuationem

164 2844 230 2901 nibil
245 2843 352 2899 deliniri
370 2841 496 2913 potuerit.
518 2861 531 2892 s
549 2839 627 2909 Quod
643 2838 740 2894 mirum
758 2853 812 2894 non
827 2854 886 2894 esse
900 2837 936 2892 ait
951 2836 1014 2894 Otto
1035 2839 1082 2909 qui
1098 2846 1125 2893 et
1138 2838 1224 2906 addit,
1248 2837 1398 2896 Gilbertum
1420 2841 1446 2896 io
1462 2854 1556 2913 quarto
1581 2844 1614 2899 ab
1629 2839 1688 2900 aliis
1712 2846 1819 2902 discor-

165 2933 245 2989 dasse
257 2931 401 3004 episcopis,
415 2950 428 2982 ι
444 2946 505 2986 eum
519 2928 557 2985 illi
571 2928 762 3002 profiterentur
785 2935 910 2983 naturam
924 2925 1100 2993 incarnatam,
1114 2926 1163 2982 sed
1187 2928 1214 2982 in
1229 2927 1297 2983 Filio
1322 2947 1334 2980 s
1351 2946 1358 2984 :
1374 2929 1513 2987 Gilbertus
1535 2946 1620 2988 vero:
1639 2955 1651 2984 ι
1677 2950 1821 3006 personam

167 3021 227 3078 Filii
240 3021 404 3077 incarnatam
419 3036 473 3076 non
487 3020 545 3075 sine
560 3034 609 3074 sua
624 3028 729 3074 nature.
750 3017 790 3074 De
809 3016 898 3088 primo
914 3026 1016 3072 tantum
1031 3015 1168 3071 Romanus
1182 3016 1303 3088 pontiler
1318 3016 1448 3090 definivit,
1463 3034 1498 3075 ne
1513 3021 1601 3092 aliqua
1615 3022 1682 3079 ratio
1696 3024 1722 3078 in
1736 3025 1819 3078 tbeo·

165 3109 236 3184 logia
251 3110 320 3165 inter
334 3117 455 3166 naturam
471 3116 497 3164 et
517 3122 660 3181 personam
682 3105 823 3176 divideret,
849 3120 918 3161 neve
934 3105 1007 3159 Deus
1021 3105 1116 3161 Divina
1130 3104 1245 3160 essentia
1268 3107 1405 3163 diceretur
1418 3123 1451 3164 ex
1479 3125 1560 3165 sensu
1573 3109 1680 3168 ablativi
1704 3118 1816 3181 tantum,

164 3199 212 3256 sed
227 3198 306 3254 etiam
321 3197 489 3254 nominativi.
506 3218 520 3247 ι
544 3197 631 3268 Quam
655 3196 753 3250 summi
776 3192 914 3265 pontificis
933 3193 1092 3249 sententiam
1118 3193 1254 3250 Gilbertus
1281 3205 1439 3253 reverenter
1457 3198 1604 3268 exceperit,
1629 3208 1710 3271 atque
1732 3202 1821 3257 arcbi·

165 3287 284 3344 diaconis
299 3286 356 3342 suis
370 3287 397 3340 in
411 3287 524 3360 gratiam
538 3287 663 3356 receptis,
687 3300 774 3341 teum
789 3283 893 3339 ordinis
908 3281 1065 3354 integritate
1084 3293 1110 3338 et
1123 3281 1233 3338 bonoria
1255 3284 1423 3354 plenitudine
1443 3306 1456 3339 ι
1472 3287 1506 3343 ad
1521 3288 1657 3359 propriam
1680 3289 1818 3346 dioecesim

165 3375 322 3433 remeaverit
336 3374 404 3446 (ιθ).

179 3464 341 3543 1-ιιιιιιμιιι
355 3463 397 3519 bis
411 3463 537 3520 omnibus
555 3472 675 3536 apparet,
695 3461 820 3519 0ttonem
843 3460 964 3516 Gilberto
991 3459 1134 3516 admodum
1157 3458 1274 3517 lavisse:
1299 3477 1349 3517 nec
1368 3461 1484 3534 proinde
1506 3463 1668 3528 mirandum,
1694 3464 1765 3535 quod
1790 3465 1819 3520 in

164 3553 392 3624 consequentibus
406 3552 552 3618 addubitet,
570 3573 582 3603 ι
603 3560 692 3606 ιιιιιιιιι
708 3548 852 3620 praedictus
870 3548 955 3603 abbas
975 3547 1207 3605 Clara-Veliensis
1228 3548 1256 3605 in
1272 3551 1323 3606 boc
1336 3549 1446 3622 negotio
1461 3566 1494 3605 er
1510 3552 1632 3605 bumanae
1656 3549 1817 3608 infirmitatis

163 3639 323 3715 fragilitate,
338 3649 466 3712 tanquam
482 3641 575 3709 horno,
592 3643 720 3709 deceptus
734 3638 833 3694 luerit:
857 3639 898 3693 vel
915 3636 1067 3709 episeopus,
1082 3646 1210 3709 tauquam
1224 3638 1265 3696 vir
1291 3636 1506 3706 litteratissimus,
1532 3638 1702 3710 prepositum
1727 3649 1818 3698 astute

164 3731 287 3800 celando,
304 3730 431 3787 Eeelesite
444 3729 575 3801 judicium
589 3727 714 3785 evaserit.
732 3746 745 3779 s
770 3727 870 3783 Verum
894 3724 957 3782 Otto
973 3726 1051 3782 morti
1066 3729 1215 3799 proximus,
1240 3736 1307 3784 teste
1321 3727 1467 3797 iladevico,
1490 3727 1588 3785 librum
1604 3744 1693 3798 auum,
1718 3729 1747 3784 in
1762 3746 1820 3803 quo

163 3821 224 3877 baec
239 3822 392 3891 scripserat,
408 3819 461 3874 sibi
474 3818 565 3875 ailerri
581 3819 720 3889 precepit,
734 3829 762 3872 et
775 3814 911 3887 religiosis
926 3815 991 3871 viris
1007 3815 1132 3871 tradidit:
1150 3826 1204 3873 «ut
1217 3816 1241 3871 si
1254 3817 1319 3888 quid
1336 3832 1385 3890 pro
1418 3818 1551 3874 sententia
1571 3817 1695 3892 magistri
1707 3816 1821 3874 Gilberti

164 3909 265 3966 dixisse
277 3908 352 3966 visus
366 3919 447 3974 esset,
462 3907 535 3979 quod
554 3905 706 3979 quempiam
720 3914 812 3976 posset
826 3903 975 3974 oliendere,
991 3905 1024 3959 ad
1040 3905 1160 3975 ipsorum
1175 3905 1315 3961 arbitrium
1329 3907 1511 3979 corrigeretur
1522 3909 1591 3980 (tt).
1608 3928 1620 3958 ι
1638 3909 1679 3962 ιιι
1697 3916 1750 3964 tota
1769 3907 1819 3963 bae

165 3997 345 4070 disputatione
364 3996 461 4052 merito
484 3995 633 4053 Gauiridus
656 3993 770 4051 lectores
794 3992 827 4047 ad
850 3992 981 4048 Berrtardi
1004 4008 1144 4049 sermones
1167 3993 1196 4049 in
1216 3994 1324 4050 Cantica
1346 3995 1467 4062 remittit,
1493 4011 1589 4067 nempe
1609 3996 1644 4051 ad
1668 4011 1819 4053 sermonem

160 4087 363 4160 octogesimum,
380 4085 471 4158 inquo
487 4086 527 4139 vir
541 4094 659 4146 sanctus,
670 4097 728 4149 eos,
746 4083 791 4150 uui
806 4080 923 4137 Gilberti
938 4079 1098 4137 seutentiam
1115 4098 1287 4156 propugnare
1310 4083 1470 4156 pergebant,
1489 4083 1620 4141 hereticos
1644 4084 1819 4156 pronuntiare

164 4190 218 4233 non
233 4175 354 4231 dubitat:
372 4173 476 4230 tametsi
492 4172 611 4227 auctoris
625 4170 728 4227 nontini
742 4171 776 4225 ob
786 4169 998 4240 resipiscentiam
1016 4169 1109 4238 parcit.

474 4263 489 4333 ἓ
509 4261 552 4316 vt.
573 4288 610 4302 -
627 4262 665 4316 De
679 4259 866 4327 ilenriciurris,
881 4259 1001 4332 aliisque
1015 4258 1186 4315 boeretieiso
1202 4259 1343 4315 bernardo
1358 4261 1504 4331 repressis.

202 4350 308 4406 txvu.
324 4350 477 4407 Gilbertum
492 4358 519 4404 et
534 4346 714 4412 Abaelardum,
729 4347 774 4419 qui
794 4363 827 4403 ex
849 4361 974 4418 perverso
998 4345 1176 4418 philosophias
1191 4364 1242 4404 usu
1265 4347 1424 4421 theologiam
1446 4348 1643 4420 deformabant,
1662 4350 1768 4407 ratione
1790 4360 1819 4406 et

164 4439 322 4497 auctoritate
346 4438 440 4494 revicit
463 4438 633 4493 bernardus:
657 4444 684 4491 at
708 4436 849 4492 haereticos
869 4434 945 4491 lactis
972 4435 1051 4491 etiam
1075 4444 1102 4491 et
1123 4438 1251 4506 exemplis
1275 4436 1420 4507 superavit.
1452 4436 1539 4493 Variae
1570 4440 1596 4493 in
1618 4455 1705 4510 genus
1727 4449 1818 4510 pestes

94 4585 98 4591 ,
166 4531 254 4585 ιιιίιι
268 4526 363 4583 Galliae
378 4527 529 4598 provintias
552 4542 609 4580 aevo
630 4525 675 4580 illo
699 4525 879 4581 infestabant:
902 4524 1084 4581 Tanebelmus
1097 4525 1312 4596 Anttverpiensis
1331 4527 1357 4580 in
1380 4525 1516 4593 Flandria,
1543 4526 1637 4583 Petrus
1652 4527 1762 4583 Bruuius
1788 4527 1817 4582 in

165 4617 316 4687 Provincia,
332 4632 349 4671 a
363 4630 417 4688 quo
428 4615 492 4671 dieti
507 4613 728 4678 Petrobrusiani;
753 4613 885 4669 Henricus
898 4613 926 4668 in
944 4611 1096 4685 Aquitania,
1116 4615 1161 4671 alii
1183 4617 1241 4671 sine
1255 4621 1329 4670 certo
1344 4615 1413 4671 duee
1430 4617 1456 4671 in
1471 4616 1645 4687 Lotbaringia
1658 4624 1685 4670 et
1698 4614 1728 4669 in
1751 4615 1819 4671 lucis

168 4704 457 4779 Coloniae-Agrippinae
481 4703 585 4767 vicinis,
611 4719 681 4775 quos
704 4704 740 4758 ob
767 4702 795 4758 id
818 4701 994 4759 colonienses
1023 4702 1227 4775 appellabimus.
1260 4703 1310 4760 ilic
1330 4702 1455 4759 omnibus
1477 4704 1645 4760 ernaldistas
1667 4704 1818 4774 adiungere

166 4792 240 4850 licet.
630 4849 632 4852 .

201 4883 319 4940 LXVIII.
335 4881 538 4949 Tauolrelmum,
553 4884 667 4953 eJ'usque
681 4896 813 4954 sequaces
825 4896 972 4954 aggressus
987 4890 1030 4941 est
1043 4884 1140 4938 beatus
1154 4880 1313 4946 Norbanus,
1328 4893 1357 4938 ut
1371 4897 1404 4938 ex
1418 4883 1478 4953 eius
1498 4881 1556 4937 Vite
1578 4884 1705 4949 constat3
1731 4888 1816 4953 atque

164 4974 320 5026 eorumdem
341 4994 354 5021 ι
371 4988 480 5027 cursum
495 4980 521 5027 et
538 4973 669 5043 impetum
685 4969 855 5027 retardavit»
873 4970 901 5024 in
915 4970 1082 5042 Trajeetensi
1101 4970 1212 5026 dioeeesi
1236 4970 1391 5026 Friderieus
1411 4969 1582 5027 Coloniensis
1612 4966 1745 5026 antistes:
1761 4985 1815 5040 qua

163 5059 198 5114 de
213 5075 242 5115 re
257 5068 343 5115 exstet
356 5062 426 5132 apud
448 5062 651 5133 Tengnagelum
675 5058 790 5128 epistola
813 5058 991 5127 Trajactensis
1015 5058 1142 5115 Ecclesiae
1163 5060 1196 5113 ad
1221 5058 1346 5114 eumdem
1368 5058 1534 5116 Friderioum
1560 5056 1623 5113 vde
1648 5056 1814 5113 Tancbelmo

164 5149 318 5215 seductore,
343 5172 355 5199 ι
373 5150 420 5205 ubi
434 5150 511 5205 istius
526 5148 634 5204 baeresis
652 5148 731 5221 erigo
747 5153 774 5201 et
789 5162 895 5202 sumnia
908 5147 1081 5204 describitur.
1097 5147 1168 5215 Quid
1183 5147 1211 5202 in
1225 5145 1447 5202 Petrobrusianos
1469 5149 1556 5221 egerit
1574 5148 1670 5204 Petrus
1696 5146 1815 5202 Venera-

166 5237 238 5303 bilis,
253 5246 381 5294 traetatus
395 5247 486 5295 contra
501 5238 561 5293 illos
575 5237 608 5291 ab
623 5251 655 5291 eo
668 5235 759 5292 editus
778 5235 866 5292 docet.
891 5235 1023 5293 Bernardi
1050 5236 1077 5291 in
1101 5250 1159 5292 rem
1181 5234 1359 5291 Christianam
1382 5234 1501 5291 studium
1523 5238 1645 5294 exercuit
1667 5235 1696 5290 in
1719 5234 1815 5306 primis

165 5325 325 5383 lienrieiana
339 5325 459 5392 lraeresis,
475 5341 556 5398 quam
572 5324 649 5382 iactis
662 5331 689 5381 et
712 5323 821 5396 seriptis
842 5333 952 5382 strenus
978 5323 1137 5397 magitavit.
1161 5323 1287 5396 Legenda
1310 5322 1360 5378 bae
1382 5323 1417 5379 de
1440 5340 1471 5381 re
1491 5324 1604 5396 epistola
1626 5324 1816 5381 ducentesima

198 5505 255 5577 (to)
273 5506 348 5576 Otto,
362 5505 396 5564 ds
405 5504 487 5591 trid.
502 5503 549 5561 lib.
561 5518 587 5589 ι,
602 5518 680 5589 capp.
696 5506 744 5576 bt,
758 5504 803 5583 bi.
934 5568 939 5577 ,
1049 5502 1108 5576 (tt)
1123 5499 1289 5583 ιιιιιιιιιιιι,
1298 5501 1349 5561 ιιι.
1361 5516 1395 5576 rt,
1409 5515 1472 5582 esp.
1485 5504 1580 5581 ¹¹9.
