3728 5940
43 166 100 237 205

786 160 963 223 aetatula.

1643 162 1696 224 206

44 290 203 353 bumilitate
219 298 266 344 tue
280 287 416 360 respicere
429 296 456 344 te
469 287 545 356 dicis,
557 294 662 344 montes
672 302 726 344 non
735 302 846 358 sumus;
864 303 888 389 st
904 295 990 345 restra
1003 294 1099 344 contra
1120 303 1222 344 morem
1247 295 1373 345 nostmm
1386 304 1403 344 a
1415 291 1504 358 nobis,
1528 307 1584 350 nou
1607 298 1696 366 nobis,

44 380 95 436 sed
114 387 142 434 et
162 377 214 448 ipsi
230 380 264 433 de
280 378 405 434 convelle
420 378 600 448 lacrymarum
616 377 758 434 laboriosis
771 391 849 431 cone-

45 470 123 532 tibus
143 466 279 523 enitentes
301 468 433 524 adversus
454 467 594 522 renitentis
614 467 715 523 inimici
730 465 848 532 iusidias,

47 575 82 614 ac
96 556 248 613 mundialis
263 556 376 610 malitie
389 556 556 623 violentiam,
573 563 662 612 tecum
676 556 823 611 clamemus
840 573 848 610 t

48 648 201 705 Auxilium
216 655 369 701 nostmma
394 647 520 709 Domino,
536 647 583 717 qui
609 647 678 715 fecit
706 645 807 700 cetum
822 647 850 699 et

50 741 162 794 terram
177 736 267 807 (Psoi.
283 751 347 804 cxx,
361 736 402 806 2).

85 829 112 881 2.
132 826 234 880 Omnes
246 822 355 899 quippe,
370 823 417 895 qni
433 822 477 896 pie
487 822 677 880 voluntuivere
690 822 717 879 in
732 821 851 900 Christo,

49 913 270 986 persecutionem
281 911 420 984 patiuntur
435 912 473 981 (ll
490 913 557 969 Tim.
574 927 612 981 ru,
624 912 685 982 ι2);
700 912 735 967 ita
746 918 776 966 ut
789 927 851 966 cum

49 1002 91 1059 eis
107 1018 247 1073 nunquam
261 1002 330 1057 desit
340 1002 383 1073 pie
398 1001 466 1057 velle
482 1002 532 1072 (cl.
549 1001 661 1072 uivere),
677 1015 732 1055 non
745 1014 854 1071 semper

49 1103 142 1149 tamen
155 1091 226 1148 adsit
234 1100 260 1147 et
271 1089 399 1164 perlicere
407 1106 456 1163 pro
467 1091 538 1147 bona
547 1089 852 1150 voluutare.Sicureeim

50 1180 203 1253 impiorum
219 1188 261 1236 est
275 1178 327 1251 piis
346 1179 479 1237 honorum
495 1178 640 1252 propositis
653 1177 762 1234 assidue
777 1177 852 1234 relu-

50 1269 132 1334 ctari,
147 1269 186 1324 sic
196 1275 290 1325 contra
304 1267 432 1339 pietatem
448 1276 567 1336 nonest,
584 1275 694 1341 propter
708 1265 853 1324 multitude

50 1376 116 1415 nem
131 1357 341 1424 aduersantium,
356 1359 480 1430 quamvis
487 1361 560 1429 justa
572 1368 598 1414 et
612 1366 704 1414 sancta
717 1357 853 1414 desideria

51 1463 205 1521 paucorum
218 1447 378 1520 plemmque
390 1461 444 1504 non
455 1446 559 1519 perlici.
576 1446 621 1504 Sic
630 1451 720 1504 Aaron
733 1446 853 1504 soleretis

54 1537 244 1594 tumultuantis
253 1536 348 1608 populi
363 1545 456 1594 contm
469 1537 628 1594 voluntatem
643 1551 720 1593 suam
729 1535 854 1593 clamori-

905 374 951 431 sed
966 375 1017 430 sibi
1031 378 1141 435 etvobis
1155 379 1262 434 detenta
1272 388 1320 444 est,
1336 395 1395 436 cum
1405 382 1447 437 tali
1457 385 1698 458 circumventione,

905 464 959 520 imo
973 465 1032 521 utili
1057 467 1243 532 subventione,
1267 476 1295 522 ut
1322 468 1396 525 lratri
1421 487 1470 538 pro
1492 474 1614 531 arctioris
1637 478 1699 534 vitae

905 553 1050 624 desiderio,
1065 563 1091 609 et
1111 570 1160 626 pro
1183 556 1272 610 lretris
1287 556 1371 613 reditu
1391 567 1489 615 vestrae
1503 562 1610 619 tandem
1625 567 1700 621 nihi-

906 641 1022 698 lominus
1044 642 1174 700 uoluntati
1197 644 1362 700 satisfactum
1385 649 1427 702 sit.
1453 649 1515 704 llaec
1537 628 1626 707 summ
1639 654 1701 711 dico

906 746 959 786 non
976 738 1004 786 ut
1018 740 1137 788 nostram
1157 748 1284 805 ergarus
1303 733 1330 788 in
1350 736 1401 790 hoc
1417 738 1497 793 uelim
1511 743 1701 799 commendare

906 820 1131 891 benevolentiam,
1155 837 1237 892 quam
1255 838 1304 892 per
1316 822 1444 896 quidquid
1467 825 1554 883 iecere
1578 845 1698 899 possum,

907 909 951 966 vix
964 908 1130 978 sufficerem,
1151 910 1219 968 sicut
1233 919 1282 976 est,
1297 912 1480 971 demonstrare
1500 933 1507 974 τ
1524 919 1573 972 sed
1598 930 1628 976 ut
1641 936 1700 975 cer-

906 1006 961 1053 tum
977 1015 1049 1055 nunc
1068 999 1201 1067 habeatis,
1222 1001 1295 1073 quod
1311 1009 1338 1056 et
1359 1011 1422 1059 ente
1441 1004 1518 1060 uobis
1541 1007 1640 1064 dixisse
1657 1025 1701 1065 mr.

907 1087 1029 1157 memini,
1044 1088 1107 1160 quia
1121 1104 1194 1160 saepe
1209 1089 1343 1162 inquietos
1358 1091 1473 1159 animos,
1488 1093 1586 1165 quibus
1599 1111 1658 1168 sua,
1675 1097 1701 1152 iu

906 1192 961 1247 que
973 1186 1045 1242 sunt,
1061 1179 1113 1233 vita
1133 1192 1186 1234 non
1212 1176 1320 1250 sufficit,
1339 1178 1486 1238 districtior
1499 1193 1610 1254 experta
1623 1199 1701 1242 com-

908 1266 1005 1336 pescit.
1021 1267 1169 1323 Consilium
1184 1276 1304 1324 nostrum
1319 1285 1401 1340 super
1415 1272 1474 1342 ipso
1489 1271 1569 1330 tratre
1582 1279 1704 1331 reconci-

908 1354 971 1411 liato
986 1355 1057 1412 velle
1078 1371 1128 1413 vos
1155 1355 1301 1428 scripsistis
1315 1358 1410 1414 audire
1434 1376 1441 1414 :
1470 1360 1516 1417 sed
1533 1377 1587 1418 non
1609 1365 1702 1433 putari

908 1458 1018 1500 necesse
1033 1442 1102 1510 lore,
1113 1460 1175 1501 cum
1188 1453 1296 1516 paratus
1310 1446 1399 1504 veniet
1414 1463 1562 1522 nonseem,
1577 1458 1608 1507 ut
1622 1454 1702 1525 solet,

907 1533 1015 1592 evobis
1026 1542 1196 1606 extorquere,
1213 1537 1260 1591 sed
1274 1546 1378 1602 vestre,
1392 1546 1422 1592 ut
1433 1538 1520 1607 decet,
1532 1540 1561 1597 in
1575 1543 1703 1600 omnibus

55 1628 109 1682 bus
129 1627 211 1682 cessit
225 1625 324 1695 (Eeod.
336 1627 444 1696 ιιιιιιιι).
461 1625 507 1682 Sic
517 1625 625 1682 Samuel
638 1625 727 1682 eidem
742 1626 853 1696 populo,
869 1622 1039 1708 flvotunert
1050 1622 1229 1694 acquiescere.
1249 1622 1438 1681 Diliicultstem
1454 1626 1603 1700 ingressus,
1622 1647 1702 1702 quem

55 1715 210 1792 inordinate
234 1730 327 1787 regem
352 1714 464 1786 petenti,
492 1714 592 1772 invitus
615 1713 723 1770 Saulem
750 1713 854 1768 inunxit
909 1712 986 1769 valde
1001 1711 1087 1778 timet,
1102 1727 1150 1785 pro
1173 1711 1232 1782 ipsc
1257 1721 1285 1768 et
1308 1727 1368 1768 cum
1384 1712 1446 1784 ipso
1459 1715 1644 1787 supplicamus
1659 1720 1704 1790 pie

56 1804 84 1881 (l
95 1807 159 1875 lieo.
176 1805 214 1874 ιι).
226 1802 272 1861 Sic
281 1802 366 1860 David
378 1812 439 1858 cum
454 1802 533 1861 veltet
546 1810 702 1858 construere
715 1802 852 1874 templum,
909 1801 1063 1873 temperari,
1079 1810 1106 1857 et
1119 1801 1264 1872 aliquando
1273 1802 1366 1857 mitius
1374 1818 1435 1859 cum
1446 1819 1479 1859 eo
1488 1805 1543 1877 agi,
1551 1823 1631 1878 quam
1641 1824 1703 1866 cum

57 1901 172 1965 propter
182 1890 361 1949 infestantium
378 1890 734 1957 tameubellainirnicorum,
744 1888 806 1962 quie
816 1889 856 1946 uir
909 1892 1013 1946 caeteris
1027 1891 1096 1946 solet
1113 1890 1243 1963 fugitivis.
1260 1891 1289 1945 ln
1303 1890 1438 1948 similibus
1452 1893 1524 1948 enim
1534 1893 1613 1952 iactis
1629 1899 1704 1969 (253)

54 1979 205 2038 bellicosus
214 1977 445 2052 eret,prohibitus
455 1986 497 2035 est
512 1977 664 2035 tacerear
677 1978 750 2049 quod
764 1986 856 2033 sancte
910 1996 991 2036 cause
1011 1979 1148 2035 dissimilis
1171 1979 1258 2035 simile
1287 1992 1394 2037 recuset
1416 1983 1559 2052 judicium.
1589 1987 1705 2044 llultum

56 2067 202 2143 proposuit
215 2068 254 2139 (ll
267 2071 330 2140 Rep.
345 2069 404 2140 ιιι).
417 2067 506 2124 Simili
520 2067 608 2124 forma
619 2067 675 2133 tibi,
686 2075 762 2138 pater
775 2083 856 2122 uene·
908 2071 1009 2142 quippe
1025 2068 1152 2126 differunt
1167 2085 1183 2124 a
1196 2084 1235 2136 se,
1256 2070 1302 2142 qui
1318 2069 1414 2128 timore
1427 2081 1472 2129 aut
1486 2073 1548 2131 odio
1566 2075 1707 2148 religionis

56 2159 154 2227 raude,
180 2156 354 2221 consulimus,
386 2164 415 2212 ut
430 2167 517 2213 tamen
541 2156 731 2227 sapientiorum
745 2155 857 2212 consilio

56 2262 110 2304 non
126 2244 346 2318 praejudicemus,
357 2255 490 2315 qrtetenus
504 2245 538 2299 ed
555 2255 661 2316 tempus
675 2245 807 2315 propositi
819 2243 857 2299 tui

56 2336 161 2409 tibique
181 2333 407 2392 consentientium
423 2333 542 2406 rigorem
553 2334 593 2390 sic
608 2340 753 2405 temperes,
769 2344 798 2390 ut
813 2335 856 2388 iu-

56 2421 197 2478 lirrnorum
209 2424 323 2478 salutem
334 2435 389 2477 non
399 2422 532 2496 negligas.
543 2420 785 2494 luvitendiquippe
795 2431 858 2477 sunt

57 2510 91 2565 ad
105 2511 249 2571 arctiorem
263 2509 356 2578 uitam,
372 2524 426 2565 non
442 2509 571 2581 cogendi,
585 2509 684 2582 quibus
704 2509 795 2581 utique
813 2525 859 2563 se·

56 2598 111 2654 mel
135 2598 162 2654 ιιι
182 2597 285 2655 Ordine
300 2597 344 2654 illo
364 2597 532 2654 cluniacensi
551 2613 673 2668 preesse
688 2597 857 2655 consensisti.

57 2687 114 2744 lllis
129 2695 222 2744 autem
236 2687 283 2760 qui
297 2686 398 2742 arctius
408 2685 498 2742 vitem
513 2686 676 2754 desiderent,
692 2695 738 2741 eut
752 2686 859 2741 condes

909 2160 943 2215 de
956 2158 1120 2215 monasterio
1135 2158 1216 2232 fugit,
1235 2167 1263 2214 et
1277 2160 1324 2232 qui
1342 2160 1463 2230 ejusdem
1479 2178 1573 2220 amore
1586 2173 1613 2221 et
1627 2165 1705 2222 desi-

908 2247 982 2304 derio
998 2248 1091 2303 transit
1105 2246 1139 2304 ad
1153 2246 1236 2302 aliud.

999 2350 1036 2391 tn
1050 2349 1232 2392 euttcattrutr
1253 2348 1382 2393 secarent
1396 2352 1421 2392 s.
1436 2352 1616 2399 recenseret.

948 2406 995 2462 llic
1005 2408 1142 2463 inseritur
1150 2408 1183 2462 ab
1191 2406 1256 2462 eliis
1265 2407 1389 2480 Epistola
1399 2408 1436 2464 ed
1447 2410 1629 2471 Guillelmam
1639 2417 1710 2475 Soa·

913 2481 955 2533 cti
970 2477 1126 2534 Theoderici
1135 2476 1271 2543 abbatem,
1283 2494 1371 2550 qaam
1380 2481 1439 2537 vice
1450 2481 1630 2553 Praefatiortis
1639 2490 1708 2561 Apo·

840 2596 845 2606 .
914 2550 993 2621 topice
1011 2547 1047 2604 ad
1059 2547 1189 2604 earndem
1203 2550 1318 2620 scripte
1331 2551 1484 2621 practicam
1498 2554 1559 2612 uide
1582 2559 1656 2614 tomo
1673 2561 1705 2617 ll.

1152 2636 1317 2694 aristote
1334 2637 1472 2696 LXXXV.

1072 2722 1108 2763 ac
1127 2723 1243 2765 ιιυιιιιιιιι
1262 2724 1442 2768 scrutaturus
1460 2712 1547 2783 (255).

58 2776 178 2833 cendere
204 2774 424 2831 imbecillioribus
447 2789 480 2831 ex
498 2774 636 2840 charitate,
652 2782 780 2846 quantum
800 2774 860 2829 sine
915 2781 1711 2862 Suaviterperstriuqr'tduilletmum‚eorrqaererrtemribi

59 2872 171 2937 peccato
187 2871 311 2936 possunt,
331 2862 500 2920 suadendum
516 2872 566 2929 est,
583 2871 628 2918 aut
651 2863 750 2918 ibidem
770 2872 860 2920 tenme
949 2851 1236 2923 “Bethardvttartbtte
1244 2853 1458 2924 amaricetficr'is
1469 2872 1527 2913 aon
1536 2861 1708 2931 responderi.

60 2954 135 3026 quod
148 2955 262 3025 cupiunt
276 2952 495 3024 permittendum,
519 2953 542 3008 si
562 2952 664 3024 absque
685 2960 860 3023 utrarumque
875 2940 900 3027 t
950 2940 1057 2996 Domno
1067 2939 1155 2995 abbati
1165 2939 1344 3012 Guttusctro,
1360 2940 1443 2998 irater
1455 2944 1632 3015 Beruenses,
1649 2950 1712 3006 che-

60 3041 182 3114 partium
197 3041 324 3098 seandalo
346 3040 403 3097 fier-j
417 3048 505 3114 potest
518 3060 525 3106 ;
540 3049 587 3097 aur
605 3050 678 3097 certe
700 3040 862 3113 dmum.
915 3029 1020 3086 ritatem
1035 3027 1068 3082 de
1088 3028 1170 3084 corde
1187 3043 1265 3100 puro,
1287 3038 1314 3086 et
1327 3030 1495 3086 conscientie
1518 3034 1600 3104 bons,
1615 3045 1642 3091 et
1656 3037 1713 3095 lide

60 3129 172 3201 gecione
186 3129 286 3187 liberos
300 3129 407 3197 dimitti,
423 3128 606 3203 fratribusque
629 3129 690 3186 aliis
713 3129 862 3187 secundum
916 3135 970 3175 11⁰ss
985 3116 1046 3173 ficia
1060 3115 1146 3189 (²55)-

61 3239 156 3281 eorum
170 3223 338 3297 propositum
357 3221 512 3281 virentibus
529 3221 626 3280 sociem
640 3228 760 3294 oportet.
954 3205 979 3263 ¹·
990 3204 1234 3276 Sinem⁰⁸⁰ii‘luae
1244 3204 1342 3261 suniin
1352 3206 1712 3284 ¹1⁰min02hisispiritusho·

293 3311 464 3370 Eplsroha
482 3311 635 3368 (χχχιχ,
916 3295 997 3351 minis
1010 3297 1057 3367 qai
1076 3295 1136 3366 ipso
1147 3294 1225 3365 est(l
1239 3294 1299 3354 dor.
1315 3310 1345 3361 n,
1358 3296 1403 3367 lt)
1415 3314 1422 3363 ;
1432 3295 1455 3351 si
1465 3296 1633 3358 soleinlacie
1643 3303 1715 3362 ride

373 3417 409 3457 A„
428 3415 557 3457 mm,
916 3383 1713 3465 bomo,quiasolusDeusintueturcor(llle9.xvr,l),miror,

65 3492 234 3551 honustum
252 3505 404 3548 erroneam
418 3490 492 3573 (252)
507 3491 642 3572 remittit,
657 3488 706 3546 sed
731 3490 863 3547 reduce-m

210 3564 305 3619 tertius
319 3566 347 3620 et
361 3564 463 3618 mitrae
477 3566 597 3619 tractore
611 3561 721 3618 rmdet.

100 3651 230 3720 Provide,
246 3659 276 3706 ut
288 3648 396 3719 videtis,
412 3656 440 3704 et
454 3665 506 3707 ιιοιι
521 3647 620 3706 fmstre
633 3663 746 3705 erronee
760 3648 865 3705 ovicula

104 3769 181 3842 (252)
199 3770 235 3823 at
247 3766 345 3823 simlia
359 3782 413 3826 non
426 3774 507 3835 sunt;
522 3782 584 3822 nam
605 3768 754 3823 secundum
779 3766 865 3833 philo·

66 3841 178 3913 sopbos,
194 3854 284 3896 oausae
298 3838 392 3894 lineles
403 3846 430 3892 et
444 3837 594 3909 impulsivac
609 3837 710 3895 iaciunt
728 3838 865 3892 actionum

66 3911 234 3969 discrimina.
263 3911 357 3982 ltaque
381 3909 478 3964 similia
497 3916 602 3965 tautum
625 3916 688 3964 sunt
712 3908 740 3964 ιιι
765 3923 866 3981 genere

66 3984 149 4050 entis,
163 3991 197 4039 ut
210 3998 273 4038 cum
297 3979 391 4036 iisdem
407 3979 560 4052 loquamur,
575 3994 628 4035 non
652 3980 678 4034 in
694 3984 793 4051 genere
808 3994 866 4035 mo·

67 4057 116 4112 ris.
135 4054 190 4111 Sed
204 4053 256 4108 boc
278 4051 385 4107 ertone
399 4051 536 4122 eleganter
553 4059 722 4107 enarrantem
736 4051 866 4123 augusti-

67 4143 134 4183 num
159 4123 343 4180 aediamus.«
368 4122 433 4178 Cum
457 4122 530 4188 boni,
559 4143 571 4174 n
602 4122 723 4195 inquit«
754 4132 781 4178 et
803 4122 866 4177 meli

917 3490 968 3531 nec
977 3473 1040 3532 setis
1049 3471 1141 3528 mirari
1155 3486 1279 3543 possum,
1295 3473 1442 3546 quomodo,
1459 3493 1546 3550 quare
1562 3480 1664 3539 ratione
1674 3481 1716 3538 sic

919 3572 991 3619 tuem
1006 3570 1086 3634 etque
1100 3577 1187 3618 meent
1197 3561 1358 3622 adinvicem
1375 3563 1546 3622 dilectionem
1564 3578 1715 3638 pensareet

918 3651 1086 3723 distinguere
1095 3648 1217 3722 potuisti,
1228 3658 1372 3724 quatemus
1383 3666 1440 3710 non
1450 3653 1538 3711 solum
1548 3657 1582 3714 dc
1591 3658 1714 3732 proprio,

920 3767 993 3821 Deus
1014 3780 1063 3835 pro
1085 3765 1125 3822 rio
1138 3764 1207 3822 Filio
1220 3781 1274 3820 non
1289 3767 1418 3839 pepercit,
1435 3769 1484 3825 sed
1504 3785 1553 3842 pro
1567 3773 1647 3831 nobis
1659 3789 1715 3832 om·

919 3837 997 3891 nibus
1017 3780 1128 3917 tradidit
1140 3834 1216 3890 illum
1237 3852 1244 3889 :
1266 3853 1362 3918 nempe
1386 3838 1419 3892 de
1437 3839 1505 3896 Filio
1529 3840 1591 3911 ipso
1604 3843 1714 3919 dicitur,

923 3909 974 3977 Qui
988 3922 1033 3963 me
1056 3904 1167 3974 delexit,
1184 3910 1212 3987 ct
1227 3906 1347 3987 tradidtt
1369 3911 1552 3981 semetipsam
1572 3930 1625 3984 pro
1644 3933 1714 3974 ma:

920 3992 1019 4047 nempe
1028 3981 1055 4031 et
1064 3975 1098 4031 de
1109 3976 1291 4042 tudedmtur,
1320 3978 1374 4033 uod
1384 3978 1516 4035 introierit
1526 3981 1625 4038 insum
1635 3984 1715 4042 Sata·

919 4046 1297 4116 nes,uttraderethristum.
1329 4063 1449 4121 umergo
1457 4051 1569 4108 etPeter
1577 4053 1717 4113 tradiderit

920 4122 1015 4179 Filium
1028 4135 1117 4183 suum,
1132 4127 1160 4176 et
1173 4119 1232 4191 ipse
1247 4119 1371 4175 Christus
1382 4135 1479 4191 corpus
1492 4138 1582 4191 suum,
1597 4126 1717 4184 etludes

66 4198 163 4254 cadem
184 4193 295 4261 ludunt,
311 4193 460 4264 eademque
482 4193 638 4264 patiuntur;
666 4210 721 4250 non
741 4192 817 4249 lectis
840 4201 867 4250 et
921 4193 1067 4248 Dominum
1086 4206 1178 4256 suum;
1205 4204 1256 4247 cnr
1280 4190 1308 4247 in
1331 4192 1382 4247 bec
1407 4191 1550 4252 traditione
1576 4196 1651 4254 Deus
1675 4207 1716 4256 est

69 4266 172 4340 paenis,
187 4266 234 4322 sed
253 4265 342 4322 causis
356 4265 447 4337 utique
469 4263 640 4321 discernendi
668 4271 740 4321 sunt.
765 4264 866 4320 Pharao
922 4263 991 4337 pius,
1008 4271 1035 4317 et
1048 4262 1217 4327 homoreus,
1234 4261 1285 4316 nisi
1303 4260 1367 4332 quia
1384 4262 1456 4318 inre
1471 4280 1527 4322 uua
1547 4282 1627 4336 quam
1642 4268 1715 4328 lece-

69 4337 203 4411 populum
229 4336 278 4394 Dei
319 4336 394 4391 duris
420 4335 558 4392 laboribus
587 4336 735 4399 atterebat;
759 4336 866 4406 bloyses
921 4338 992 4400 mut,
1009 4348 1152 4389 causanon
1168 4349 1220 4387 une
1233 4339 1274 4388 est
1287 4333 1323 4388 ob
1336 4333 1642 4404 quamseceruntirllt
1655 4350 1717 4412 pest

69 4411 201 4466 eumdem
218 4405 349 4479 populum
368 4407 451 4480 impie
464 4415 589 4479 egentem
613 4408 688 4463 duris
702 4406 868 4463 coercitioni·
921 4407 1029 4462 inducta
1052 4404 1128 4475 plura
1143 4405 1276 4474 exempla,
1300 4404 1409 4461 tandem
1432 4406 1597 4482 subjungit:
1618 4411 1716 4471 Disca-

70 4478 279 4551 busallligebat.
295 4477 400 4534 Similia
411 4478 541 4544 lecerunt,
552 4480 601 4534 sed
610 4493 663 4533 non
674 4478 868 4549 similitcrpro-
921 4493 981 4532 mus
1009 4475 1037 4529 iu
1064 4474 1239 4530 similitudine
1271 4490 1394 4545 operum,
1428 4476 1582 4536 discernere
1610 4482 1717 4541 animos

71 4553 151 4608 desse
165 4552 333 4607 voluerunt:
357 4549 400 4606 ide
414 4549 596 4607 dominatione
613 4549 730 4614 inflatus,
749 4549 798 4604 iste
822 4550 866 4604 di·
921 4545 1100 4619 operantium.
1119 4564 1132 4596 u
1152 4545 1191 4600 lta
1206 4544 1233 4600 S.
1249 4545 1291 4600 Au
1313 4546 1429 4617 ustinus,
1444 4547 1522 4630 epist.
1538 4552 1582 4606 93.
1600 4566 1627 4606 n.
1644 4556 1671 4624 5,
1687 4557 1714 4610 7.

71 4622 194 4678 lectione.
203 4620 383 4677 inflammatus
396 4627 447 4676 est.
458 4620 565 4676 tecebel
578 4620 690 4677 occcidit
704 4622 865 4692 propbetas:
957 4617 1032 4688 (253)
1046 4614 1184 4671 Nicolaum
1203 4625 1280 4672 vocet
1293 4563 1447 4674 §eruardus
1460 4635 1520 4691 rpse
1537 4621 1566 4676 in
1586 4621 1716 4699 Apologia

71 4693 148 4749 Elias
167 4693 268 4750 occidit
295 4693 554 4764 pseudoprophetes.
579 4693 646 4748 Puto
671 4692 741 4763 quod
762 4692 868 4747 diversa
922 4688 955 4744 ad
970 4686 1155 4752 Guillelmum‚
1170 4703 1198 4742 n.
1215 4689 1240 4741 l.

73 4767 130 4819 sint
157 4763 253 4819 merita
272 4762 437 4834 iacientium,
461 4763 569 4818 diversa
591 4778 743 4832 passorum.
769 4763 869 4834 Aspice
958 4759 1035 4830 tabl)
1043 4758 1147 4829 Scripta
1157 4761 1229 4815 circa
1239 4774 1339 4814 anuum
1355 4762 1434 4815 1225.
1445 4761 1625 4820 Venerabilis
1634 4763 1715 4821 Guil-

72 4836 155 4892 etiem
170 4842 295 4906 tempora
315 4833 385 4889 Novi
399 4833 576 4898 Testamenti,
600 4834 708 4906 quando
734 4835 793 4903 iem
812 4837 870 4905 ipse
923 4830 1031 4894 lelmus,
1051 4829 1135 4885 sancti
1158 4829 1437 4903 Beruerdiquondem
1453 4832 1568 4901 deliciae,
1593 4849 1627 4889 ex
1650 4837 1717 4895 urbe

72 4906 253 4962 mansuetudo
269 4905 407 4961 charitatis
421 4918 476 4960 non
495 4905 582 4960 solum
597 4905 624 4959 ιιι
640 4906 723 4961 corde
736 4913 794 4961 eret
809 4920 869 4960 ser·
924 4901 1067 4957 Leodiensi
1076 4898 1159 4955 nobili
1168 4915 1268 4972 genere
1278 4908 1362 4967 ortus,
1372 4902 1472 4958 Remos
1481 4902 1718 4966 studiorumcausa

72 4977 174 5043 rende,
200 4992 292 5034 serum
317 4975 397 5033 etiarn
419 4976 445 5031 in
467 4975 526 5030 luce
546 4978 741 5046 monstrende3
765 4976 872 5046 quarmo
924 4974 1024 5028 missus
1038 4987 1099 5027 eum
1112 4971 1165 5026 alio
1181 4971 1265 5027 nobili
1289 4972 1466 5039 adolescente,
1482 4972 1592 5030 nomine
1610 4976 1719 5037 Simone

73 5047 147 5105 Petri
159 5047 269 5121 gladius
279 5047 307 5102 ιιι
317 5048 444 5120 vaginam
454 5055 612 5103 revocatura
621 5047 735 5114 Christo,
747 5055 773 5103 et
783 5054 874 5102 osten·
925 5047 1015 5116 (quem
1030 5041 1308 5112 Maioris-Mouesterii
1322 5042 1408 5100 codex
1424 5057 1505 5099 mauu
1520 5045 1637 5118 scriptus
1655 5051 1719 5121 plu·

74 5120 217 5175 diturnon
230 5119 355 5176 debuisse
368 5119 402 5176 de
421 5119 519 5190 vagina
533 5117 613 5174 eximi
627 5134 675 5174 nec
689 5132 739 5190 pro
754 5118 870 5174 Christo.
925 5130 972 5170 res
995 5114 1122 5170 bernardi
1151 5114 1333 5185 complectens
1360 5113 1497 5186 epistolas,
1519 5115 1606 5188 ipsius
1633 5120 1717 5177 Guil.

75 5190 206 5263 Legimus
218 5197 308 5246 temen
330 5205 385 5246 non
404 5189 503 5255 solum,
518 5190 592 5260 quod
615 5189 773 5246 ceciderunt
787 5188 874 5245 ludaei
927 5185 1011 5242 lelmi.

77 5261 474 5334 Paulumapostolum,verum
490 5260 572 5316 etiem
586 5262 659 5333 quod
678 5260 833 5317 ceciderunt
848 5266 875 5315 et
964 5257 1041 5328 (255)
1069 5255 1209 5326 Inscriptio
1239 5270 1273 5310 ex
1305 5253 1399 5311 codice
1435 5256 1601 5316 corbeiensi.
1631 5263 1721 5334 lpsius

77 5333 166 5391 Graeci
195 5348 245 5402 pro
274 5334 362 5389 l’audo
390 5333 514 5403 epcstolo
540 5333 698 5388 sosthenem
726 5333 849 5387 ludaeum
867 5346 887 5384 τ-
929 5326 1068 5385 Guillelmi
1096 5330 1207 5381 tratrem
1236 5325 1319 5380 luisse
1345 5331 1476 5397 testatur),
1502 5331 1600 5401 spretis
1626 5336 1722 5392 mundi

79 5421 171 5461 nonne
192 5403 342 5460 similitudo
358 5403 421 5461 tecti
438 5403 516 5476 quasi
538 5409 667 5474 utrosque
687 5403 836 5532 con'unrpit,
852 5409 880 5457 et
930 5399 1034 5456 deliciis
1048 5398 1074 5453 in
1093 5396 1182 5453 Sancti
1205 5396 1303 5453 Nicasii
1326 5397 1467 5455 llemensis
1489 5405 1659 5473 asceterium,
1675 5423 1721 5465 re·

80 5482 171 5533 umen
198 5490 247 5534 eos
273 5489 362 5533 musae
389 5474 579 5533 dissimilitudo
601 5474 730 5531 disceruit
800 5488 879 5548 empo
912 5470 1034 5544 ,gulare
1048 5467 1224 5528 observantiae
1232 5477 1295 5525 tunc
1303 5469 1433 5542 temporis
1442 5470 1516 5531 lamo
1528 5475 1647 5548 celebre,
1661 5494 1724 5536 cum
