3728 5940
108 207 165 268 m

524 212 566 272 btt
591 210 876 274 coustbttttwtttt
894 213 982 275 bittit
1000 216 1155 287 obtrudit.
1174 220 1210 263 -ἑ-
1231 219 1293 280 ute.
1315 220 1358 280 tv.

108 349 162 390 non
179 351 285 402 omnes,
300 338 322 391 si
344 352 398 393 non
422 339 465 394 tel
488 339 599 406 multos,
613 348 686 396 corte
709 354 780 411 quos
802 341 943 438 possis*

1700 230 1754 291 titt

1268 364 1381 421 CAPUT
1393 367 1438 422 lv.

144 428 170 480 ⁸·
187 424 246 481 ΝΜ
278 441 348 493 ⁵⁰⁰¹,
365 427 466 498 finini&
489 427 588 484 '¹¹⁶5st
613 443 694 498 imm
724 435 812 497 lmres
841 444 903 484 ⁰¹⁰¹·
960 448 1502 527 Qualescollateralesetcoadjutores
1521 460 1752 530 Pontificeodii·

108 509 196 580 Quem
211 512 321 570 illorum
336 514 434 571 domus
448 530 624 588 exasperans,
637 530 692 572 non
706 517 778 582 dico,
793 516 904 582 audivit,

108 601 159 658 sed
170 616 226 657 non
246 602 350 658 irrisit?
366 603 430 661 ideo
447 612 476 661 tu
500 604 600 662 insiste.
611 605 710 678 magis,
726 605 750 660 si
772 606 840 662 iorte
853 622 904 660 au-

1064 523 1146 578 teudi
1160 543 1169 578 .·
1183 524 1230 579 arii
1240 525 1274 579 de
1285 526 1441 583 virtutibus
1454 529 1653 601 prelatorum.

994 612 1020 666 9.
1051 609 1198 667 Veniamus
1213 613 1243 664 ad
1275 613 1440 671 collaterales
1458 615 1517 687 (250)
1537 627 1564 675 et
1583 620 1754 690 coadjutores

108 689 195 758 ὥιιιι,
206 698 233 747 et
247 693 390 765 quiescent
404 711 412 750 t
428 694 522 750 insiste
535 703 563 752 et
575 695 770 752 resistentibus.
785 695 905 752 Dicendo
959 704 1030 752 tuos.
1045 698 1076 752 iti
1102 698 1189 754 seduli
1213 699 1272 768 tibi,
1290 701 1316 754 bi
1331 701 1416 759 intimi
1431 714 1503 760 sunt.
1528 705 1713 779 Quamobrem
1731 715 1754 768 si

107 780 178 848 beer,
191 781 261 838 torte
274 782 373 840 nimius
386 784 471 840 dicer.
482 785 554 841 Num
569 795 661 842 uestra
674 785 720 842 itta
733 800 786 842 rot
801 803 808 840 :
825 786 905 842 insta
958 783 1022 839 boni
1036 794 1109 854 suut,
1123 787 1172 842 tibi
1185 788 1357 859 potissimum
1371 802 1452 847 sunt:
1470 794 1492 849 si
1513 795 1585 862 mali,
1602 813 1680 870 aeque
1695 800 1755 869 plus

108 875 277 946 opportune,
301 873 487 947 importune?
510 875 549 946 ill
572 877 639 932 lim.
665 890 703 948 tt,
728 877 767 945 2).
780 876 866 945 Hunc,
882 881 905 935 si
960 874 1017 929 tibi.
1033 875 1073 929 Ne
1087 876 1223 932 tedireris
1238 894 1345 945 sanum,
1360 880 1499 939 dolentem
1515 884 1598 941 latera
1615 902 1621 940 :
1639 889 1690 945 noc
1702 901 1752 956 est,

107 960 200 1032 eodm,
226 961 337 1017 nimium
366 963 508 1034 appellato.
539 964 680 1036 Prophette
718 965 872 1037 precipitur
897 983 905 1020 ι
958 977 992 1018 ue
1006 970 1032 1017 te
1047 962 1147 1019 diteris
1168 965 1279 1032 bonum,
1306 969 1382 1026 malis
1412 971 1754 1032 innitentemttutsibo-

111 1051 221 1122 crema,
235 1067 272 1106 ne
296 1067 393 1110 cenes,
409 1053 450 1108 ,td
474 1069 552 1126 quos,
572 1053 624 1108 nisi
648 1055 681 1109 ad
704 1055 853 1112 sceleratos
880 1063 907 1112 et
959 1067 1011 1106 uus
1030 1051 1076 1119 sis,
1088 1053 1194 1108 bonitas
1209 1057 1245 1110 tui
1261 1057 1347 1112 solius
1362 1074 1443 1130 quem
1457 1060 1570 1118 tractum
1586 1063 1685 1120 aiierre
1701 1082 1752 1137 po-

108 1142 289 1212 peccatores?
303 1143 461 1212 denuntia,
477 1143 575 1212 inquit,
589 1144 692 1215 populo
715 1159 777 1200 meo
799 1145 906 1201 sceiere
959 1141 1032 1199 test?
1046 1141 1117 1197 sicut
1140 1143 1166 1197 in
1185 1146 1325 1215 superiore
1350 1147 1420 1204 libro
1447 1149 1548 1207 dixisse
1575 1168 1618 1207 me
1646 1154 1754 1210 memini

109 1229 905 1304 eorum,etdomoiiombpeecutoeotatm(lsai.turini).
960 1231 1028 1299 (Lib.
1045 1235 1071 1298 3,
1099 1249 1125 1287 n.
1153 1234 1191 1305 9).
1220 1233 1301 1302 Quid,
1331 1237 1452 1309 inquam,
1476 1241 1651 1300 emolumenti
1675 1243 1756 1300 alteri

110 1311 259 1374 Prudenter
272 1323 382 1375 adverte
402 1328 429 1376 et
450 1319 595 1376 sceleratos
618 1320 761 1392 perhiberi,
778 1331 805 1377 et
820 1336 905 1394 pupu-
960 1321 1085 1377 iioelesiis
1099 1323 1148 1378 Dei
1168 1330 1214 1379 tua
1238 1324 1317 1380 unius
1333 1326 1450 1382 hominia
1474 1327 1560 1387 uati
1570 1332 1685 1402 justitia,
1709 1333 1755 1389 ubi

109 1406 165 1460 lum
180 1405 301 1465 Domini.
322 1407 390 1463 Puta
411 1408 445 1463 de
469 1408 512 1462 bis
529 1408 611 1466 idem.
626 1409 684 1464 Etsi
705 1409 839 1478 scelerati,
855 1408 906 1465 etsi
960 1410 1095 1465 sententia
1109 1413 1234 1482 praetalet
1253 1413 1331 1470 aliter
1347 1414 1505 1472 affectorum
1520 1421 1535 1474 ‘l
1550 1421 1603 1476 Sed
1624 1438 1673 1478 nec
1698 1434 1756 1480 tuta

110 1495 206 1568 iniqui,
221 1497 330 1553 uidene
348 1495 464 1552 audias:
483 1497 628 1566 medanti
642 1501 822 1556 semiarianis
837 1501 907 1555 tireio
962 1497 1008 1553 tibi
1037 1507 1082 1553 tua
1108 1501 1221 1556 obsessa
1245 1502 1334 1565 malis,
1359 1520 1411 1559 uon
1437 1507 1524 1578 magis
1551 1525 1631 1579 quarn
1655 1511 1756 1568 sanitas

110 1587 283 1657 nonsecisti,
295 1587 653 1658 necmiiitecistiiiiatti.
665 1603 734 1654 xxv,
745 1587 908 1657 ib).Fateor
962 1585 1051 1641 ticino
1066 1598 1202 1659 serpente.
1224 1591 1284 1644 Non
1298 1600 1339 1646 est
1358 1607 1412 1663 quo
1431 1605 1455 1647 te
1474 1594 1608 1652 subducas
1630 1598 1700 1654 tnalo
1717 1600 1756 1654 in·

110 1675 240 1749 populum
256 1675 335 1729 istum
355 1674 491 1731 exstitisse
509 1692 596 1748 usque
618 1678 707 1732 adbuc
727 1677 793 1732 dura
809 1675 905 1743 fronte,
961 1677 1068 1731 teatino.
1085 1678 1117 1731 lit
1131 1693 1146 1733 e
1162 1679 1282 1751 regione,
1316 1681 1416 1736 tionum
1444 1684 1624 1742 domesticum
1651 1703 1684 1743 eo
1696 1705 1754 1744 am·

110 1764 281 1821 etiudomilo
304 1767 399 1830 corde:
416 1766 463 1821 sed
481 1777 607 1822 utrumne
631 1767 712 1821 etiam
739 1766 905 1832 indomabili,
960 1766 1221 1839 plius,quosaepiua
1234 1772 1319 1840 jurat.
1351 1773 1402 1827 Sed
1431 1774 1486 1830 sire
1502 1776 1598 1842 levent,
1618 1777 1755 1851 sitegra-

111 1854 201 1910 neseio
217 1855 288 1910 unde
312 1855 413 1927 liquido
435 1855 507 1911 scire
522 1854 621 1926 possis.
639 1856 730 1911 Potest
752 1856 819 1927 iore,
834 1856 906 1926 quod
961 1863 1033 1921 vent,
1049 1857 1094 1913 otti
1121 1858 1217 1914 rectius
1242 1859 1425 1930 imputandum
1460 1881 1541 1935 quam
1557 1866 1613 1932 tibi,
1629 1867 1676 1940 qui
1690 1869 1756 1924 tales

109 1941 226 1999 teedum
242 1943 299 1997 l'uit.
314 1942 342 1997 Si
357 1942 458 1997 diiiidis
476 1949 522 2012 tu;
538 1944 585 1998 sed
600 1943 671 2014 apud
686 1943 773 1999 Deum
788 1959 840 1998 non
856 1943 908 1998 erit
960 1956 1008 2000 aut
1020 1945 1139 2018 elegisti,
1154 1961 1199 2002 aut
1227 1949 1388 2005 admisisti?
1403 1953 1462 2007 Non
1476 1953 1510 2009 de
1528 1956 1653 2011 omuibus
1666 1958 1730 2013 dieo
1748 1972 1754 2011 :

110 2032 277 2103 impossibile
290 2047 371 2087 omne
386 2032 496 2086 terbum
507 2031 584 2101 (iao.
597 2046 616 2099 r,
629 2032 685 2114 di).
696 2032 725 2088 Si
738 2033 806 2088 dura
821 2031 907 2087 ironte
962 2049 1024 2089 nam
1035 2043 1098 2090 sunt
1112 2051 1180 2107 quos
1203 2052 1256 2092 non
1271 2037 1387 2112 elegisti,
1403 2042 1450 2096 sed
1465 2041 1516 2113 ipsi
1532 2052 1567 2100 te.
1588 2046 1622 2101 tit
1636 2056 1757 2117 potesta·

111 2130 185 2185 sunt,
200 2123 296 2177 durato
316 2130 342 2177 et
365 2131 392 2176 tu
417 2136 433 2176 e
456 2128 548 2176 contra
562 2131 645 2177 tuam.
660 2120 703 2175 Nil
729 2131 781 2176 tam
796 2121 906 2183 durum,
964 2130 1018 2177 tem
1035 2139 1088 2179 non
1111 2125 1223 2194 babent,
1247 2125 1298 2181 nisi
1320 2143 1401 2199 qnam
1419 2140 1445 2186 tu
1460 2130 1500 2186 eis
1515 2143 1561 2188 aut
1576 2134 1712 2202 tribueris,
1728 2144 1756 2190 ut

108 2211 179 2281 quod
190 2210 293 2265 duriori
303 2225 358 2265 non
369 2210 593 2266 cedatilomiuus
603 2211 637 2265 ad
647 2211 809 2283 prophetam
821 2228 827 2264 :
839 2211 907 2266 Dedi
961 2213 1126 2282 permiseris.
1144 2215 1185 2269 Ad
1204 2214 1276 2271 idem
1304 2231 1371 2290 ergo
1386 2223 1555 2277 revertimur.
1577 2222 1637 2278 Tibi
1652 2224 1756 2295 imputa

110 2299 905 2372 frontemtaamdamoremtroattlasemortuarum,
961 2301 1096 2373 quidquid
1112 2304 1321 2374 patierisnbeo
1350 2307 1397 2378 qui
1425 2308 1524 2365 sinete
1553 2320 1644 2382 potest
1666 2311 1755 2370 iacere

110 2390 253 2462 8).Unum
269 2390 396 2460 estquod
414 2398 438 2444 te
452 2388 577 2455 absolvit,
592 2389 615 2444 si
633 2388 716 2463 egisti
730 2405 792 2445 eum
807 2387 905 2459 populo
960 2389 1036 2445 nibil.
1065 2391 1112 2446 llis
1138 2393 1269 2464 exceptis,
1286 2395 1319 2448 de
1342 2404 1441 2452 caetero
1468 2412 1524 2452 uon
1547 2398 1753 2467 ineousiderate,

110 2477 171 2545 iiio,
184 2487 213 2536 ut
229 2479 316 2550 possis
330 2478 418 2535 dicere
436 2496 442 2533 :
461 2478 562 2548 Popule
582 2494 666 2546 tuens,
681 2477 748 2549 quid
763 2477 812 2533 tibi
825 2476 904 2532 debui
960 2487 989 2533 ut
1008 2479 1092 2546 vides,
1109 2479 1225 2551 eligendi
1241 2481 1399 2553 quirrrreseu
1413 2484 1555 2555 colligendi
1571 2488 1671 2543 suntin
1686 2504 1755 2559 opus

111 2566 209 2643 iacere,
226 2576 253 2622 et
266 2583 321 2623 non
336 2566 448 2624 ieciiSi
462 2567 502 2623 sie
520 2567 615 2633 iecisti,
632 2581 682 2622 nee
699 2564 848 2637 proiecistir
864 2575 906 2621 est
960 2565 1101 2622 ministerii
1138 2569 1229 2638 hujus.
1257 2571 1343 2625 Tuum
1380 2581 1421 2627 est
1462 2574 1649 2649 undecumque
1685 2593 1753 2634 eto·

113 2655 222 2714 demum
249 2656 322 2729 qnod
342 2656 435 2723 iacias,
454 2667 482 2711 et
508 2657 579 2726 quod
605 2654 680 2712 dieas
702 2672 708 2712 :
731 2654 774 2710 exi
796 2653 830 2709 de
849 2653 906 2708 liur
959 2671 1020 2712 care
1033 2666 1059 2709 et
1072 2655 1209 2712 adciscere
1226 2657 1284 2725 tibi,
1302 2659 1428 2730 exemplo
1441 2661 1537 2734 Moysi,
1561 2679 1641 2721 senes
1655 2667 1752 2738 (Num.

107 2746 305 2814 chaldeorum,
322 2754 348 2801 et
368 2743 545 2813 dicitnttota
573 2751 710 2814 oporteret
732 2752 821 2798 meet
845 2742 904 2799 aliis
960 2760 998 2812 m,
1018 2747 1150 2812 l6,)non
1178 2745 1315 2815 jarrenes3
1343 2750 1391 2804 sed
1423 2767 1568 2808 senesnon
1597 2761 1650 2810 tam
1678 2765 1755 2812 etate

107 2835 263 2893 ciuitatibus
302 2833 487 2906 evangelizare
514 2833 590 2901 (itte.
616 2849 654 2898 tv,
679 2832 734 2905 ta).
758 2832 826 2887 Puto
855 2847 905 2886 nee
960 2847 1042 2905 quam
1071 2834 1287 2905 moribtts,quos
1316 2847 1343 2892 tu
1368 2838 1448 2908 nosti,
1473 2840 1537 2911 quia
1565 2842 1753 2915 senespopuli

108 2925 250 2997 poenitrbit
264 2923 361 2992 exsilii,
377 2922 444 2979 orbe
459 2936 506 2992 pro
523 2921 589 2977 urbe
603 2928 778 3004 commutato.
915 2930 1026 3008 esunt.
1043 2924 1083 2976 An
1100 2937 1152 2976 non
1168 2922 1285 2995 eligendi
1298 2925 1332 2978 de
1348 2928 1403 2980 toto
1418 2927 1493 2991 orbe,
1509 2928 1603 2982 orbem
1613 2930 1753 2998 iudicatu-

958 3010 980 3066 ri
995 3011 1009 3065 ι
1022 3010 1081 3082 (tt)
1102 3009 1172 3066 Sane
1200 3012 1262 3066 linio
1277 3014 1387 3084 negotio
1409 3030 1463 3069 non
1481 3030 1510 3071 se
1524 3016 1629 3090 ingerat
1643 3032 1750 3091 rogans.

106 3130 341 3188 menaiccteria
363 3129 468 3201 occipit
528 3130 633 3200 inceps,
644 3139 709 3184 mim
731 3128 793 3198 ipra
808 3130 903 3181 tomen
958 3126 1098 3196 utriusque
1114 3141 1147 3180 ex
1165 3125 1284 3195 professo
1310 3136 1477 3183 tractantem.
1494 3131 1560 3185 item
1578 3131 1682 3188 Petrum
1696 3135 1751 3189 Da-

107 3202 235 3276 pirtdittm
250 3202 398 3274 sanguinis
413 3217 471 3257 nort
495 3201 594 3257 tabeat.
612 3199 697 3255 liutet
714 3200 810 3254 tumere
823 3202 851 3256 rt
865 3198 903 3251 t's·
959 3196 1042 3252 miani
1058 3197 1104 3252 lib.
1122 3213 1161 3265 rr,
1177 3199 1256 3268 epist.
1273 3200 1299 3266 6,
1315 3199 1361 3255 ubi
1383 3200 1500 3271 gladium
1515 3203 1679 3260 materialem
1698 3222 1750 3259 tran

109 3278 190 3330 tum:
207 3272 254 3331 ted
269 3290 299 3329 eo
313 3274 410 3329 utitur
418 3289 470 3346 per
498 3272 618 3353 riticipis
632 3286 760 3327 monum.
779 3289 790 3317 ι
806 3267 904 3324 Conler
959 3268 1066 3323 ridetur
1094 3269 1249 3339 permittere
1273 3269 1400 3326 arctate
1417 3288 1424 3327 :
1452 3273 1500 3328 sed
1525 3273 1697 3332 adnotatione
1710 3286 1751 3331 sat

107 3360 138 3400 ca
159 3354 189 3401 ut
203 3349 220 3401 2
236 3343 297 3399 libri
313 3346 345 3399 ad
359 3344 457 3399 ililites
470 3289 585 3414 femplt.
959 3340 1073 3409 prolixa,
1089 3339 1226 3395 antidoton
1242 3349 1337 3396 attrtor
1350 3343 1442 3398 neseio
1465 3343 1526 3416 quis
1539 3345 1619 3414 (torte
1634 3347 1691 3414 ipse
1705 3347 1751 3419 qui

140 3361 236 3472 iteret.
252 3415 281 3471 S.
305 3416 455 3471 Bernardus
474 3423 616 3485 utrumque
644 3411 765 3484 gladium
789 3426 901 3481 compe·
956 3411 1049 3476 edidit,
1071 3411 1262 3468 Crustuminus
1287 3413 1439 3483 cajetanos)
1465 3416 1585 3474 adhibet.
1606 3418 1671 3473 ltem
1691 3417 1749 3490 lege

107 3497 164 3543 tere
178 3486 313 3552 Ecclesiae,
328 3498 355 3540 et
376 3485 541 3557 spiritualem
563 3486 663 3540 teilieet
677 3494 705 3539 et
723 3484 900 3538 materialem.
957 3484 1052 3537 Boron.
1070 3500 1113 3538 an.
1133 3486 1212 3538 105³.
1228 3485 1280 3539 Sed
1296 3485 1382 3540 rideat
1400 3488 1510 3542 omniuo
1538 3486 1620 3545 lector
1645 3489 1748 3545 Sixtum

106 3557 161 3614 Sed
177 3559 250 3613 illum
266 3559 300 3611 ab
324 3556 454 3625 Ecclesia,
469 3555 543 3611 hunc
567 3571 615 3626 pro
639 3555 758 3610 Ecclesia
773 3569 901 3609 etseren-
957 3554 1171 3609 Sem-ns.tirnm
1188 3554 1297 3609 doctiss.
1315 3572 1347 3611 et
1364 3558 1424 3611 ord.
1453 3557 1563 3612 Praete.
1594 3560 1683 3617 libri
1706 3561 1750 3615 ei-

107 3629 187 3694 dum3
210 3629 284 3683 illum
308 3627 455 3685 sacerdotis
479 3641 571 3688 manu,
586 3626 657 3679 bunc
680 3625 739 3693 ejus
762 3633 839 3693 nutu,
854 3626 901 3677 sed
958 3624 1035 3678 b'ziot.
1057 3634 1167 3690 sanctae,
1181 3628 1272 3680 adnot.
1285 3627 1330 3695 72,
1351 3626 1396 3679 ubi
1412 3628 1515 3694 prolixe
1525 3630 1654 3684 bernardi
1667 3634 1749 3687 rerba

107 3716 188 3756 manu
203 3699 308 3765 militis,
325 3708 352 3753 et
365 3701 397 3752 ad
421 3698 528 3767 jussum
551 3696 731 3766 imperatoris.
749 3693 795 3747 iiis
813 3694 903 3751 verbis
958 3695 1092 3764 explieat;
1107 3710 1191 3765 eaque
1206 3712 1221 3748 a
1236 3695 1354 3752 sinistris
1367 3695 1633 3766 interpretationibus
1647 3701 1756 3759 Caluini

106 3778 221 3827 utuntur
240 3768 319 3836 longo
346 3768 418 3823 serie
449 3767 552 3823 Politiei
582 3774 623 3836 tut
642 3767 775 3821 sectarios
797 3764 901 3834 sileam)
959 3764 1190 3834 Fet-inlitrumqne
1216 3767 1343 3821 uindicat.
1359 3766 1479 3823 Sullieiet
1491 3771 1585 3826 lectori
1597 3772 1656 3826 brec
1673 3773 1747 3828 indi-

107 3843 191 3898 immo
206 3838 337 3912 Theologi
354 3839 444 3911 plures
457 3847 482 3894 et
503 3838 665 3903 Canonistte,
681 3836 730 3908 qui
742 3834 806 3890 olim
823 3835 902 3904 (iorte
1218 3905 1223 3915 Ι

105 3916 187 3970 etiam
211 3910 313 3976 bodie),
335 3909 549 3980 imperatoribus
573 3917 600 3963 et
623 3907 788 3981 principibus
811 3914 902 3962 contra
957 3923 1017 3961 cum
1034 3905 1083 3960 lias
1097 3915 1173 3960 notas
1202 3907 1305 3961 ridetur
1332 3916 1429 3976 ptaetet·
1447 3920 1565 3966 mentem
1581 3928 1744 3970 excrescere.

107 3981 263 4040 Pontiieem
282 3981 392 4038 armatis
415 3989 546 4037 naverunt
560 3995 668 4052 operam
689 3995 697 4032 ι
722 3985 823 4033 etcum
839 3978 902 4032 alibi
993 3977 1050 4047 ltili)
1064 3978 1182 4032 ioannes
1197 3975 1409 4034 Saresbetiensis
1422 3977 1450 4034 in
1462 3981 1509 4035 lib.
1525 3999 1551 4036 v.
1561 3998 1621 4052 cap.
1632 3986 1746 4057 'td‚agit

108 4059 181 4112 terro
195 4055 389 4118 decertaretur,
404 4052 443 4107 illi
460 4068 512 4108 non
536 4052 627 4107 minus
648 4051 751 4106 calamo
766 4063 822 4103 rem
836 4064 899 4118 ege·
957 4049 991 4100 de
1008 4048 1144 4106 lateribus
1158 4053 1344 4120 potestatum,
1362 4049 1404 4105 tis
1424 4054 1532 4108 scilicet
1549 4056 1744 4128 estprincipi-

107 4136 179 4183 runt.
196 4127 365 4182 contendunt
385 4124 424 4180 illi
445 4139 498 4180 non
522 4129 677 4194 competere
701 4118 822 4177 Pontifici
844 4120 901 4191 gla-
956 4118 1005 4175 tue
1020 4119 1117 4177 debent
1128 4122 1266 4187 assistere,

104 4198 180 4254 dium
195 4197 371 4264 materialem,
387 4198 434 4251 sed
450 4204 478 4250 ut
499 4210 653 4267 supremum
668 4201 749 4264 caput
761 4192 897 4257 Ecclesiae,
915 4216 938 4293 n
989 4192 1045 4258 (51)
1061 4192 1097 4246 lle
1110 4189 1239 4246 electione
1258 4190 1430 4246 cardinalium
1456 4193 1585 4249 altissime
1607 4196 1652 4250 bie
1679 4211 1742 4251 mo—

107 4285 188 4342 posse
208 4269 408 4340 imperatorem,
423 4277 515 4349 utpute
531 4265 640 4337 dignius
653 4275 681 4320 et
695 4265 831 4332 potentius
844 4263 897 4318 Ee·
954 4272 998 4316 net
1012 4270 1039 4316 et
1058 4262 1165 4343 instruit
1192 4261 1354 4332 pontificem,
1369 4273 1396 4319 et
1413 4264 1469 4320 ruit
1487 4264 1555 4335 illos,
1577 4280 1744 4325 nonerunt

105 4341 196 4399 elesite
210 4338 467 4408 membrum,similr
490 4337 592 4394 ratione
612 4337 681 4393 alios
704 4336 852 4406 Principes,
867 4334 898 4388 ad
955 4334 1220 4404 geritotelnatione,
1244 4335 1411 4391 reddetoto
1439 4340 1538 4393 inundo
1565 4338 1638 4410 eligi.
1670 4336 1743 4396 idem

107 4413 161 4469 boe
184 4411 331 4484 requirere,
347 4415 376 4465 ut
389 4426 472 4465 erma
496 4408 650 4465 coramodet
672 4407 811 4471 Ecclesiae,
827 4421 900 4462 eam·
955 4404 1048 4460 statuit
1063 4405 1161 4462 coneil.
1187 4405 1277 4470 basil,
1307 4421 1372 4463 sesa.
1389 4411 1434 4471 23,
1450 4416 1476 4463 et
1497 4420 1634 4480 postremo
1648 4410 1743 4466 iisdem

105 4500 160 4556 que
173 4492 265 4540 contra
287 4483 380 4540 hostes
403 4481 538 4547 delendat,
556 4495 610 4536 non
631 4493 696 4535 tero
716 4477 825 4550 propria
840 4493 902 4533 auc·
955 4477 1047 4531 uerbis
1061 4477 1181 4532 Trident.
1196 4493 1263 4556 sesa.
1276 4479 1320 4545 ii,
1344 4495 1404 4549 cap.
1420 4483 1446 4544 i,
1464 4482 1500 4537 lte
1526 4483 1643 4552 reform.
1675 4485 1745 4551 Quos

106 4556 214 4611 toritate
238 4570 319 4625 posse
341 4569 449 4610 movere
470 4554 580 4608 bellum.
597 4552 632 4607 Et
652 4551 686 4606 ud
710 4548 760 4606 boo
781 4549 902 4604 nituntur
956 4549 1127 4617 (cardinales)
1141 4548 1239 4619 inquit,
1256 4551 1385 4606 sanctita.
1403 4552 1543 4607 tenatius
1556 4553 1695 4624 pontifice
1709 4571 1745 4610 ear

107 4625 233 4698 presenti
248 4627 308 4682 loco
327 4622 468 4694 bernardi,
484 4631 513 4678 ut
528 4624 574 4695 qui
593 4621 657 4680 velit
671 4636 725 4676 non
744 4637 837 4686 manu,
853 4619 901 4675 sed
955 4619 1086 4677 omnibus
1103 4619 1327 4676 Christianitatis
1342 4623 1745 4694 trotioniiasgaoatumcom-

107 4707 174 4754 nutu
194 4708 296 4754 tanturn
324 4695 468 4768 pontificis,
481 4697 560 4766 jussu
581 4711 614 4750 ue
637 4695 676 4750 im
713 4691 809 4748 tatoris
829 4701 901 4746 tem·
956 4691 1036 4748 mode
1048 4691 1112 4760 fieri
1123 4693 1240 4772 poterit,
1258 4696 1344 4764 prout
1357 4693 1471 4750 idoneor
1485 4695 1590 4766 reperit
1611 4700 1744 4753 nominet.

105 4769 228 4842 petatem
248 4769 368 4842 gladium
387 4767 485 4824 exseri.
503 4711 608 4823 sintita
627 4781 676 4836 pro
689 4773 768 4820 erunt
782 4764 903 4833 ejusdem
957 4763 1035 4817 ilatio
1051 4764 1076 4815 iit
1092 4764 1187 4834 primis
1203 4773 1252 4829 est,
1270 4765 1335 4834 qnia
1349 4764 1377 4817 in
1394 4764 1590 4834 cognoscendis
1604 4766 1703 4832 causis,
1721 4774 1747 4822 et

108 4839 192 4894 rerba
221 4854 252 4894 er
276 4841 399 4909 epistola,
422 4838 486 4906 tet,
511 4841 543 4893 ad
572 4839 699 4896 eumdem
726 4833 901 4905 Eugenium:
957 4833 1039 4889 rebus
1052 4848 1099 4903 per
1127 4849 1234 4889 omnem
1258 4834 1400 4889 Ecclesiam
1419 4835 1630 4908 emergentilus,
1659 4846 1748 4893 statu-

109 4909 301 4975 inserendas,
318 4912 506 4983 inquinasse
523 4913 642 4982 uimque
655 4907 777 4981 gladius,
795 4905 905 4962 Christe
958 4920 1011 4976 qrte
1024 4904 1144 4959 omnium
1160 4904 1281 4975 gentium
1304 4906 1470 4975 explorando
1496 4908 1677 4963 necessarium
1697 4917 1747 4963 est.

109 4983 201 5038 danao
215 4983 353 5051 patiente,
366 4983 413 5038 arbi
427 4987 456 5039 et
479 4983 572 5038 alteru
595 4981 654 5038 trice
668 4993 767 5052 postris
786 4979 838 5032 ert.
852 4977 906 5032 Per
958 4977 1051 5046 tirone
1064 4978 1136 5029 enim
1151 4976 1290 5039 prtitores
1304 4977 1329 5029 iu
1344 4976 1751 5046 gubernationecommittuntur

110 5054 300 5128 spasmantem
310 5053 423 5124 niaiper
432 5048 905 5122 ioriactitareqaeertntterruo
960 5063 1067 5102 errores
1081 5062 1164 5117 quam
1197 5047 1364 5129 ignoratione
1379 5056 1465 5103 status
1480 5049 1546 5120 reip.
1567 5052 1601 5104 dt
1624 5049 1667 5108 vix
1695 5048 1752 5107 fieri

109 5123 341 5194 truta,aitertrto
353 5125 745 5194 maau,quetiesttecesseeat
757 5134 805 5176 eutr
825 5120 906 5175 inan·
969 5125 1105 5190 potestat
1129 5127 1213 5172 extert
1238 5133 1328 5171 (mnia
1353 5128 1492 5189 petstrtta
1507 5120 1630 5188 habeant,
1646 5130 1693 5177 aut
1706 5124 1752 5191 ita,

112 5136 907 5267 dus.Depaoem'mmt’ttaaoidebetarmdPetramffietam
965 5198 994 5243 ιιι
1008 5205 1056 5260 par
1070 5192 1120 5256 est,
1142 5188 1216 5243 cordi
1231 5188 1284 5270 iilis
1302 5189 1365 5257 sint,
1392 5206 1451 5261 que
1462 5190 1495 5245 ad
1510 5192 1576 5246 alias
1589 5201 1685 5264 gentes
1699 5192 1755 5248 ins·

110 5260 906 5335 ert:baconiaaornimrnna.Saarerpoerot,sednon
965 5262 1111 5327 truendas,
1153 5260 1346 5326 conciliandas,
1388 5262 1575 5334 regendasque
1611 5264 1755 5330 pertinent.

112 5342 379 5412 mitteremini
393 5335 688 5400 educendas,eto.Sed
704 5333 764 5390 vide
777 5332 906 5388 Glossin
968 5331 1080 5396 minda,
1110 5331 1254 5403 quiscum
1284 5330 1405 5388 oninium
1432 5333 1553 5403 gentium
1582 5333 1757 5407 principibus,

113 5426 176 5484 eap-
189 5412 278 5472 daem
288 5407 483 5480 sanctem,ubi
494 5403 911 5480 praesensiiernardiloeusoom-
967 5402 1118 5473 rebuspub.
1134 5402 1243 5476 regibus
1260 5403 1396 5475 agendum
1410 5413 1461 5476 est,
1481 5404 1631 5476 expeditio
1649 5408 1760 5467 oonsilio

118 5481 203 5551 mode
216 5481 375 5554 explicatur.
390 5479 457 5538 Vide
477 5479 556 5535 etiam
579 5477 718 5551 epistolant
736 5473 861 5549 Gregorii
874 5471 911 5531 tit
970 5490 1032 5531 esse
1048 5474 1170 5532 omnium
1189 5473 1309 5557 gentium
1324 5475 1476 5547 optimates,
1492 5492 1607 5550 quorum
1622 5493 1706 5562 opera
1718 5497 1762 5538 res

114 5569 150 5613 et
162 5552 280 5610 editione
292 5552 380 5611 lossii
395 5550 428 5608 de
443 5549 542 5623 duplici
557 5549 648 5624 gladio
662 5546 806 5621 pontilicis,
817 5554 845 5603 et
856 5560 910 5603 nau
944 5576 950 5587 ·
972 5554 1000 5602 et
1012 5546 1122 5620 negotia
1137 5545 1241 5602 telimas
1264 5553 1418 5608 tractentur.
1433 5547 1566 5621 Denique,
1589 5566 1625 5608 ne
1646 5567 1676 5608 m
1700 5565 1764 5609 eon·

225 5642 343 5701 Parnon.
363 5642 520 5700 cdxxxtt.
1616 5641 1653 5696 ut

956 3850 1030 3890 mssa
1045 3851 1092 3889 nec
1106 3835 1178 3889 enim
1195 3845 1270 3890 vacat
1291 3838 1341 3892 ista
1365 3853 1436 3891 nune
1458 3840 1588 3908 prolixius
1601 3842 1743 3909 discutere,
