3728 5940
60 164 113 224 ⁴5¹
790 174 965 237 EPISTOLAE·
1652 197 1706 259 (ω

62 307 109 348 res
136 307 217 364 quam
242 300 333 364 patres
360 292 479 356 nostri?
504 295 528 352 0
555 299 703 367 monache,
732 314 787 357 non
814 301 856 358 vis
872 317 897 398 Α
911 302 1058 374 probemus
1081 309 1109 360 et
1132 305 1228 376 oculis,
1244 305 1309 362 dum
1330 308 1358 365 iu
1380 318 1417 381 te,
1431 319 1518 384 pater,
1532 316 1705 376 manifestum

63 379 218 479 proliceret
245 380 316 437 Non.
346 381 393 438 Vis
418 398 485 457 ergo
508 383 647 443 deficeret
669 388 855 462 Nequaquam.
912 389 942 446 tit
955 391 1033 449 uobis
1047 393 1122 464 quod
1135 394 1235 451 dicitur
1252 398 1352 466 :cujus
1366 399 1466 473 quippe
1480 409 1507 460 et
1521 403 1545 459 si
1559 406 1641 463 homo
1654 424 1706 466 ex-

62 470 133 540 Qutd
151 469 241 543 ergo?
258 469 303 527 Sic
320 471 396 539 mihi,
411 471 512 545 inquis,
527 475 618 531 rivere
631 476 703 546 volo,
720 485 746 533 et
761 494 858 536 mane·
914 480 996 535 terior
1011 481 1202 553 corrumpitur,
1218 484 1265 540 sed
1284 484 1398 543 interior
1418 498 1563 547 renovatur
1575 494 1609 550 de
1620 495 1664 552 die
1678 495 1706 552 iu

62 575 91 616 re
119 558 146 613 in
162 576 218 631 quo
237 561 367 631 perveui;
384 578 435 619 nee
449 563 525 634 pejor
538 562 596 621 fieri
620 566 716 637 patior,
732 585 783 625 nec
798 585 858 627 mc·
912 568 984 624 diem
998 569 1039 640 (11
1052 572 1112 628 Cor.
1129 586 1168 637 tv,
1186 575 1241 643 16).
1258 574 1334 630 Unde
1348 576 1449 632 etenim
1464 587 1556 636 tantus
1569 583 1650 640 ardor
1665 583 1708 641 in·

61 648 114 704 lior
137 647 227 718 cupio.
248 649 306 704 Hoc
333 665 399 723 ergo
427 650 468 707 tis
492 652 564 724 quod
589 667 651 711 esse
677 671 732 712 nun
758 665 856 728 potest.
913 658 1029 715 novandi
1052 658 1165 727 ordinis,
1190 661 1293 717 nisiex
1315 666 1493 723 renovatione
1516 669 1639 727 montisi
1661 673 1708 729 Sic

62 734 134 807 Quid
150 736 222 792 enim
237 739 329 793 stetin
346 738 396 794 hoc
415 739 538 796 saeculo?
552 742 585 796 Et
603 751 676 800 certe
698 743 731 800 de
749 745 858 803 homine
912 745 1001 802 bouus
1020 747 1102 804 homo
1125 748 1158 804 de
1181 750 1253 807 bouo
1277 752 1401 810 thesauro
1428 772 1479 812 suo
1507 758 1611 828 profert
1637 762 1708 819 bona

61 823 214 894 specialiter
226 823 326 881 dictum
340 831 397 881 est:
414 828 498 898 Fugit
516 829 592 886 uelut
607 831 718 899 umbro,
734 836 762 889 et
780 850 859 890 uun·
913 834 1026 903 (ltatth.
1042 851 1094 907 xta,
1112 837 1176 909 36);
1193 839 1232 894 616
1246 842 1326 897 arbor
1340 842 1412 897 huna
1427 843 1529 901 tructus
1547 848 1633 906 bonos
1646 848 1709 907 iacit

61 930 146 986 quem
160 915 193 968 iu
216 915 310 970 eodem
334 918 412 971 statu
434 923 583 988 permonet
597 919 655 989 (tob
674 936 728 986 utu,
743 922 782 991 2).
798 923 859 993 lpse
913 923 964 995 (16.
989 940 1038 989 vu,
1066 927 1120 994 tt).
1143 927 1224 982 Primi
1248 936 1276 983 et
1298 929 1434 1001 purissimi
1458 933 1561 990 tructus
1579 935 1629 992 tui.
1653 938 1709 994 Sed

60 1001 182 1074 denique
195 1002 313 1058 hominis
326 1004 470 1077 saeculique
483 1005 725 1079 Auctor,quandtn
739 1009 859 1067 interris
914 1029 1037 1084 quaenam
1062 1014 1143 1070 arbor
1161 1017 1212 1071 bos
1229 1018 1342 1088 protudit
1361 1035 1369 1076 :
1390 1020 1440 1076 nisi
1465 1023 1568 1092 puritas
1589 1026 1679 1083 cordis
1699 1044 1707 1083 ε

62 1091 137 1149 visus
157 1097 206 1156 est,
223 1101 250 1146 et
264 1108 325 1147 euru
340 1091 495 1150 horninibus
515 1106 691 1154 conversatus
711 1105 764 1167 est,
788 1115 859 1155 nun·
913 1099 1042 1173 Alioquin
1057 1102 1165 1173 quaudo
1180 1103 1302 1174 impurus
1320 1107 1427 1163 animus
1449 1115 1523 1167 tanto
1546 1112 1708 1170 6161116116-

62 1196 145 1251 quam
155 1179 207 1249 (ol.
219 1179 354 1251 uunquid)
364 1181 448 1236 stetlt.
458 1182 493 1238 Et
503 1183 699 1255 quidem‚teste
709 1185 859 1258 Scriptura,
914 1190 985 1262 gulae
1013 1188 1163 1261 inquireret
1190 1191 1359 1266 eligeretque
1391 1196 1560 1268 puritatem?
1587 1202 1643 1258 Nec
1675 1201 1710 1258 de

63 1270 238 1343 pertremuit
248 1271 446 1341 terrefaciendo
460 1277 489 1330 et
499 1274 624 1334 secundo
633 1291 729 1332 omnes
741 1275 813 1346 (Act.
828 1293 858 1343 x,
914 1274 1022 1330 turbido
1037 1277 1111 1334 toute
1126 1278 1254 1350 limpidus
1268 1289 1375 1337 emanat
1389 1284 1473 1351 rivus,
1488 1301 1539 1342 nec
1552 1287 1587 1343 de
1600 1289 1710 1345 sordida

66 1358 125 1428 ³8.)
153 1357 312 1413 Pertransiit
334 1365 435 1430 autem,
460 1360 532 1417 sicut
554 1377 607 1419 nou
630 1362 807 1435 infructuose,
824 1366 861 1422 ita
913 1373 1003 1420 mente
1022 1366 1121 1420 munds
1141 1367 1280 1440 cogitatio.
1296 1370 1373 1427 lutus
1387 1381 1428 1428 est
1441 1371 1538 1444 procul
1556 1375 1648 1446 dubio,
1664 1376 1709 1432 in·

64 1462 119 1500 non
147 1444 270 1511 remisse,
295 1459 349 1502 non
373 1448 459 1520 pigre,
483 1463 537 1505 uon
567 1451 639 1507 lento
663 1468 778 1525 gressu;
799 1453 858 1527 sed,
913 1459 956 1507 tus
978 1453 1112 1525 estquod
1133 1452 1273 1514 delectat:
1298 1464 1324 1513 et
1347 1473 1380 1513 ex
1406 1459 1451 1516 iila
1476 1461 1644 1531 plenitudine
1664 1465 1709 1520 in·

63 1533 290 1607 quemadmodum
301 1534 366 1590 item
378 1535 412 1593 de
421 1535 479 1608 ipso
489 1537 620 1609 seriptum
631 1548 686 1595 est:
698 1544 860 1600 Exsultuut't
914 1538 1027 1595 trinseca
1042 1541 1158 1613 erumpit
1172 1549 1258 1600 totum
1273 1546 1345 1615 quod
1370 1547 1438 1604 toris
1460 1551 1589 1609 exuberat
1604 1569 1611 1607 :
1626 1561 1709 1624 atque

62 1627 99 1681 ut
113 1626 190 1695 gipes
205 1623 242 1680 ud
254 1625 428 1682 currendum
440 1627 516 1681 uiam
531 1629 619 1697 (Prot.
630 1644 707 1695 xv1u,
722 1630 760 1702 6).
777 1630 860 1687 Porro
913 1626 941 1681 in
957 1635 1045 1684 mente
1060 1628 1154 1701 fulget,
1169 1632 1242 1700 quod
1255 1631 1296 1687 sic
1307 1632 1393 1702 placet
1407 1633 1435 1689 in
1449 1651 1540 1708 opere.

65 1721 217 1771 carmentem
233 1728 286 1769 non
301 1715 488 1784 apprehendit,
503 1716 549 1788 qui
564 1725 592 1773 et
616 1718 673 1788 ipse
692 1719 860 1791 pariternou
948 1717 976 1770 7.
992 1716 1153 1788 Sequimini,
1174 1716 1235 1789 lilii,
1257 1729 1387 1790 patrem:
1407 1722 1556 1782 imitatores
1579 1727 1640 1797 ejus
1662 1745 1709 1786 es·

63 1803 159 1859 currit.
173 1803 205 1858 Et
224 1801 288 1874 quid
302 1804 414 1873 prodest
433 1803 566 1861 Christum
580 1805 669 1876 sequi,
685 1807 708 1861 si
721 1823 775 1864 non
792 1823 859 1863 con·
914 1810 978 1874 tote,
1001 1804 1071 1861 sicut
1094 1814 1121 1861 et
1143 1806 1203 1878 ipse
1226 1808 1336 1867 Christi.
1361 1810 1471 1868 Dicite:
1488 1816 1521 1870 lu
1536 1815 1618 1873 odore
1632 1817 1709 1889 (696)

66 1894 155 1963 tingat
168 1891 316 1964 consequi?
331 1892 394 1969 ldteo
408 1892 508 1949 Paulus
522 1894 627 1950 aiebat:
645 1896 690 1954 Sic
702 1899 811 1955 currite
825 1904 860 1955 ut
912 1899 1125 1964 unquentorum
1136 1899 1251 1953 tuorum
1265 1914 1412 1956 cumeanus
1427 1902 1523 1971 (Ceut.
1534 1919 1554 1971 r,
1566 1904 1594 1975 ³)
1606 1921 1614 1960 :
1626 1905 1710 1977 siqui-

65 1981 309 2054 comprehendatis
333 1981 359 2051 (1
373 1983 434 2039 Cor.
456 1997 494 2049 rx,
514 1982 571 2054 ut).
585 1983 625 2039 lbi
644 1991 683 2050 tn,
700 1983 858 2052 Christiane,
913 1980 977 2036 dem
992 1982 1079 2037 bonus
1093 1984 1161 2040 odor
1176 1983 1274 2039 Christi
1289 1996 1329 2042 est
1344 1987 1370 2041 in
1385 1989 1460 2045 omui
1480 1991 1541 2047 loco
1555 1991 1595 2063 (11
1605 1994 1708 2061 Coma,

63 2070 119 2145 fige
140 2071 177 2127 tui
201 2086 297 2127 cursus
319 2069 508 2143 profectusque
530 2080 638 2139 meum,
662 2072 709 2129 ubi
738 2073 861 2130 Christus
914 2068 970 2141 11).
985 2069 1054 2127 llum
1077 2078 1106 2126 nt
1125 2078 1229 2128 meeum
1243 2073 1277 2128 de
1297 2076 1382 2142 vobis,
1397 2077 1443 2149 qui
1459 2087 1605 2146 praeseutes
1619 2082 1710 2139 comi-

64 2159 156 2233 posuit
173 2175 259 2215 suam.
274 2163 380 2216 Faetus
393 2166 445 2227 est,
465 2160 562 2233 iuquit,
583 2160 709 2219 obediens
725 2178 811 2235 rusque
824 2163 861 2221 ud
913 2173 964 2214 nus
978 2159 1115 2231 percipitis
1137 2159 1331 2232 fragrantiam
1349 2172 1421 2220 tanta
1435 2167 1469 2221 ad
1485 2183 1648 2243 nouusque,
1663 2171 1710 2244 qui

62 2249 407 2324 mortethltitipp.11,8).
415 2248 618 2319 Quantumlibet
627 2252 858 2323 ergocueurreris,
913 2247 993 2320 longe
1006 2249 1147 2317 absumus,
1162 2266 1196 2306 ar
1210 2250 1308 2307 studiis
1321 2253 1382 2322 ejus
1395 2254 1476 2310 bouis
1488 2259 1613 2328 pervenit
1626 2260 1709 2331 hujus

63 2341 88 2395 si
111 2355 197 2413 usque
219 2340 253 2396 ad
276 2346 390 2396 mortem
407 2355 462 2395 nou
490 2340 654 2411 perveneris,
669 2341 790 2399 bravium
805 2356 859 2399 nou
913 2337 1078 2394 suavissimae
1094 2338 1275 2409 respersionis
1289 2340 1408 2411 ubertas,
1426 2349 1456 2396 ut
1470 2345 1546 2401 uobis
1562 2347 1710 2404 certissime

63 2427 256 2500 apprehendis.
272 2428 395 2486 bravium
409 2427 531 2485 Christus
547 2437 597 2486 est.
610 2428 688 2499 Quod
703 2429 726 2485 si
740 2430 788 2486 illo
803 2446 861 2487 eur·
913 2424 960 2480 fiat
974 2419 1042 2481 odor
1056 2426 1118 2482 vitae
1133 2427 1168 2481 ud
1182 2426 1274 2482 vitam.
1290 2428 1360 2484 Puto
1382 2430 1454 2499 quod
1469 2437 1497 2485 et
1512 2431 1539 2485 in
1553 2432 1710 2489 caelestibus

64 2525 141 2573 rente
157 2523 185 2571 tu
199 2515 313 2588 gradum
331 2515 415 2585 sistis,
437 2533 491 2573 nou
514 2517 622 2574 Christo
640 2518 795 2591 appropias,
811 2518 859 2574 sed
910 2515 966 2584 jam
1001 2515 1182 2584 persenserint
1214 2516 1326 2573 odorem
1359 2518 1510 2587 suadetis,
1539 2528 1567 2578 et
1593 2524 1708 2594 quadam

63 2615 91 2662 te
106 2606 194 2680 magis
222 2605 354 2678 elongas3
383 2606 582 2679 timendumque
606 2607 652 2662 tibi
675 2614 717 2662 est
738 2608 809 2679 quod
824 2607 861 2662 ait
913 2604 992 2659 selito
1006 2603 1138 2663 festiviori
1150 2605 1326 2663 exsultatione
1340 2606 1503 2667 decantent:
1516 2612 1583 2680 Quae
1597 2618 1639 2669 eat
1652 2616 1709 2670 tatu

61 2695 162 2753 David:
181 2699 250 2753 Eece
259 2698 308 2767 qui
321 2696 454 2768 elonquut
468 2701 497 2755 re'
511 2714 528 2754 o
540 2695 860 2769 recommemorent
913 2709 975 2766 quae
988 2692 1116 2749 ascendit
1128 2711 1181 2767 per
1195 2695 1348 2764 desertum,
1362 2699 1439 2775 sicut
1453 2702 1563 2772 uirqutu
1572 2704 1659 2772 furui,
1673 2717 1711 2758 ee·

62 2784 151 2856 (Psel.
177 2798 264 2857 mart,
287 2783 344 2856 27).
370 2786 461 2854 ltaque
475 2784 497 2838 si
516 2785 648 2856 prolicere
671 2801 778 2841 currere
796 2794 856 2841 est:
912 2784 1085 2839 urouaotibus
1100 2783 1224 2855 myrrhoe
1239 2788 1268 2843 et
1284 2785 1385 2851 thuris,
1401 2790 1430 2842 et
1441 2788 1571 2846 uniuersi
1582 2788 1711 2860 pulueris

62 2875 111 2931 ubi
125 2873 266 2944 proficere,
282 2872 319 2928 ibi
341 2881 369 2930 et
391 2888 502 2930 currere
525 2873 645 2944 desinis3
666 2873 713 2929 ubi
728 2889 792 2932 vero
809 2873 861 2943 (ut.
878 2882 900 2960 e
914 2869 1119 2943 pigmentarii?
1128 2871 1225 2942 (Curet.
1237 2888 1276 2941 ut,
1289 2872 1331 2945 6);
1341 2873 1440 2928 etillud
1452 2892 1458 2929 :
1472 2876 1642 2933 Emissiouea
1652 2880 1711 2933 tuoe

62 2962 111 3019 ubi
128 2964 205 3033 ergo)
225 2977 279 3017 non
299 2977 415 3027 currere,
430 2960 467 3016 ibi
491 2968 518 3018 et
540 2960 650 3018 dificere
672 2961 777 3034 incipis.
792 2961 860 3019 ilinc
914 2958 1064 3033 paradisus
1074 2962 1711 3035 matorumpuuicorumeumpomorumsruc·

62 3050 144 3122 plane
156 3049 293 3122 colligitur
315 3049 379 3122 quia
403 3048 475 3106 nolle
499 3049 638 3123 prolicere,
663 3049 770 3108 nonnisi
790 3049 859 3106 defi-
915 3049 1712 3120 tibus(Curat.1v,13).Quicuuqueiutervoshuncincoebs

61 3155 126 3197 cere
139 3148 190 3196 est.
912 3138 1028 3209 jubilum
1054 3152 1111 3193 non
1134 3138 1218 3207 audit,
1245 3137 1346 3194 inridet
1374 3156 1381 3193 ε
1411 3138 1535 3212 quisquis
1562 3139 1641 3212 hunc,
1656 3155 1712 3196 uon

100 3234 128 3286 6.
145 3229 224 3286 llidet
242 3230 342 3286 scalam
365 3229 458 3297 Jacob,
473 3238 501 3288 et
524 3229 551 3285 in
575 3230 646 3287 scala
668 3229 789 3303 angelus,
813 3229 860 3286 ubi
914 3225 997 3283 sentit
1011 3225 1133 3295 odorem,
1149 3234 1177 3281 ut
1191 3225 1312 3282 omnium
1332 3241 1397 3297 pace
1410 3226 1535 3294 dixerim,
1552 3235 1639 3297 putet.

62 3317 158 3375 nullus
182 3318 314 3386 residens,
345 3319 438 3375 nullus
467 3317 616 3375 subsistens
643 3319 788 3391 apparuit;
812 3316 861 3373 sed
1126 3348 1297 3406 EPISTOLA
1316 3348 1404 3406 ΟΜ
1420 3351 1496 3422 (695)

61 3405 106 3464 rel
128 3407 284 3473 ascendere,
310 3408 353 3463 sel
376 3407 539 3465 descendere
559 3406 720 3463 videbantur
739 3405 861 3464 universi
1009 3452 1046 3496 ΑΒ
1061 3454 1221 3496 momen„
1238 3453 1332 3496 mn
1348 3391 1515 3497 mummi
1531 3439 1618 3512 (697),

64 3496 151 3596 scen.
167 3512 265 3565 xxvtn,
282 3497 346 3569 tut:
364 3505 498 3567 quatenus
514 3496 599 3596 palam
614 3495 723 3553 daretur
737 3494 860 3596 intelligi,
917 3528 1008 3586 Monet
1022 3544 1123 3601 nvem,
1140 3545 1176 3585 m
1191 3530 1333 3586 omnum
1343 3531 1393 3586 hoc
1403 3532 1528 3602 tempore
1538 3530 1671 3587 Eccum
1685 3533 1714 3587 et

62 3594 134 3640 anter
160 3586 311 3659 prefectum
334 3594 361 3641 et
385 3586 517 3643 deiectum
539 3602 567 3640 an
589 3586 640 3642 hoc
655 3592 726 3640 statu
741 3585 861 3639 mortalis
953 3615 1038 3671 regno
1054 3605 1113 3656 gam
1127 3603 1328 3666 necessarium,
1347 3602 1495 3674 ipsiusque
1518 3603 1591 3674 ,3955
1614 3603 1715 3663 gomn-

61 3674 126 3730 vitae
146 3674 213 3729 nihii
237 3674 357 3729 medium
383 3673 518 3739 iuveniri3
546 3673 594 3730 sed
611 3675 748 3743 quomodo
771 3671 862 3743 ipsum
952 3685 1110 3734 cessurum,
1128 3672 1273 3743 impediet.

63 3777 166 3832 eorpus
188 3770 309 3816 nostrum
337 3761 463 3816 continue
480 3770 661 3815 succrescere
679 3766 790 3828 constat,
816 3765 863 3815 aut
950 3757 1107 3825 Lunovteo,
1117 3758 1168 3814 Dei
1182 3760 1268 3830 gratia
1283 3757 1511 3815 excellentissimo
1524 3761 1582 3832 regi
1597 3761 1714 3821 Franco·

60 3853 235 3917 decrescere,
252 3848 293 3904 siu
306 3863 417 3905 necesse
428 3848 473 3916 sit,
487 3852 516 3903 et
529 3847 653 3919 spiritum
666 3856 713 3904 aut
729 3844 862 3918 proficere
916 3861 988 3911 rum,
1002 3847 1173 3901 Bnauaauus
1187 3845 1372 3902 Clarae-llallis
1386 3854 1496 3902 vocatus
1509 3847 1602 3915 abbas,
1624 3846 1713 3904 tidelis

62 3955 182 4012 semper,
207 3946 253 3996 aut
275 3936 400 3995 delicere.
416 3937 531 3994 Interest
549 3947 648 4004 umen,
671 3937 745 4009 quod
760 3950 862 4006 nequa·
916 3950 992 4000 suus,
1008 3934 1125 3989 salutem
1139 3950 1154 3989 a
1168 3934 1244 4006 Rege
1259 3950 1363 4006 regum,
1379 3942 1405 3990 et
1430 3934 1548 3996 Domino
1568 3935 1713 3992 dominan-

62 4045 146 4103 quam
173 4029 249 4098 juxta
277 4027 400 4084 ordinem
435 4026 614 4097 corporalium
644 4022 861 4083 vicissitudinum
916 4024 995 4090 tium,
1011 4022 1074 4095 ipsi,
1088 4023 1232 4078 etdilectae
1246 4023 1318 4092 ejus,
1334 4021 1437 4078 etfiliis
1451 4016 1520 4092 ejus.

64 4120 145 4175 etiam
161 4117 272 4189 spiritus
288 4133 337 4171 sua
356 4114 397 4173 vel
417 4114 583 4172 incrementa
595 4113 675 4185 capit,
695 4114 738 4170 vel
762 4111 863 4183 patitur
955 4117 981 4168 1.
1000 4113 1186 4183 llegnaterrae
1199 4117 1226 4165 et
1236 4110 1299 4180 jura
1322 4124 1467 4184 regnorum
1489 4119 1553 4167 tuuc
1566 4126 1634 4168 saue
1648 4126 1714 4167 sana

64 4206 238 4263 detrimenta.
252 4206 320 4260 Nam
333 4202 735 4279 semperinrobustoetregeto
750 4216 862 4271 corpore
879 4162 902 4240 ὓ
918 4202 977 4258 suis
992 4199 1110 4256 dominis
1129 4205 1209 4270 atque
1232 4198 1319 4254 illaesa
1340 4198 1498 4270 persistunt,
1513 4200 1538 4254 si
1552 4199 1650 4257 divinis
1664 4215 1714 4258 or·

64 4294 178 4351 enimus
193 4293 299 4351 mollior
318 4302 398 4364 atque
420 4292 538 4365 tepidior
557 4292 649 4362 Jaeet3
669 4297 695 4347 et
712 4305 820 4346 rursum
834 4289 862 4347 in
917 4282 1101 4348 diuationibus
1118 4305 1149 4347 ae
1168 4288 1391 4363 dispositionibus
1415 4303 1470 4346 non
1492 4289 1630 4348 resistunt.
1647 4289 1711 4358 Cur,

63 4399 177 4454 corpore
196 4382 274 4437 debili
290 4390 317 4437 et
340 4380 445 4437 infirmo
462 4380 558 4436 fortior
571 4380 644 4452 uiget
659 4379 861 4450 promptiorque
917 4381 1035 4445 domiue,
1065 4378 1189 4434 irascitur
1217 4377 1292 4432 luror
1318 4383 1381 4434 tuus
1400 4385 1495 4434 contra
1521 4378 1568 4435 Dei
1595 4379 1712 4436 electum

63 4469 187 4543 spiritus.
203 4467 282 4538 Quod
296 4484 326 4525 se
340 4469 435 4536 utique
450 4469 476 4524 iu
501 4484 530 4525 se
553 4476 694 4538 expertum
708 4477 862 4525 contestans
918 4483 999 4542 quem
1014 4473 1060 4524 tua
1074 4480 1181 4539 quoque
1201 4463 1354 4522 sublimitas
1376 4464 1505 4537 suscepit,
1520 4473 1548 4522 et
1561 4467 1710 4540 preelegit,

63 4560 223 4631 Apostolus.
242 4558 357 4626 (266πά6
380 4557 521 4627 infirmor,
544 4556 639 4629 inquit,
669 4561 738 4614 tuuc
760 4558 863 4627 tortior
916 4556 964 4614 tibi
983 4555 1094 4627 quidem
1113 4555 1141 4609 iu
1166 4563 1281 4626 patrem,
1301 4553 1358 4609 tilio
1386 4561 1476 4609 autem
1503 4561 1549 4610 tuo
1576 4554 1657 4610 etiam
1684 4555 1712 4610 iu

64 4665 151 4706 suut:
168 4648 217 4703 sed
232 4655 260 4704 et
273 4648 405 4717 libenterg
415 4644 564 4702 loriaturiu
579 4644 779 4702 infirmitatibus
792 4646 860 4711 suis,
917 4644 1094 4701 Samuelem?
1107 4644 1235 4699 Armatur
1248 4640 1323 4715 regia
1337 4641 1499 4716 indignatio,
1510 4648 1571 4696 aon
1590 4640 1670 4712 plane
1684 4641 1713 4696 in

70 4739 104 4796 ltt
124 4737 268 4794 inhabitet
282 4738 315 4793 iu
337 4751 393 4806 me,
409 4734 861 4807 6166616661ή611(11661·.κιι,
918 4737 1070 4802 extraneos,
1086 4734 1131 4788 sed
1147 4733 1174 4788 in
1194 4732 1365 4802 semetipsam
1385 4737 1509 4787 etsuos.
1532 4730 1595 4786 Non
1614 4728 1713 4785 nuirum

63 4831 91 4894 9,
110 4826 166 4897 10).
917 4823 949 4890 si,
974 4823 1053 4892 juata
1075 4821 1250 4892 scripturam,
1276 4822 1322 4877 lro
1343 4822 1398 4877 utri
1419 4820 1562 4884 iustitium
1585 4818 1634 4873 llea'
1654 4832 1713 4875 uon

101 4914 185 4972 951
202 4919 229 4974 6.
249 4914 329 4985 Quod
340 4913 450 4989 quidem
463 4914 503 4971 sic
523 4923 659 4971 astrumus
672 4910 813 4983 exemplis,
834 4917 863 4966 ut
918 4916 1056 4984 operatur
1068 4912 1138 4980 (tac.
1164 4925 1183 4976 1,
1209 4909 1273 4979 1θ);
1290 4925 1352 4980 quae
1371 4907 1489 4979 propriae
1509 4919 1617 4977 quoque
1635 4903 1712 4961 utili-

101 5048 178 5120 (696)
193 5047 221 5102 Si
236 5063 297 5103 cum
325 5049 460 5104 Beruardo
482 5051 587 5104 veteres
614 5045 724 5118 passim,
748 5059 812 5111 non,
830 5046 862 5100 lu
917 5043 1024 5100 dicibus
1040 5041 1229 5112 manuscriptis
1252 5041 1279 5095 in
1302 5040 1401 5111 quihus
1420 5039 1479 5094 haec
1500 5038 1612 5110 epistola
1625 5036 1713 5094 collo·

62 5121 188 5180 odorem.
209 5119 302 5188 Neque
316 5119 389 5173 enim
403 5134 504 5188 sponsa
521 5118 549 5173 iu
570 5118 680 5173 odorem
697 5115 790 5181 currit,
814 5116 863 5170 sed
918 5126 996 5173 catur
1010 5112 1226 5187 postepistolam
1246 5114 1298 5167 aab
1320 5112 1352 5166 ad
1375 5110 1515 5193 episcopos
1538 5110 1712 5182 Aquitaute3

63 5195 92 5247 in
108 5193 191 5248 odore
207 5196 289 5244 currit
304 5189 338 5243 ud
353 5204 494 5258 sponsum.
505 5190 599 5244 Petrus
611 5186 780 5243 Venerabilis
794 5185 863 5241 intra
921 5195 978 5242 tum
992 5203 1025 5242 ex
1039 5186 1100 5257 ipso
1114 5193 1252 5252 contextu,
1268 5198 1329 5239 cnm
1347 5181 1444 5237 dicatur
1459 5180 1514 5235 hlio
1529 5196 1578 5238 suo
1595 5179 1714 5252 elegisse

63 5264 91 5318 in
108 5263 223 5334 epistola
239 5259 303 5331 261,
324 5280 336 5311 ‹
359 5267 459 5316 tractus
482 5259 565 5316 odore
586 5266 784 5334 unguentorum
803 5268 863 5314 tuo·
919 5273 1016 5330 papam
1034 5257 1063 5313 iu
1085 5255 1244 5336 Samuelem¹
1259 5253 1331 5326 quod
1351 5255 1384 5308 de
1405 5252 1560 5308 lunaeeutiu
1573 5253 1597 5308 ll
1609 5249 1714 5308 intelli-

64 5351 164 5390 rum.t
919 5328 1038 5403 gaudum
1073 5325 1120 5399 qui
1142 5326 1310 5383 Ludourcum
1332 5323 1472 5382 Juuiorem
1493 5319 1589 5382 Remis
1610 5321 1715 5382 iuumit

105 5405 181 5476 (696)
195 5405 299 5474 Scripta
312 5415 383 5458 anno
397 5399 496 5459 Christi
511 5402 591 5457 1131.
916 5413 987 5456 anno
1003 5372 1082 5455 tait.

110 5477 186 5550 (697)
201 5477 230 5533 ld
243 5482 286 5533 est
299 5471 430 5533 Grossum
444 5472 519 5547 quod
530 5469 688 5547 intelligitur
701 5478 758 5531 tun
767 5487 801 5530 ex
812 5485 864 5533 co·
