3728 5940
100 247 156 308 357
835 244 1015 310 EPISTOLAE.
1694 245 1747 305 358

100 370 269 429 velavohis
295 369 552 427 exterminabuntur.
568 371 703 429 iacinctus
722 371 806 427 multa
825 372 895 427 mala
910 384 934 464 Α
948 371 1085 442 quitatem,
1111 370 1208 426 Sedem
1241 370 1416 439 apostolicam
1445 370 1597 442 appellavit.
1619 371 1747 443 Episcopi

101 463 221 519 ostendit
232 461 324 518 nobis:
337 478 386 517 nee
396 461 467 516 enirn
478 477 538 530 que
548 462 648 531 voluit,
664 461 734 530 lecit,
745 462 788 516 εει
797 461 895 531 potuit.
952 466 1053 524 autem
1066 458 1111 527 qni
1127 468 1236 529 propter
1246 459 1296 515 hoa
1311 459 1338 514 in
1353 474 1437 513 unum
1448 468 1640 526 convenerant,
1651 468 1747 515 vestrae

102 552 157 609 Sed
185 553 259 606 risus
283 557 324 605 εει
347 550 414 604 mihi
435 549 569 622 patienter
592 549 720 607 ferendus
734 551 768 606 de
784 566 837 616 xne,
853 549 913 619 qui.
951 541 1120 599 Reverentia
1138 543 1300 611 deserentes,
1321 545 1388 599 nihil
1404 545 1432 599 in
1447 561 1592 616 personam
1606 546 1667 614 ejus
1680 562 1749 618 ege-

101 655 286 713 neapersonae
296 649 403 702 vestrae,
418 653 469 694 nec
481 639 563 694 cnriae
574 639 600 693 in
614 639 690 694 auria
702 640 744 695 illa
761 638 895 709 pepercit:

101 729 177 801 qnod
191 728 288 784 melius
300 727 428 783 Nicolaus
441 727 493 782 iste
508 743 593 799 meus,
608 727 664 784 imo
678 737 705 785 et
722 735 821 794 vester,
836 727 898 783 viva

102 817 203 875 reseret
217 832 286 873 voce
299 816 385 888 (501).
683 854 689 868 .

322 904 491 959 EPlSTOLA
509 905 579 961 CXC
598 906 684 977 (502).

101 1008 140 1051 ιιι
167 1007 358 1050 reuocauerunt
380 1008 556 1058 eourxxxaau,
584 1009 619 1049 na
649 1010 804 1052 aenomaus
835 1009 899 1059 onr-

315 1096 425 1136 ιιιιειιιιι
440 1097 524 1137 aaran
539 1098 692 1139 ananiam.

141 1173 218 1227 dana
238 1170 385 1241 epistolam
400 1171 431 1227 ab
442 1170 642 1241 prolixitatem
655 1175 733 1229 irater
755 1175 900 1229 tractatas
960 1241 961 1245 Ἰ

103 1243 229 1300 relatam
243 1241 325 1299 hales
341 1245 416 1296 tomo
431 1241 562 1298 seeundo.

322 1329 490 1386 EPlSTOLA
503 1331 586 1388 CXCI
600 1331 687 1403 (503).

104 1432 142 1475 ιιι
164 1433 352 1475 ιιειιεεειιιιιιι
380 1433 416 1473 ax
435 1434 562 1474 ransoxa
577 1434 677 1476 ιιοιιιιιι
690 1434 900 1476 aneamrrscorr

392 1504 538 1556 nauausxs,
569 1502 619 1551 etc.

105 1576 294 1642 lietardum,
310 1592 383 1633 vana
397 1577 669 1652 scientiaomnium
689 1580 845 1647 tumidam,
871 1584 900 1638 et

141 1650 174 1703 de
184 1650 280 1718 fauore
290 1649 379 1703 euriae
389 1650 520 1704 hamana
533 1652 714 1721 plantantem,
725 1654 901 1708 auctoritate

141 1720 292 1788 Pontificio
305 1724 417 1775 motare
431 1721 653 1793 reprimendam.

141 1823 379 1882 Reverendissimo
402 1826 512 1883 domino
531 1836 558 1883 et
573 1829 732 1885 charissimo
753 1830 834 1896 Patri,
852 1831 902 1886 Dei

104 1913 194 1985 gratia
207 1927 313 1968 summo
328 1913 449 1970 Pontifici
468 1914 652 1987 lxxoaarno,
674 1917 788 1974 smsox
803 1917 902 1973 liemo-

105 2017 166 2057 rum
181 2001 410 2072 archiepiscopus,
432 2003 574 2061 losnarttts
597 2005 811 2073 Suessionensis,
826 2006 902 2062 Cau·

107 2105 207 2147 antuus
226 2090 436 2158 catalaunensis,
452 2093 573 2149 Auvxstm
587 2093 782 2165 Atrebatensis,
806 2096 902 2152 volun-

108 2179 205 2234 tarium
220 2178 316 2235 debitae
332 2180 507 2248 subjectionis
518 2182 688 2256 obsequium.

146 2270 172 2321 l.
192 2265 313 2322 Auribus
325 2268 466 2338 occupatis
480 2271 512 2324 ad
528 2270 653 2342 plurima,
671 2286 824 2327 sermonem
839 2269 905 2326 laci-

107 2371 170 2410 mus
182 2355 366 2410 abbreviatum
382 2357 415 2411 dc
427 2352 532 2430 prolixo
542 2360 660 2429 negotio,
672 2375 722 2432 pro
735 2375 767 2415 co
778 2360 903 2427 maxime,

952 639 1014 687 runt
1026 650 1033 685 a
1044 633 1091 687 sed
1100 632 1287 688 tantummodo
1298 633 1414 703 capitula
1432 633 1515 691 185
1530 634 1662 690 librorum
1677 636 1747 706 ejus,

952 721 1082 776 assuatis
1098 720 1223 778 Patribus
1237 722 1424 789 condemnata,
1441 740 1475 778 ne
1490 724 1602 780 morbus
1617 732 1747 793 serperet,

952 809 1103 864 medicinali
1131 811 1291 866 necessitate
1319 811 1553 880 abiudicaverunt.
1583 811 1652 881 Quia
1681 827 1749 884 ergo

953 899 1033 953 homo
1055 897 1099 953 ille
1115 898 1314 954 multitudinem
1329 898 1410 954 trahit
1424 906 1485 969 post
1509 916 1551 965 se,
1567 908 1595 954 et
1617 899 1749 970 populum

952 987 999 1055 qui
1014 986 1064 1040 sibi
1079 988 1179 1052 credat,
1196 988 1294 1054 habet·,
1310 997 1481 1043 neeesseest
1495 996 1524 1042 nt
1543 986 1607 1042 huic
1625 987 1750 1061 contagio

951 1074 1036 1132 aeleri
1055 1075 1177 1131 remedio
1192 1074 1349 1132 occurratis.

1202 1191 1267 1246 Sero
1284 1189 1383 1260 (enim)
1398 1190 1542 1247 medicina
1560 1195 1684 1260 paratur

990 1278 1060 1335 Cum
1073 1279 1152 1335 malo
1170 1293 1221 1350 per
1236 1279 1332 1349 loripes
1352 1278 1502 1334 invaluere
1517 1278 1592 1348 (505)
1607 1295 1713 1334 moras.

1203 1366 1295 1436 (Ovio.
1312 1368 1517 1436 heremum,
1533 1382 1561 1420 v.
1579 1369 1623 1433 01,
1642 1365 1699 1438 02.)

976 1495 1135 1537 accessimus
1148 1497 1175 1536 tu
1190 1482 1242 1537 hoa
1263 1481 1373 1554 negotio
1395 1495 1537 1563 quousque
1551 1481 1609 1536 ausi
1631 1497 1725 1538 sumus
1742 1501 1749 1536 :

955 1575 1029 1623 tuum
1045 1577 1087 1624 eat
1099 1569 1133 1624 de
1147 1578 1254 1635 caetero,
1275 1569 1430 1625 beatissima
1444 1569 1531 1634 Pater,
1546 1570 1700 1640 providere,
1717 1587 1751 1625 ne

919 1657 984 1749 giu
1010 1657 1105 1714 diebus
1133 1660 1186 1714 tuis
1214 1658 1305 1730 aliqua
1327 1658 1461 1714 haereticae
1485 1657 1624 1729 pravitatis
1647 1658 1752 1714 macula

955 1746 1037 1803 decor
1049 1746 1179 1804 Ecclesiae
1195 1747 1352 1802 maculetur.
1362 1745 1422 1802 Tibi
1436 1746 1581 1803 commissa
1595 1754 1637 1802 est
1649 1760 1754 1817 sponsa

956 1830 1065 1898 Christi,
1089 1832 1175 1889 anxiae
1198 1832 1290 1905 sponsi
1306 1851 1313 1888 :
1331 1839 1405 1887 tuum
1428 1840 1470 1889 est
1493 1833 1599 1890 tandem
1622 1832 1670 1896 uni
1694 1834 1752 1889 viro

956 1919 1087 1993 virginem
1101 1928 1203 1977 castam
1218 1922 1347 1977 exhibere
1362 1920 1481 1978 Christo.

1205 2026 1373 2083 aelstotd
1396 2025 1502 2081 CXCll.
1661 2082 1668 2091 ,

1000 2130 1037 2170 ιιι
1055 2128 1216 2170 ιιιειειιιειι
1234 2129 1383 2172 ευιιιοιιειι
1401 2130 1439 2169 oa
1458 2128 1599 2170 exaratio
1618 2111 1704 2184 (506).

957 2203 1047 2260 Monet
1066 2219 1130 2260 eam
1153 2205 1195 2259 ita
1215 2205 1331 2274 diligere
1353 2206 1388 2267 et¹
1400 2205 1492 2273 smera
1511 2199 1703 2268 lietardum,
1718 2206 1753 2258 at

1112 2280 1209 2332 tamea
1221 2291 1329 2332 errores
1344 2276 1405 2345 ejus
1418 2291 1478 2330 aaa
1491 2277 1594 2345 [aveat.

993 2361 1145 2417 Venerabili
1160 2362 1279 2427 domiuo,
1296 2370 1322 2417 et
1336 2360 1497 2417 charissimo
1517 2362 1600 2430 Patri,
1622 2362 1753 2434 magistro

107 2445 172 2515 quia
191 2444 308 2515 idipsum
333 2445 458 2501 diffusius
489 2463 520 2502 aa
552 2448 660 2520 plenius
697 2449 849 2505 continetur
876 2449 904 2504 in
957 2448 1087 2514 Gereoni,
1103 2453 1202 2506 sanclae
1218 2451 1347 2506 Romanae
1367 2447 1496 2504 Ecclesiae
1513 2449 1751 2521 Deigratiapres·

106 2533 204 2588 litteris
227 2533 330 2588 domini
355 2534 529 2592 Senonensis.
554 2534 904 2593 Petrushbaelarduschri-
957 2536 1051 2605 bytero
1075 2537 1214 2603 cardinali,
1239 2538 1409 2593 Banxxnuos
1430 2537 1621 2593 ctare-Vallis
1643 2544 1756 2593 vocatus

108 2621 202 2676 stianae
226 2619 289 2675 fidei
308 2621 431 2678 meritum
454 2639 584 2680 evacuare
602 2624 704 2689 nititur,
728 2625 794 2679 dum
821 2632 904 2680 totum
957 2625 1053 2693 abbas,
1077 2640 1132 2681 uon
1154 2626 1288 2683 declinare
1308 2627 1343 2681 ad
1364 2626 1516 2691 dexteram,
1538 2640 1588 2682 nee
1611 2625 1646 2680 ad
1671 2626 1755 2682 sinis·

109 2709 184 2782 quod
199 2709 280 2765 Deus
293 2719 344 2776 est,
366 2713 480 2766 humana
496 2711 600 2768 ratione
617 2712 762 2767 arbitratur
780 2728 809 2767 se
823 2726 905 2782 posse
958 2722 1037 2769 tram.

109 2799 350 2866 comprehendere.
366 2799 497 2855 Ascendit
516 2817 601 2871 usque
620 2801 654 2856 ad
680 2801 774 2867 caelos,
789 2803 817 2856 et
842 2801 905 2856 des·
994 2802 1122 2872 iujuriam
1145 2802 1215 2858 facio
1231 2801 1318 2873 robis,
1337 2802 1360 2858 si
1374 2800 1491 2874 aliquem
1505 2817 1521 2856 a
1536 2801 1614 2859 vobis
1629 2800 1667 2856 ita
1680 2801 1756 2874 diligi

110 2889 199 2945 cendit
213 2904 299 2961 usquc
314 2888 346 2942 ad
361 2889 483 2958 abyssos.
497 2886 570 2943 Nihil
584 2890 712 2961 estquod
732 2889 811 2946 lateat
830 2906 904 2957 eum,
959 2889 1081 2961 credam,
1099 2896 1129 2945 ut
1151 2905 1212 2946 anm
1228 2905 1260 2946 eo
1285 2890 1387 2960 pariter
1414 2893 1475 2957 ejus
1498 2904 1606 2946 errores
1621 2889 1753 2962 diligatis.

110 2978 208 3034 sivein
228 2975 394 3049 prolunduxn
413 2976 521 3043 inferni,
541 2976 596 3034 sive
615 2976 643 3032 in
657 2978 797 3035 excelsum
813 2996 904 3050 supra.
921 2949 944 3028 c
959 2976 1091 3049 Quisquis
1113 2978 1185 3033 enirn
1209 2980 1248 3034 sia
1269 2979 1387 3049 aliquem
1414 2977 1517 3048 diligit,
1534 2978 1655 3035 nondum
1678 2977 1755 3033 norit

111 3066 198 3121 liomo
210 3072 250 3121 est
265 3080 378 3137 maguus
389 3063 416 3118 in
430 3063 594 3132 scoticanis,
609 3067 643 3122 de
653 3066 706 3124 lide
723 3075 817 3124 eontra
827 3065 906 3122 fidem

110 3152 262 3225 disputans,
292 3154 433 3209 ambulans
464 3156 492 3209 in
508 3155 612 3227 maguis
638 3166 664 3212 ει
678 3157 705 3212 in
734 3156 906 3212 mirabilibus

110 3257 194 3312 super
208 3259 247 3308 se,
267 3249 400 3299 scrutator
413 3243 573 3313 majestatis,
602 3245 737 3302 heresum
752 3245 905 3303 fabricator.

109 3331 272 3387 Iamdudum
292 3332 391 3388 lecerat
405 3332 505 3388 librum
517 3333 550 3389 de
566 3350 615 3389 sna
637 3334 777 3403 Trinitate,
792 3335 841 3392 sed
856 3333 906 3390 sub

110 3419 210 3491 Legata
234 3421 361 3477 Romanae
388 3420 516 3477 Ecclesiae
547 3424 621 3494 (aot)
645 3422 710 3495 igne
739 3425 907 3482 examinatus

110 3517 164 3579 εει,
181 3509 243 3577 quia
258 3508 364 3565 inventa
383 3511 459 3564 estin
474 3525 506 3567 eo
532 3511 672 3582 iniquitas·
689 3513 847 3570 llaledictus
861 3513 907 3584 qui

110 3595 287 3653 reaedificavit
300 3597 390 3650 ruinas
407 3597 525 3652 Iericho.
544 3598 666 3654 Surrexit
681 3616 696 3654 a
710 3601 824 3656 mortuis
839 3601 908 3657 liher

110 3685 167 3756 ille,
182 3695 279 3740 etcum
298 3700 330 3739 eo
353 3681 496 3741 multorum
511 3686 629 3744 haeresea
650 3703 710 3758 quae
724 3688 906 3755 dormierant;

111 3779 297 3836 surrexerunt,
314 3778 341 3825 et
355 3781 535 3840 apparuerunt
549 3774 650 3830 multis.
666 3775 908 3845 tamjamextendit

111 3858 237 3933 palmites
255 3875 318 3914 suos
343 3875 428 3931 usque
443 3859 477 3915 ad
491 3874 573 3928 mare,
587 3869 614 3917 et
634 3878 719 3934 usque
734 3863 769 3918 ad
796 3864 909 3920 Romam

112 3948 277 4024 propagines
289 3950 358 4020 ejus.
374 3949 436 4004 llaec
450 3949 577 4022 gloriatio
591 3950 710 4007 hominis
732 3951 814 4019 illius,
834 3953 908 4026 qnod

112 4037 183 4094 liber
197 4055 263 4094 suns
277 4037 304 4093 in
323 4038 397 4095 curia
417 4040 537 4095 Romana
552 4040 644 4107 habet,
665 4039 713 4094 ubi
732 4049 813 4112 caput
829 4057 908 4098 suum

114 4125 232 4183 reclinet.
247 4127 315 4182 Hinc
329 4125 504 4182 aoulirmatus
518 4136 543 4185 et
572 4128 739 4185 confortatus
768 4138 808 4185 est
832 4128 908 4186 furor

114 4218 185 4286 ejus.

153 4308 179 4358 2.
196 4304 338 4374 Propterea
355 4320 416 4360 cnm
430 4302 458 4358 in
485 4315 630 4376 conspectu
648 4305 839 4378 episcoporum
865 4324 910 4363 su·

115 4409 165 4464 per
178 4391 220 4447 his
239 4400 363 4463 argueret
377 4409 440 4447 eum
454 4393 538 4449 abhas
553 4393 747 4461 Clarae-Vallis,
764 4399 821 4454 zelo
847 4395 908 4452 fidei

116 4490 142 4537 et
160 4481 269 4549 justitian
284 4493 402 4536 armatus
415 4498 422 4547 ;
434 4497 485 4536 nec
498 4480 640 4539 consessus
653 4490 704 4553 εει,
720 4499 769 4540 neo
782 4485 908 4557 negavit:

117 4568 193 4624 seda
208 4569 269 4625 loeo
297 4577 324 4624 et
341 4569 431 4639 judice
447 4587 527 4641 quern
542 4571 591 4626 sibi
616 4571 674 4643 ipse
703 4573 832 4645 elegerat,
853 4573 910 4631 siue

117 4657 229 4713 laesione
255 4657 313 4711 sine
328 4657 494 4731 gravamine,
524 4667 553 4713 ut
572 4676 647 4714 snam
662 4662 837 4734 prolongaret
856 4662 911 4717 ini-

154 4779 227 4849 (501)
242 4778 341 4833 Eaxlrm
352 4780 431 4835 verba
445 4781 566 4853 legentur
579 4780 608 4837 in
627 4781 682 4836 line
705 4783 827 4852 epistole
841 4800 912 4841 nune

118 4854 180 4914 338,
196 4851 226 4903 ad
252 4849 442 4906 llaimericum.
467 4851 535 4921 Quis
561 4853 597 4906 ait
624 4853 675 4907 iste
707 4854 841 4910 iacinctus
865 4873 912 4911 seu

118 4921 272 4990 llyaciutns,
289 4921 430 4976 incertum.
446 4922 489 4976 An
518 4923 540 4976 is
562 4923 607 4994 qui
624 4933 717 4995 postea
733 4935 839 4980 creatus
854 4941 913 4981 ear-

116 4992 214 5046 dinalis
229 5007 246 5044 a
260 4993 339 5046 Lucio
356 4994 390 5057 ll,
407 5008 439 5048 co
460 5004 588 5049 nomento
608 4994 692 5061 Boho,
708 4991 775 5049 tituli
793 4995 912 5051 Sanctar-

117 5063 210 5118 hieriae
226 5065 250 5117 in
265 5063 418 5118 Cosmedin.
440 5010 480 5119 ᾖε
499 5079 531 5119 εο
546 5068 648 5120 mentio
672 5063 739 5119 lacta
754 5066 860 5122 videtur
886 5069 912 5123 in

117 5134 232 5203 epistola
245 5134 308 5199 508,
324 5135 396 5203 apud
421 5133 564 5190 Chcsnium
580 5143 653 5191 tomo
668 5152 697 5192 ιι.
714 5136 841 5192 Nicotaus
856 5146 914 5194 erat

118 5203 350 5260 clara-tatianus
364 5205 522 5270 monachus,
539 5214 631 5276 postea
646 5208 674 5264 S.
690 5208 820 5264 bernardi
834 5216 912 5265 uota·

118 5278 184 5342 rius,
202 5277 236 5328 de
251 5291 304 5344 quo
320 5274 352 5327 ad
367 5274 510 5344 epistolam
525 5280 587 5332 290.

155 5349 229 5417 (502)
245 5345 350 5417 Scripta
360 5360 430 5409 anno
446 5344 543 5401 Christi
558 5348 638 5402 llio,

167 5421 231 5489 503)
250 5417 353 5488 Scripta
368 5416 463 5471 eodem
481 5430 562 5472 auno.

154 5420 229 5560 (504)
240 5489 344 5558 Nempe
355 5487 477 5556 Conone,
492 5496 521 5545 at
538 5488 648 5561 quidem
661 5487 690 5545 ia
717 5489 821 5565 synodo
834 5491 918 5550 Saes-
971 5483 1106 5541 manusari
1128 5488 1163 5543 tis
1175 5485 1215 5569 uti
1230 5492 1258 5543 et
1270 5502 1397 5571 sequens.

1007 5554 1085 5629 (500)
1143 5559 1438 5634 autumpnatem
1454 5560 1609 5636 teipsum.

119 5559 239 5619 ennensi
252 5560 316 5617 anni
331 5563 412 5629 titt,
425 5574 459 5618 ex
471 5559 542 5620 notis
554 5561 589 5618 ad
603 5559 747 5634 epistolam
760 5564 822 5634 tat,
839 5569 869 5623 ει
884 5576 917 5621 ax

960 3064 1187 3136 quemadmodum
1201 3073 1309 3136 oportet
1323 3082 1384 3123 eum
1406 3065 1532 3136 diligere.
1549 3065 1621 3121 Talis
1636 3080 1756 3136 namque

960 3152 1065 3210 dilectio
1099 3162 1204 3209 terrena
1237 3163 1288 3223 est,
1317 3154 1451 3219 animalis,
1482 3154 1625 3222 diabolica,
1655 3169 1758 3211 nocens

960 3257 1035 3314 aeque
1049 3242 1172 3316 diligenti
1186 3253 1267 3318 atque
1282 3242 1389 3300 dilecto.
1406 3242 1565 3299 Existimant
1580 3242 1626 3298 aiii
1640 3243 1675 3300 de
1691 3242 1753 3299 aliis

959 3339 1038 3403 prout
1060 3334 1154 3388 voluat
1180 3349 1186 3386 :
1211 3347 1263 3405 ego
1282 3332 1371 3389 adbuc
1385 3332 1419 3387 de
1443 3331 1520 3388 vobis
1542 3331 1676 3388 aestimare
1701 3346 1758 3388 non

960 3436 1080 3491 possum,
1096 3421 1147 3490 nisi
1162 3421 1233 3493 quod
1250 3419 1370 3477 vicinum
1394 3427 1435 3476 est
1455 3419 1565 3485 rationi,
1579 3420 1653 3492 quod
1667 3422 1700 3475 ad
1723 3420 1758 3474 li-

961 3525 1038 3564 neam
1057 3509 1173 3580 pertinet
1191 3508 1338 3581 aequitatis.
1355 3505 1469 3577 Quidam
1491 3510 1567 3579 prius
1585 3507 1719 3578 judicant,
1734 3516 1761 3563 ει

961 3604 1052 3667 ροειεε
1066 3598 1182 3669 probant
1198 3615 1205 3651 :
1220 3612 1272 3672 ego
1294 3596 1329 3651 de
1354 3595 1469 3666 potione,
1498 3601 1587 3650 utrum
1613 3595 1702 3650 duleis
1722 3595 1758 3650 sit

960 3700 996 3739 an
1008 3700 1111 3754 amara,
1125 3693 1187 3742 ante
1202 3692 1312 3754 gustum
1326 3699 1381 3739 non
1405 3683 1543 3753 judicabo.
1561 3684 1689 3755 Magister
1702 3684 1758 3741 Pe-

962 3778 1020 3826 trus
1035 3772 1062 3826 in
1076 3770 1155 3827 libris
1169 3771 1226 3827 suis
1241 3769 1370 3844 profanas
1385 3787 1482 3829 vocum
1501 3771 1636 3828 novitates
1658 3772 1761 3829 inducit

961 3864 990 3914 et
1004 3874 1153 3913 sensuum:
1170 3857 1311 3929 disputans
1336 3857 1370 3912 de
1394 3856 1448 3913 fide
1461 3871 1543 3914 oonta
1558 3857 1649 3924 fidem,
1671 3860 1761 3916 verbis

961 3945 1029 4018 legis
1040 3945 1130 4019 legem
1145 3946 1296 4017 impugnat·
1311 3944 1386 3999 Nihil
1401 3946 1477 4000 videt
1496 3962 1545 4016 per
1568 3948 1709 4017 speculum
1734 3956 1762 4004 et

961 4034 990 4090 in
1004 4033 1164 4108 aenigmate;
1180 4033 1230 4088 sed
1248 4031 1315 4089 laaie
1336 4032 1370 4087 ad
1394 4031 1490 4088 laaiem
1512 4035 1603 4089 omnia
1627 4034 1759 4103 intuetur,

961 4123 1102 4179 ambulans
1122 4121 1150 4176 in
1162 4121 1269 4195 magnis
1284 4130 1310 4177 et
1325 4122 1351 4176 in
1366 4121 1536 4178 mirabilibus
1551 4139 1632 4193 super
1646 4140 1687 4181 se.
1704 4127 1763 4181 ble-

925 4230 948 4308 n
964 4209 1015 4266 lius
1030 4210 1067 4266 illi
1082 4219 1150 4276 erat,
1160 4212 1183 4266 si
1195 4211 1272 4281 juxta
1283 4211 1387 4267 titulum
1399 4210 1463 4266 libri
1474 4210 1518 4266 sui
1529 4213 1616 4286 (507),
1628 4229 1657 4269 εε
1670 4214 1761 4286 ipsum

965 4308 1150 4372 cognosceret,
1165 4315 1216 4354 nee
1235 4299 1410 4372 egrederetur
1433 4315 1587 4357 mensnram
1606 4317 1695 4371 suam,
1711 4304 1761 4360 sed

964 4396 1071 4459 saperet
1085 4389 1118 4446 ad
1141 4386 1327 4446 sobrietatem.
1350 4389 1410 4462 Ego
1425 4403 1480 4444 uon
1495 4405 1556 4447 eum
1570 4406 1670 4448 accuso
1686 4392 1759 4462 apud

963 4479 1067 4533 Patrem
1082 4496 1089 4532 ε
1103 4479 1202 4549 estqui
1218 4493 1278 4533 eum
1293 4487 1402 4534 accuset
1417 4477 1485 4535 liber
1506 4496 1580 4547 suus,
1597 4481 1626 4535 in
1640 4480 1759 4551 quesibi

964 4565 1033 4620 male
1048 4565 1220 4636 complacuit.
1236 4567 1303 4622 Cum
1326 4566 1360 4621 de
1374 4566 1506 4621 Trinitate
1530 4568 1659 4638 loquitur,
1684 4568 1757 4638 sapit

964 4653 1061 4709 Arium
1076 4671 1082 4710 :
1099 4668 1161 4709 aum
1180 4654 1214 4709 de
1237 4654 1331 4726 gratia,
1356 4654 1425 4726 sapit
1449 4653 1587 4727 Pelagium
1616 4671 1702 4710 :cum
1727 4655 1762 4711 de

965 4774 1123 4901 ΙᾸιιειιΙιίιιιιε
1153 4777 1180 4831 iu
1208 4786 1313 4832 tomum
1336 4777 1462 4848 primum,
1479 4777 1527 4833 ubi
1555 4778 1590 4833 de
1619 4778 1764 4837 schismate

993 4863 1041 4901 nac
1054 4855 1100 4904 etr.

1002 4916 1232 4989 (sospitatione
1251 4917 1342 4975 Ovidii
1367 4935 1433 4991 quas
1456 4918 1634 4988 inspeximus,
1658 4937 1762 4980 conva-

969 4989 1063 5056 luere;
1078 4997 1107 5043 ut
1121 4995 1148 5042 et
1170 4988 1229 5058 ipse
1245 4990 1399 5044 Bernardua
1419 4989 1498 5055 inira,
1515 4992 1595 5060 epist.
1611 4994 1676 5058 342,
1690 5010 1718 5049 n.
1734 4997 1762 5050 3.

1006 5060 1080 5128 (506)
1094 5059 1200 5129 Scripta
1214 5074 1284 5114 auno
1303 5060 1401 5115 Christi
1418 5061 1497 5116 tito.
1513 5090 1549 5104 -
1563 5061 1592 5115 ln
1610 5063 1692 5119 tribus
1705 5081 1765 5120 mn·

968 5130 1111 5198 nuscriptis
1125 5131 1287 5185 Colbertiois
1304 5147 1311 5184 ι
1328 5131 1368 5186 dd
1381 5131 1545 5203 Magistrum
1561 5134 1716 5193 tetdonem
1732 5138 1765 5193 de

969 5199 1098 5266 Castalio,
1106 5204 1156 5272 qai
1165 5203 1245 5256 Petri
1255 5201 1412 5272 discipulas
1419 5206 1525 5272 fixerat,
1534 5208 1561 5261 at
1571 5205 1604 5260 de
1612 5223 1666 5279 pua
1677 5210 1765 5279 potis-

967 5272 1766 5350 aimumprresumebat,qaiposteapapaCoelestiaussait,

968 5358 1065 5412 nempe
1078 5356 1111 5397 eo
1125 5345 1234 5398 nomine
1251 5345 1389 5400 seanndns
1403 5359 1473 5401 auno
1489 5349 1568 5403 itta.
1584 5348 1625 5404 Ad
1640 5351 1767 5406 eumdem

971 5412 1086 5484 epistola
1101 5415 1163 5479 tos,
1180 5420 1241 5485 post
1254 5430 1337 5487 quam
1351 5417 1408 5472 haee
1423 5416 1533 5488 ponitur
1555 5419 1583 5475 iu
1606 5419 1767 5493 quibusdam
