3728 5940
61 258 66 270 ,
135 182 190 261 adt
726 175 770 235 ab
792 176 819 234 S·
845 171 1015 235 buauahbl
1028 171 1205 234 aristoles
1727 171 1780 234 708

134 325 204 367 cem.
220 306 373 365 Secundum
388 306 456 383 banc
469 296 567 358 amoris
581 303 678 372 legem,
695 301 722 356 ui
737 300 825 365 lallor,
841 299 927 373 inqui·
956 324 979 401 Α
995 300 1077 370 vasis,
1092 301 1126 355 de
1140 315 1225 365 more,
1243 300 1361 359 suaviter
1379 297 1507 364 nutrirer,
1535 311 1586 351 nec
1610 298 1782 356 insalubriter

28 450 34 460 s
134 397 171 452 ris
185 403 212 452 et
226 402 254 450 tu
264 390 406 468 aliquando
417 389 700 460 intratemetipsumin
710 396 814 445 secreto
824 389 923 445 cordis.
994 389 1114 462 quidem,
1129 398 1259 461 quantum
1274 389 1301 444 iu
1316 390 1465 455 vasisarat3
1481 388 1599 459 dumque
1614 388 1679 442 mihi
1694 387 1782 445 391

134 484 197 557 quid
213 495 307 555 agatur
316 480 387 551 apud
419 494 462 534 rna
475 479 603 534 dilectum
620 486 716 548 tuum3
733 493 793 548 quae
818 477 884 530 mihi
899 477 935 532 sit

134 572 267 636 voluntas,
290 568 350 638 quis
370 575 455 622 status
480 576 507 620 et
531 567 651 633 babitus,
665 566 736 637 quod
761 564 934 619 desiderium.

138 659 170 714 Et
184 657 295 713 forsitan
312 656 391 711 times
405 654 493 711 amica
508 654 608 727 pietate
623 653 745 710 humeris
772 653 851 720 meis,
867 666 937 724 quos

136 747 253 819 exiguos
280 744 425 818 agnovisti,
446 751 472 798 et
488 742 589 798 debiles
619 741 762 799 arbitraris
793 741 826 795 ad
854 740 936 810 hujus

134 833 206 898 vitae,
222 849 303 904 quarn
320 832 400 906 elegi,
418 830 582 903 portandum
601 846 680 899 onus,
697 841 724 886 et
738 832 835 902 jugum
851 829 935 884 susti·

136 924 264 978 nendum.
293 922 395 977 Dilecta
417 921 464 986 mi,
494 918 696 991 trepidaverunt
725 918 802 974 multi
842 919 937 974 timore

137 1011 183 1066 abi
199 1026 252 1066 non
278 1019 335 1065 erat
359 1011 447 1066 timor.
472 1008 541 1078 Quia
564 1008 644 1078 igitur
674 1008 701 1062 in
718 1009 788 1062 hono
805 1007 870 1061 lesu
898 1020 939 1060 me

136 1095 235 1171 diligis,
251 1113 305 1153 non
318 1106 342 1152 le
370 1105 475 1166 oportet
489 1096 516 1151 in
540 1094 729 1164 hujuscemodi
755 1095 861 1150 timere.
877 1093 939 1147 Haec

137 1185 209 1240 euim
228 1184 334 1242 Domini
349 1194 421 1254 suut,
438 1184 516 1253 cujus
532 1185 629 1257 jugum
644 1199 728 1240 suave
743 1189 770 1236 et
786 1196 854 1235 onus
868 1180 939 1234 leuc.

137 1273 195 1347 ligo
209 1280 297 1328 autem
312 1287 373 1328 cum
392 1269 527 1327 sufficiens
541 1287 594 1326 uon
608 1271 659 1325 sim
677 1269 710 1323 ad
734 1265 940 1338 expendendam

136 1361 334 1418 multitudinem
344 1361 489 1429 bonorum,
519 1375 579 1430 quae
604 1358 731 1413 nuntiant
757 1350 853 1410 auimae
868 1369 936 1409 mete

139 1466 188 1522 per
201 1451 323 1522 singulos
337 1451 396 1505 dies
410 1449 531 1519 corporis
545 1449 599 1503 mei
613 1463 693 1503 aures
709 1453 736 1502 et
746 1444 828 1514 oculi,
845 1453 934 1498 tamen

139 1538 172 1593 ad
200 1536 400 1593 certificandum
431 1543 574 1591 cortuum
598 1534 632 1589 de
651 1541 722 1589 statu
746 1540 773 1588 et
801 1530 938 1588 desiderio

989 493 1072 532 mauu
1086 478 1209 547 corporis
1236 477 1409 535 delectabiles
1424 479 1542 546 legerem
1566 476 1693 532 delicies:
1709 493 1783 548 saepe

990 565 1018 620 iu
1042 566 1145 621 eisdem
1172 565 1243 621 rasis
1266 566 1378 622 silenter
1407 566 1538 638 legebam,
1569 580 1651 622 manu
1680 566 1784 621 scilicet

990 654 1091 722 cordis,
1103 654 1183 727 longe
1196 654 1278 708 alium
1298 656 1398 711 eibum.
1419 655 1473 710 Sed
1487 661 1526 719 tu,
1552 653 1645 710 dilecte
1657 655 1705 722 mi,
1722 655 1784 709 licet

993 741 1041 798 tibi
1069 741 1134 798 satir-
1160 742 1277 799 ailiniter
1301 745 1496 811 recumberem,
1527 745 1598 798 bunc
1621 759 1664 797 me
1693 742 1783 811 legere

992 829 1139 885 nesciebas.
1171 830 1242 897 Quid
1282 831 1381 904 igitur?
1405 830 1526 903 nunquid
1554 830 1637 901 dapes
1664 830 1784 901 quotidie

994 917 1105 974 festivas
1119 927 1165 973 aut
1190 918 1366 989 inculpabiles
1390 919 1514 975 scutellas
1538 919 1693 989 redarguo?
1707 917 1784 974 Nun-

994 1006 1059 1078 quid
1084 1007 1212 1076 liquorem
1228 1006 1314 1072 illurn,
1330 1008 1407 1076 cujus
1422 1015 1448 1065 et
1463 1008 1539 1063 color
1552 1007 1653 1063 blande
1680 1006 1783 1063 arride-

994 1095 1038 1147 bat
1051 1091 1146 1161 oeulis,
1172 1102 1200 1149 et
1224 1110 1303 1164 sapor
1317 1094 1396 1151 dulce
1420 1095 1448 1149 in
1474 1095 1566 1167 palato
1592 1095 1784 1165 respondebat,

994 1189 1039 1233 aut
1059 1180 1177 1251 scyphos
1204 1196 1299 1238 accuso
1321 1184 1491 1255 argenteos?
1515 1182 1602 1239 Absit.
1630 1185 1688 1240 Non
1715 1184 1786 1239 euim

994 1267 1071 1323 cibus
1088 1276 1145 1322 erat
1159 1269 1187 1324 in
1202 1268 1276 1334 uitio,
1292 1286 1379 1342 neque
1408 1279 1499 1342 potus,
1529 1287 1620 1342 neque
1645 1271 1725 1327 etiarn
1746 1287 1788 1325 ar-

995 1364 1091 1427 gentea
1104 1371 1168 1411 vasa
1183 1373 1191 1414 ;
1207 1356 1293 1414 sedin
1307 1373 1441 1416 meovsse
1455 1359 1531 1416 fictili
1543 1360 1664 1416 latebant
1672 1360 1785 1426 semina,

996 1445 1067 1501 unde
1081 1445 1220 1516 spinarum
1240 1449 1406 1519 surgentium
1434 1466 1531 1522 graues
1553 1451 1698 1508 introrsum
1726 1465 1788 1505 sen·

993 1534 1093 1589 tiebam
1110 1534 1228 1601 aculeos,
1251 1535 1286 1589 ad
1311 1550 1405 1593 auram
1426 1537 1537 1609 quidem
1560 1554 1650 1595 rerum
1672 1539 1791 1595 exterius

140 1636 209 1691 mco,
222 1635 274 1680 tuae
283 1637 401 1698 satagam
416 1621 676 1695 signareDileclioni
694 1636 777 1692 pauca
790 1620 825 1675 dc
844 1619 936 1675 Clara·
956 1621 978 1699 Β
994 1622 1150 1678 auditarum
1163 1623 1206 1679 vel
1218 1623 1336 1679 visarum
1352 1625 1490 1682 excitatos.
1516 1626 1595 1698 Saepe
1608 1627 1699 1698 itaqua
1721 1634 1749 1679 et
1763 1626 1790 1679 in

142 1713 224 1780 Valle,
241 1702 280 1768 de¹
291 1712 454 1785 pauperibus
468 1710 567 1768 Christi
592 1709 775 1766 habitantibus
803 1709 831 1764 in
845 1724 887 1776 ea,
904 1707 938 1763 de

140 1803 235 1860 ordine
250 1812 278 1858 et
292 1802 373 1857 modo
386 1801 449 1856 vitae
471 1801 604 1872 ipsorum,
634 1800 668 1854 ad
698 1814 768 1871 quos
792 1796 940 1852 imitandos

142 1890 268 1947 fidelihus
286 1890 392 1945 anhelat
407 1888 532 1959 suspiriis
545 1887 633 1943 anima
648 1903 710 1942 mea

178 1982 205 2034 2.
221 1978 310 2032 Primo
324 1977 459 2049 siquidem
482 1976 615 2043 omnium,
644 1975 799 2032 describam
815 1976 865 2030 tibi
882 1989 941 2046 par·

143 2074 197 2123 tem
211 2066 328 2138 aliquam
343 2067 371 2122 et
387 2065 495 2120 modum
518 2064 619 2120 veteris
632 2065 694 2119 vitae
718 2080 786 2120 rneae
802 2085 808 2122 :
829 2063 940 2119 modurn

143 2157 214 2220 dico
233 2155 266 2224 si,
283 2154 328 2209 ubi
344 2168 405 2209 raro
421 2162 467 2208 aut
483 2168 624 2223 nunquam
640 2153 735 2207 modus
752 2152 810 2218 luit,
831 2153 940 2207 modum

144 2244 243 2317 possim
262 2241 406 2314 appellare.
436 2240 501 2296 Volo
528 2247 664 2295 autemut
685 2239 713 2293 id
742 2239 776 2293 ad
794 2239 943 2309 proiectum

144 2341 218 2390 tuum
244 2333 272 2387 in
300 2332 351 2386 hac
378 2329 559 2402 descriptione
588 2328 734 2401 diligentur
762 2326 943 2392 attendas,de

145 2428 211 2495 quot
233 2427 259 2476 et
273 2419 381 2490 quantis
401 2412 537 2474 mortibus
564 2432 607 2471 me
634 2417 688 2486 jam
718 2415 816 2488 eripuit
847 2415 941 2470 Salva-

62 2557 70 2570 .
144 2510 211 2569 toris
249 2507 417 2580 benignitas,
457 2506 601 2578 ipsumque
637 2502 783 2576 glorifices,
815 2504 862 2574 qui
882 2518 944 2558 vere

146 2611 332 2670 quemcunque
360 2603 531 2666 peecatorem
559 2592 709 2648 venientem
720 2592 753 2646 ad
764 2608 793 2648 se
804 2606 858 2646 nou
872 2591 944 2660 ejicit

152 2686 237 2742 iuras.
252 2684 281 2740 Si
295 2683 362 2755 quid
372 2698 436 2739 vero
455 2683 537 2736 inme
552 2681 661 2756 legeris,
678 2683 749 2750 quod
767 2688 794 2735 et
808 2679 836 2734 in
847 2688 872 2735 te
888 2679 943 2734 lor-

994 1725 1098 1778 meusa,
1123 1720 1151 1767 et
1169 1718 1245 1766 entra
1259 1727 1392 1780 mensam,
1409 1714 1519 1771 silenter
1541 1714 1666 1785 legebam
1682 1712 1709 1767 in
1724 1726 1792 1767 auro

995 1807 1164 1870 stangnum,
1181 1799 1210 1854 in
1230 1808 1286 1855 tarn
1306 1803 1426 1872 pretiosa
1440 1819 1521 1876 quam
1543 1802 1667 1874 speciosa
1693 1801 1793 1857 domus

995 1888 1158 1959 episcopalis
1168 1888 1343 1961 supellectile.

1033 1977 1058 2031 d.
1075 1976 1209 2048 Legebam
1224 1977 1303 2032 etiam
1318 1979 1346 2033 in
1367 1978 1505 2050 plerisque
1518 1979 1579 2035 aliis
1593 1980 1673 2036 rebus
1686 1978 1791 2045 mundi,

995 2080 1063 2135 quas
1072 2063 1107 2119 ad
1120 2079 1205 2121 concu
1209 2064 1369 2134 piscendam
1388 2067 1562 2123 intuebantur
1569 2067 1710 2139 predones
1722 2067 1795 2124 oculi

996 2155 1060 2221 mei,
1076 2152 1261 2208 mandatorum
1277 2155 1327 2210 Dei
1352 2162 1579 2227 transgressores.
1590 2156 1725 2229 Legebam
1738 2172 1792 2212 au·

997 2249 1052 2296 tem
1065 2245 1104 2297 sic
1120 2261 1127 2308 ;
1160 2243 1248 2313 Petra,
1264 2259 1325 2315 quae
1339 2243 1462 2314 intueris,
1480 2246 1507 2300 in
1520 2245 1618 2316 quibus
1627 2246 1739 2316 gaudes,
1748 2244 1796 2301 vel

997 2329 1117 2402 gaudere
1127 2332 1245 2402 appetis,
1257 2333 1291 2387 do
1308 2334 1408 2390 mundo
1423 2343 1486 2390 sunt
1511 2334 1570 2388 Erit
1583 2334 1668 2406 igitur
1682 2333 1793 2405 quando

997 2432 1050 2472 non
1063 2426 1163 2473 eruut:
1185 2425 1215 2475 tu
1236 2428 1329 2475 autem
1349 2421 1412 2476 eris.
1432 2421 1481 2476 Ubi
1496 2421 1557 2487 eris,
1587 2421 1687 2476 Petrei
1702 2420 1791 2491 siqui-

997 2506 1061 2561 dem
1075 2514 1103 2560 tu
1117 2506 1235 2575 iujurias
1249 2508 1336 2574 crucis
1353 2508 1460 2575 Christi,
1475 2509 1502 2562 in
1525 2524 1580 2579 qua
1599 2508 1658 2563 sola
1670 2508 1794 2579 glorian·

998 2593 1064 2648 dum
1078 2608 1133 2648 nou
1147 2595 1273 2667 ambigis,
1288 2595 1316 2650 in
1338 2595 1481 2653 mundanis
1495 2595 1606 2665 gloriari
1622 2594 1794 2664 concupiscis

998 2689 1091 2737 certus
1108 2691 1197 2739 tamen
1217 2683 1289 2755 quod
1304 2700 1367 2740 cum
1380 2700 1430 2740 sua
1443 2684 1659 2756 coucupiscentia
1674 2683 1795 2755 quotidie

150 2774 216 2831 tuitu
241 2771 428 2845 deprehendas
458 2771 587 2837 notabile,
614 2780 665 2824 tuse
689 2768 807 2825 fideliter
832 2767 945 2825 consulo
1000 2770 1138 2842 pereundo
1156 2771 1251 2826 transit
1267 2773 1403 2827 muudus:
1420 2783 1447 2829 et
1470 2773 1561 2839 homo,
1577 2788 1639 2827 cum
1653 2771 1794 2836 interierit,

147 2860 307 2917 fraternitati
318 2865 344 2916 et
358 2859 448 2924 saluti,
467 2867 496 2913 ut
506 2859 534 2913 id
549 2858 607 2913 siue
624 2873 701 2914 mora
710 2858 848 2929 corrigere
862 2855 942 2912 lesti-
1002 2873 1056 2913 non
1073 2868 1163 2916 sumet
1177 2859 1279 2930 omnia,
1295 2877 1384 2932 neque
1398 2877 1461 2917 cum
1478 2875 1511 2916 eo
1537 2861 1684 2916 descendet
1708 2859 1798 2930 gloria

149 2965 211 3018 nes,
226 2947 379 3015 dumlioet,
395 2954 422 3001 et
438 2947 610 3018 uescisquid
641 2955 837 3017 superventura
866 2945 950 3016 pariat
965 2929 986 3006 C
1003 2947 1071 3017 ejus.
1087 2947 1178 3013 Petne,
1193 2948 1272 3004 illam
1287 2949 1377 3006 carnis
1399 2948 1516 3006 tunicam
1532 2947 1700 3018 vilissimam,
1715 2962 1798 3019 quam

149 3038 217 3094 dias.
241 3037 298 3109 Ego
312 3035 404 3108 igitur,
421 3036 518 3107 dilecte
528 3036 576 3103 mi,
595 3037 660 3092 dum
675 3051 765 3092 essem
773 3034 907 3100 Noviomi,
923 3042 950 3090 et

150 3128 180 3184 in
207 3123 435 3183 fenestrisdomus
449 3125 610 3196 episcopalis
628 3125 701 3181 solus
724 3124 790 3180 mihi
817 3125 949 3190 sederem,

152 3214 306 3288 frequenter
327 3213 409 3269 etiam
430 3222 529 3280 tecum,
546 3221 647 3269 etcum
676 3213 747 3281 aliis,
783 3212 950 3268 considerata

151 3302 253 3376 saepius
266 3302 368 3357 domus
388 3301 461 3356 illius
475 3301 655 3369 ordinatione,
669 3311 696 3357 et
728 3307 831 3368 notata,
846 3316 907 3372 quse
921 3315 950 3354 se

151 3391 237 3448 oculis
258 3391 409 3463 ingerebat,
424 3390 543 3460 ejusdam
560 3390 768 3463 pulchritudine,
794 3389 854 3445 heri
870 3403 948 3456 noua,

148 3479 234 3536 hodie
260 3485 444 3535 veterascente
462 3497 469 3533 s
491 3479 650 3535 memoriam
665 3478 762 3534 mentis
784 3484 811 3532 et
824 3475 951 3531 intuitum

151 3572 256 3625 secreto
273 3564 424 3632 deferebam
452 3566 485 3621 ad
499 3567 724 3625 ordinatissimam
746 3564 822 3620 illam
843 3564 950 3620 domum

152 3654 383 3729 supercaelestem,
407 3656 484 3725 eujus
505 3656 633 3728 gloriosa,
647 3652 897 3722 indeterminabilis,
926 3661 953 3710 et

153 3761 245 3819 sempe
259 3759 329 3802 nota
351 3745 520 3817 pulchritudo
550 3761 659 3802 omnem
681 3743 845 3801 transcendit
864 3743 951 3800 homi·

154 3837 196 3892 nis
224 3834 425 3909 cogitationem.
455 3836 497 3891 ab
525 3836 605 3907 hujus
632 3843 719 3891 autom
749 3834 844 3892 semita
871 3834 952 3908 longe

155 3926 262 3998 positus
288 3925 370 3980 mber
397 3940 450 3997 ego
475 3925 660 3981 miserrimum
674 3939 717 3979 me
747 3924 882 3989 videbam,
907 3924 953 3996 qui

155 4013 270 4068 scienter
293 4011 321 4066 in
352 4011 520 4069 latitudinem
543 4011 594 4069 riae
618 4011 744 4084 pessimae
772 4013 951 4068 ambulabam.

1004 3035 1071 3091 tanti
1081 3034 1157 3104 lacis,
1174 3046 1203 3092 ut
1217 3046 1268 3110 pro
1281 3038 1342 3107 ejus
1355 3052 1422 3095 cura
1436 3047 1463 3093 et
1476 3037 1627 3108 desideriis,
1641 3052 1696 3093 non
1710 3037 1799 3092 solum

1005 3122 1053 3192 tui,
1070 3125 1118 3181 sed
1133 3126 1219 3196 (quod
1234 3128 1322 3195 majus
1336 3136 1363 3182 et
1377 3126 1568 3184 exsecrabdius
1578 3128 1629 3196 est)
1656 3125 1799 3182 oblivisca-

1003 3213 1042 3269 ris
1057 3212 1139 3268 etiam
1151 3214 1213 3283 Dei,
1242 3214 1327 3270 multo
1337 3216 1426 3270 adhuc
1439 3215 1570 3273 villiorem
1584 3216 1611 3270 iu
1626 3214 1702 3271 breui
1717 3214 1799 3270 reliu-

1007 3317 1074 3372 ques
1087 3301 1238 3369 vermibus,
1254 3311 1280 3357 ct
1294 3303 1439 3373 putredini.
1456 3305 1486 3358 ln
1501 3305 1552 3359 boc
1578 3318 1644 3374 ergo
1659 3303 1699 3358 tui
1714 3303 1798 3371 exitu,

1005 3391 1083 3460 cujus
1096 3389 1192 3446 horam
1206 3391 1306 3455 nescis,
1322 3391 1442 3448 nudatus
1459 3391 1549 3447 carnis
1565 3392 1665 3456 tunica,
1682 3405 1737 3463 quo
1749 3391 1802 3446 rui·

1005 3477 1117 3548 grabisi
1128 3478 1172 3533 eui
1186 3479 1332 3535 occurres?
1347 3478 1412 3550 quid
1429 3479 1628 3551 respondebis?
1648 3480 1695 3536 ubi
1708 3480 1799 3547 eham,

1005 3566 1158 3636 reponeris,
1174 3566 1262 3622 donec
1286 3569 1382 3623 redeas
1398 3567 1432 3622 ad
1447 3568 1585 3624 tunicam?
1600 3569 1700 3625 redibis
1714 3568 1801 3637 enim,

1007 3662 1035 3711 et
1054 3655 1145 3726 ipsam
1160 3655 1283 3712 eamdem
1299 3672 1361 3713 vere
1380 3656 1478 3715 iterum
1506 3657 1624 3713 indueris
1641 3677 1648 3712 :
1665 3668 1691 3715 et
1705 3674 1804 3714 resur-

1007 3758 1056 3816 ges
1082 3743 1203 3815 quidem,
1221 3752 1267 3800 aut
1280 3745 1307 3799 iu
1323 3744 1408 3802 vitam
1431 3753 1457 3801 et
1471 3746 1610 3816 gaudium,
1626 3746 1715 3804 autin
1728 3762 1802 3804 mor·

1010 3840 1063 3886 tem
1078 3842 1105 3889 et
1120 3832 1236 3903 luctum,
1248 3840 1274 3889 et
1288 3833 1385 3891 borum
1406 3849 1461 3890 uon
1474 3834 1525 3890 erit
1538 3834 1609 3892 liuis.

1045 3925 1071 3977 ὅ.
1088 3921 1111 3978 0
1141 3922 1239 3978 dilecte
1254 3923 1300 3992 mi,
1316 3924 1374 3980 lraec
1387 3933 1444 3980 erat
1459 3924 1549 3993 lectio,
1564 3941 1644 3997 quam
1656 3925 1766 3983 silenter
1779 3933 1806 3984 et

1008 4009 1166 4082 frequenter
1194 4011 1350 4086 relegebam
1370 4013 1397 4068 in
1419 4013 1508 4069 cordis
1525 4014 1648 4071 eubiculo
1666 4031 1671 4070 :
1689 4028 1716 4071 et
1733 4030 1804 4087 prae-

155 4100 205 4158 Per
216 4116 309 4174 quana
327 4100 453 4156 uisicura
470 4099 545 4172 vigili
557 4100 677 4174 fugiatur
688 4101 740 4158 cito
768 4111 795 4158 et
814 4101 946 4171 irregres·
1000 4107 1065 4162 latae
1080 4100 1268 4171 inquisitiones
1282 4100 1420 4158 multoties
1433 4101 1557 4172 spiritum
1572 4118 1662 4159 meum
1677 4119 1747 4175 pene
1771 4103 1805 4158 ab

155 4188 398 4268 sibilitercurritar
426 4189 461 4244 ad
480 4189 590 4245 domum
611 4189 693 4262 louge
721 4190 812 4260 aliam,
841 4190 950 4245 domum
1012 4189 1088 4244 omni
1103 4186 1297 4261 disjungehaut
1311 4189 1411 4246 latitia.
1442 4191 1497 4246 Nec
1511 4191 1617 4247 mirum.
1647 4193 1690 4247 lle
1704 4192 1805 4247 etenim

154 4276 257 4334 scilicet
272 4276 383 4334 doloris,
398 4278 510 4333 domurn
528 4286 654 4333 extremae
682 4287 709 4334 ct
736 4278 849 4334 infinitae
866 4276 951 4348 turpi·
1008 4276 1140 4350 arguebat
1155 4278 1332 4348 conscientia,
1347 4279 1420 4351 quod
1436 4279 1463 4332 iu
1477 4279 1603 4336 omnibus
1617 4280 1669 4336 riis
1682 4281 1750 4336 meis
1772 4280 1806 4335 de

156 4366 265 4432 tudinis,
281 4366 328 4421 nbi
344 4365 435 4423 nullus
449 4368 527 4436 ordo,
542 4367 591 4423 sed
605 4369 786 4439 sempiternus
796 4367 892 4422 horror
905 4365 950 4419 in·
1008 4373 1109 4421 nostro
1120 4365 1257 4423 Salvatore
1272 4383 1361 4422 meum
1376 4366 1436 4424 fieri
1450 4367 1632 4425 damnatorem
1643 4385 1808 4441 promerere,

157 4454 268 4521 habitat,
285 4462 313 4509 et
333 4468 395 4511 cum
411 4456 560 4529 t'ermequi
588 4472 642 4513 nou
670 4456 793 4520 moritur,
819 4455 958 4526 sempiter-
1010 4470 1073 4510 cunr
1089 4454 1170 4510 etiam
1186 4455 1276 4525 inhis,
1293 4457 1397 4527 quaead
1424 4456 1528 4513 cultum
1557 4459 1617 4528 eius
1632 4459 1805 4530 pertinerent,

157 4559 211 4599 nus
224 4541 305 4616 ignis.
321 4540 344 4598 0
359 4559 440 4614 quam
454 4544 517 4613 jure
538 4542 621 4617 igitur
639 4544 770 4601 sollicitus
795 4543 957 4615 cogitabam,
1011 4541 1098 4614 ipsum
1117 4541 1256 4601 attendere
1270 4560 1457 4603 contererer.
1473 4545 1496 4601 0
1509 4562 1589 4617 quam
1601 4548 1677 4612 arira,
1690 4563 1708 4603 o
1722 4563 1805 4619 quarn

158 4646 203 4698 ne,
232 4630 300 4687 sicut
339 4632 496 4702 incoeperat,
524 4648 569 4689 me
603 4634 656 4689 hue
690 4632 856 4704 pertraheret
883 4646 960 4687 autor
1011 4630 1099 4687 audax
1116 4639 1143 4685 et
1156 4630 1251 4688 insana
1262 4634 1560 4706 praesumptiolCertus
1572 4652 1646 4692 eram
1661 4635 1808 4692 Dominum

157 4719 262 4791 mundi,
279 4735 328 4790 per
342 4721 424 4790 cujus
438 4722 527 4790 ampla
542 4730 570 4777 et
586 4720 666 4776 stulta
685 4718 819 4775 desideria
842 4718 959 4774 lubricus

159 4817 186 4865 et
201 4808 360 4864 insatiabilis
367 4810 511 4881 evagabar,
523 4812 591 4865 adeo
612 4807 715 4877 ebrius,
739 4815 768 4861 ut
783 4822 831 4880 pro
860 4807 960 4862 viribus

159 4897 317 4969 etlicentia,
338 4898 366 4953 in
386 4898 460 4954 nullo
488 4914 557 4954 meae
585 4895 676 4952 carnis
708 4895 854 4952 reluctarcr
880 4895 958 4955 soln-

157 4987 245 5059 ptati:
261 4989 314 5043 huc
333 4996 456 5059 excepto,
485 4987 556 5058 quod
582 5000 626 5040 me
655 5000 729 5057 saepe
761 4986 959 5042 recordabaret

158 5076 330 5143 moriturum,
357 5086 384 5134 et
406 5093 438 5133 ex
466 5076 550 5144 hujus
580 5074 671 5130 'soeeuli
705 5073 832 5130 labilibus
854 5074 960 5150 gaudiis

152 5166 354 5239 obstupescens
371 5163 521 5238 pensabam
537 5169 702 5220 aeternorum
722 5162 855 5220 mirabilia
868 5177 959 5220 saecu-

159 5253 271 5310 lorum:

198 5345 224 5402 3.
241 5342 312 5400 Dum
327 5339 399 5400 enlm
413 5341 448 5397 ad
465 5358 589 5400 mensam
605 5340 709 5398 domini
726 5341 813 5399 nostri
828 5340 960 5414 episcopi,

163 5429 251 5489 citam
264 5444 398 5500 nostrum,
419 5433 474 5489 imo
492 5442 521 5490 et
534 5433 640 5492 hostem
660 5447 760 5502 meum,
780 5432 807 5488 in
827 5430 962 5507 argenteis

1011 4722 1114 4791 justum
1129 4736 1203 4789 esse,
1215 4730 1242 4778 et
1259 4731 1394 4793 potentem
1409 4725 1435 4780 in
1452 4726 1560 4782 iulerno
1575 4741 1616 4781 me
1625 4726 1759 4797 perdere:
1781 4736 1809 4784 et

1016 4809 1188 4876 hoclimons‚
1202 4827 1255 4867 non
1272 4812 1412 4868 cessabam
1427 4824 1514 4872 tamen
1540 4815 1630 4886 ipsum
1657 4812 1808 4871 olieudere.

1012 4899 1071 4970 ligo
1086 4897 1206 4972 quidem,
1222 4907 1253 4956 ut
1266 4916 1330 4972 pars
1344 4917 1405 4957 mea
1420 4912 1491 4959 esset
1507 4904 1649 4971 Dominus,
1667 4902 1810 4964 clericatus

1014 5002 1170 5057 receperam
1188 4996 1401 5058 sacramentum
1426 4991 1475 5045 sed
1499 4991 1644 5047 enormitas
1658 4991 1720 5045 rttae
1743 5006 1810 5047 meae

1016 5074 1050 5131 ab
1066 5074 1125 5147 ipss
1140 5091 1168 5130 re
1185 5077 1352 5132 sacramenti
1363 5093 1406 5132 me
1424 5076 1525 5134 iecerat
1539 5077 1667 5135 alienum.
1683 5077 1707 5133 0
1729 5094 1810 5149 quam

1021 5163 1089 5220 mira
1099 5179 1174 5238 crgo,
1192 5181 1208 5220 o
1223 5181 1302 5238 qnam
1318 5165 1399 5222 stulta
1426 5175 1452 5223 et
1465 5166 1611 5239 impudens
1625 5165 1724 5224 elatiol
1749 5166 1811 5221 illo-

1024 5253 1089 5326 quia
1102 5253 1220 5321 Domini,
1236 5254 1343 5328 eloquia
1358 5262 1430 5311 casta
1446 5277 1452 5314 :
1470 5264 1496 5312 et
1510 5271 1562 5330 ego
1573 5256 1631 5312 haec
1645 5257 1678 5312 de
1700 5261 1811 5328 pectore

1016 5342 1123 5398 incesto
1138 5343 1261 5413 prolerre
1285 5353 1313 5400 et
1326 5359 1453 5401 enarrare
1480 5344 1679 5417 praesumebam
1702 5360 1751 5415 per
1777 5358 1811 5398 os

1016 5432 1149 5503 pollutum
1171 5441 1197 5490 et
1211 5433 1346 5505 dolosum,
1373 5433 1462 5491 sciens
1474 5434 1732 5493 Dominumdisisse
1745 5447 1811 5504 per·
