3728 5940
136 178 194 252 m
604 191 633 250 s.
656 190 1336 255 sannuanrtmmrsomnn-umsuus
1715 157 1795 252 'aar

136 318 229 374 ἀοιιιιιι
255 320 411 376 mandatum
439 316 602 385 audirimus,
627 325 653 372 et
677 317 812 374 nemiuem
846 317 934 372 adbuc
952 331 975 410 p
992 331 1099 375 autrum
1138 320 1275 376 exhibent.
1297 319 1367 373 Nam
1391 333 1481 390 neque
1496 328 1621 390 pugnant=
1643 324 1671 371 ut
1692 316 1797 371 militas

136 406 297 464 clericorum
312 407 446 479 privatum
472 404 615 471 beneficio,
630 405 933 478 neminem-episcopo·
992 423 1079 478 aetna
1092 416 1122 464 ut
1146 408 1236 466 clerici
1253 407 1451 481 evangelizant.
1472 407 1554 476 Cuius
1582 406 1684 462 ordinis
1703 407 1793 460 sunt?

138 513 199 553 rum
217 510 375 567 suspensum
397 495 431 551 ab
454 494 546 550 olbcio
564 494 691 551 luximus.
708 497 741 549 ht
760 494 832 551 luctu
860 511 935 551 ama·
992 496 1062 552 Cum
1076 496 1220 568 utriusque
1244 513 1306 554 ease
1328 496 1451 565 cupiunt,
1478 501 1624 566 utrumqne
1650 494 1789 559 deserunt,

138 583 245 638 rissimo
255 583 366 655 dignum
377 582 449 654 quod
460 594 583 638 scrutum
599 591 649 637 cst.
662 582 741 652 Quod
756 584 831 639 buci
845 585 937 656 impu·
990 592 1134 657 utrumque
1152 585 1333 642 contundunt.
1353 586 1554 658 Unusquisque.
1580 584 1674 649 iuquit.
1691 586 1724 639 iu
1736 600 1788 639 suo

138 671 207 725 nitas
234 668 478 735 incuriaesoboles,
507 672 657 726 insolentias
672 679 766 733 mater,
789 672 861 726 radix
885 671 936 726 im·
991 674 1089 731 ordine
1105 674 1273 746 reserpetll
1286 674 1470 744 corruis).
1488 673 1727 743 lstiinquothn
1743 672 1789 742 qai

138 760 282 830 pudentia,
318 761 560 834 transgressionum
588 762 688 816 ntrtrix.
722 762 755 816 Et
776 763 880 831 beatus,
912 762 934 815 si
989 763 1048 817 sine
1062 761 1155 818 ordine
1171 770 1359 832 peccaverunt,
1376 765 1436 817 sine
1464 761 1789 831 ordineperibuntidut

136 848 332 922 omnisatagns
347 864 412 905 cura
427 850 557 905 malornm
573 852 693 906 omnium
708 850 824 922 primam
838 866 937 922 paren·
989 852 1011 907 si
1026 866 1133 907 summe
1146 850 1254 922 sapiens
1268 851 1342 906 Deus
1366 850 1496 907 veraciter
1508 849 1637 916 creditur,
1652 866 1667 902 a
1682 864 1789 905 summo

136 950 189 994 tem
204 953 299 994 cavere
317 939 460 998 incuriam.
477 939 532 996 Sed
547 940 580 995 nd
596 941 647 995 hoc
659 951 687 996 ιιι
708 955 821 1011 operam
845 941 932 996 dabis.
989 955 1074 1012 usque
1083 939 1211 997 deorsum
1226 937 1294 994 nihii
1307 940 1491 995 inordinatum
1507 938 1677 1011 relinqueres
1693 953 1789 994 vereor

136 1024 170 1083 Et
185 1035 250 1084 tunc
277 1030 333 1084 leva
349 1028 444 1085 oculos
458 1038 531 1095 tuos,
553 1037 580 1084 et
605 1029 668 1087 ride
682 1030 706 1084 si
725 1044 782 1085 non
796 1045 885 1104 eque,
905 1039 935 1085 ut
989 1030 1056 1083 istria
1072 1042 1127 1090 iren
1139 1028 1201 1084 alibi
1225 1027 1399 1095 ordinandos,
1416 1044 1495 1100 quam
1521 1028 1566 1082 ubi
1593 1027 1685 1083 nullus
1708 1027 1786 1094 ordo,

136 1116 221 1187 prius,
237 1116 374 1190 pelliculis
388 1117 508 1174 discolor
521 1133 625 1174 mortim
641 1117 770 1175 Ordinem
781 1118 932 1185 decolorat;
990 1117 1039 1173 aad
1055 1117 1238 1188 sempiternus
1266 1118 1366 1175 horror
1401 1117 1539 1173 inhabitat.
1561 1114 1584 1171 0
1609 1116 1787 1171 miserandam

135 1205 324 1279 cinnaeque,
340 1213 371 1261 ut
386 1206 471 1279 prius,
483 1205 580 1262 lissura
594 1209 715 1263 enormis
728 1224 796 1279 pene
822 1207 934 1279 inguina
987 1220 1125 1277 sponsam,
1142 1207 1241 1263 talibus
1255 1205 1385 1263 creditam
1398 1205 1595 1277 paranymphis
1611 1203 1618 1258 l
1647 1203 1695 1273 qui
1714 1205 1788 1260 assi-

136 1296 218 1351 nudat
229 1295 296 1366 (ta).
314 1293 408 1351 Solem
419 1295 527 1353 dicere:
543 1296 613 1351 llum
629 1294 663 1350 de
681 1298 805 1352 vestibus·
815 1311 879 1352 cura
892 1303 933 1351 est
986 1303 1067 1367 gnata
1085 1296 1167 1351 cultui
1184 1296 1255 1367 ejus,
1272 1284 1382 1367 proprio
1398 1294 1516 1351 retinere
1530 1292 1646 1365 questui
1671 1307 1726 1349 non
1739 1310 1788 1351 ve-

135 1383 192 1438 llen
219 1394 245 1440 et
271 1398 327 1438 non
348 1383 433 1454 magis
448 1384 482 1439 de
496 1382 644 1439 moribus‘l
657 1384 692 1437 ht
705 1382 791 1438 lomna
811 1384 869 1439 haec
883 1400 932 1440 ve·
987 1391 1089 1439 untur.
1104 1383 1165 1439 Nan
1180 1385 1259 1441 amici
1276 1383 1398 1456 prolecto
1423 1382 1527 1453 sponsi,
1544 1385 1591 1439 sed
1607 1381 1695 1437 aemuli
1710 1393 1785 1441 sunt.

135 1469 226 1535 silam,
240 1470 423 1526 deformitatis
437 1472 570 1526 mentium
582 1478 609 1526 et
620 1468 865 1528 morumindioium
880 1478 932 1526 cst.
988 1472 1022 1529 th
1037 1473 1073 1528 de
1086 1471 1200 1528 hissatis
1214 1487 1275 1544 quae
1290 1474 1342 1528 sub
1358 1483 1384 1528 te
1399 1479 1473 1537 sunt,
1484 1472 1534 1528 ctsi
1550 1487 1603 1528 uon
1615 1473 1648 1526 ad
1663 1472 1786 1527 materia

132 1557 206 1627 Quid
238 1559 289 1613 sibi
305 1558 450 1630 vultquotl
475 1559 650 1615 clericieliutl
678 1574 747 1626 esse,
762 1559 932 1616 aliudvlderi
987 1561 1103 1633 copiam,
1120 1569 1238 1633 quaeest
1264 1561 1346 1616 multa
1373 1560 1477 1624 uimis;
1506 1568 1577 1616 certe
1603 1560 1640 1614 'nd
1669 1560 1696 1614 id
1710 1561 1784 1632 quud

55 1688 57 1692 Α
133 1647 292 1703 voluntild
308 1647 418 1719 quidem
432 1647 522 1704 minus
543 1655 656 1715 castum,
687 1647 831 1721 minusque
844 1649 933 1706 since-
949 1611 972 1689 Β
989 1648 1116 1721 proposui
1128 1664 1189 1724 ego.
1206 1649 1324 1706 visenda
1335 1650 1391 1720 jam
1420 1665 1481 1722 quaa
1502 1649 1573 1705 cirea
1597 1657 1621 1704 te
1646 1657 1719 1713 sum,
1736 1651 1784 1704 sed

132 1751 201 1791 rum.
230 1736 439 1806 liempchabitu
468 1737 576 1802 milites,
606 1744 710 1808 quaeatu
730 1737 852 1803 clericos,
870 1745 931 1794 autu
985 1739 1019 1794 ad
1033 1754 1065 1795 ea
1080 1739 1181 1794 ostium
1195 1737 1276 1795 nobis
1285 1746 1398 1810 quartus
1411 1738 1480 1792 liber
1493 1735 1613 1808 aperiet,

736 1983 886 2065 ιιιιιιι
909 1968 1160 2085 octenas.

978 2211 1069 2268 veniat
1084 2208 1277 2277 consideratio,
1285 2211 1427 2283 occupatio
1440 2209 1649 2279 continuabitur,
1664 2219 1691 2267 et
1701 2228 1783 2267 vena-

980 2300 1061 2359 tionis
1074 2315 1128 2356 non
1142 2297 1194 2355 erit
1207 2298 1317 2370 modus,
1334 2307 1359 2353 et
1374 2297 1563 2355 sollicitudinis
1577 2312 1632 2353 non
1646 2301 1698 2354 erit
1707 2297 1782 2356 linis,

224 2377 337 2433 Tractat
357 2377 390 2433 de
419 2379 453 2434 iit
482 2379 634 2451 suoevirca
649 2379 743 2452 ipsum
758 2384 836 2436 suul-
978 2386 1485 2460 Nontcmpusvacuum,nonliberum
1501 2400 1566 2443 cor:
1589 2386 1650 2455 plus
1665 2385 1780 2458 laboris,

165 2477 192 2530 i.
217 2472 246 2530 Si
274 2472 340 2529 mihi
353 2474 460 2544 plenius
489 2474 660 2542 innotuisset,
677 2476 927 2533 amantissimcliu·
979 2477 1110 2535 etminus
1133 2475 1263 2532 utilitatis.
1285 2473 1351 2530 Dico
1384 2483 1483 2540 autem,
1513 2473 1639 2533 instantia
1664 2473 1709 2529 illa
1732 2484 1779 2532 tua

128 2562 201 2633 geni,
217 2563 309 2634 priora
320 2551 436 2636 qualiter
450 2563 611 2634 acceptaris,
637 2565 784 2622 secundum
815 2567 866 2622 boc
885 2565 925 2620 vel
980 2565 1145 2640 quotidiana,
1166 2566 1200 2620 ab
1214 2563 1290 2633 urbe,
1307 2562 1418 2629 acuns,
1443 2579 1458 2618 a
1485 2561 1636 2618 domestica
1664 2564 1780 2620 ecclesia

127 2642 256 2727 brientina
270 2649 299 2705 in
314 2647 445 2722 reliquum
470 2651 674 2722 processissem,
692 2653 733 2710 vel
753 2654 867 2721 cautius,
883 2664 928 2710 aut
980 2662 1036 2711 tua.
1053 2655 1127 2723 ilaec,
1142 2653 1261 2727 inquam,
1276 2655 1349 2710 circa
1362 2659 1390 2709 te
1418 2658 1492 2720 suut,
1508 2651 1598 2707 clerus
1613 2658 1640 2706 et
1659 2651 1780 2723 populus

127 2746 200 2795 carte
210 2730 392 2797 substitissem
407 2738 527 2795 omnino.
547 2740 625 2796 Nunc
637 2757 700 2795 sero
716 2742 779 2812 quia
792 2743 829 2798 ob
847 2742 923 2798 loco·
938 2764 960 2842 Β
975 2744 1095 2813 tuus‚cui
1110 2742 1263 2814 specialiter
1278 2739 1454 2813 episcoparis,
1475 2755 1506 2795 ac
1523 2756 1571 2813 per
1586 2740 1638 2795 boc
1652 2740 1780 2810 specialis

127 2841 186 2881 rum
219 2824 372 2883 distantiam
400 2827 426 2882 id
447 2828 557 2883 minime
580 2829 667 2898 datur,
693 2845 749 2885 non
771 2831 875 2887 mireris
900 2832 923 2887 si
976 2848 1048 2891 curae
1071 2833 1171 2890 teneris
1194 2831 1310 2890 debitor.
1334 2829 1491 2903 iliquoque
1508 2829 1553 2900 qtri
1573 2828 1622 2885 tibi
1658 2829 1778 2899 quotidie

126 2908 217 3003 prodit
238 2912 333 2972 exilior
360 2912 449 2972 sermo
472 2931 582 2991 anceps,
602 2916 765 2987 verecunda,
777 2917 872 2987 lateor,
889 2922 921 2976 ad
976 2923 1106 2979 assistunt
1120 2921 1241 2977 seniores
1256 2918 1360 2991 populi,
1376 2917 1451 2975 orbis
1465 2919 1587 2987 iudicem
1605 2925 1632 2972 ct
1651 2917 1698 2988 qui
1713 2917 1777 2971 item

125 3000 241 3083 medium
257 3003 376 3063 ueniens.
391 3005 487 3061 Primis
496 3006 586 3082 itaqua
599 3004 827 3065 considerationis
836 3008 919 3080 parti·
976 3013 1010 3068 de
1023 3011 1107 3067 domo
1120 3017 1147 3067 st
1162 3023 1255 3064 mensa
1273 3016 1319 3063 tua
1336 3017 1412 3074 eunt,
1430 3006 1572 3078 capellani,
1603 3004 1775 3071 cubicularii,

125 3080 177 3149 bn's
186 3092 404 3166 librisprioribus
418 3097 600 3168 pertractatis,
612 3094 775 3154 inmanibus
788 3097 921 3154 estdehis
974 3099 1089 3155 ministri
1099 3098 1199 3170 quique
1209 3096 1325 3153 diversis
1335 3094 1454 3167 deputati
1465 3094 1563 3151 officiis
1578 3095 1603 3148 in
1615 3094 1776 3167 obsequium

91 3212 99 3221 =
124 3176 235 3255 addere,
255 3181 402 3255 quaeoirca
423 3193 447 3241 te
475 3196 549 3240 sunt.
565 3184 600 3240 Et
613 3183 672 3257 ipsa
685 3182 794 3259 quidem
810 3187 860 3243 sub
884 3196 917 3254 te,
974 3189 1023 3245 tui.
1040 3187 1070 3242 lli
1086 3197 1111 3243 te
1127 3185 1286 3243 familiarius
1318 3186 1434 3254 visitant,
1461 3183 1628 3256 frequentius
1656 3185 1774 3254 pulsant,

122 3270 173 3327 sed
192 3270 265 3344 quod
292 3271 431 3343 propiora,
447 3288 480 3330 eo
500 3274 697 3345 importuniora
727 3272 786 3331 tibi.
815 3277 920 3347 Nempe
975 3274 1167 3347 molestiusque
1191 3272 1346 3330 sollicitant.
1372 3272 1404 3328 Hi
1423 3281 1485 3328 sunt
1507 3272 1623 3344 quinon
1648 3278 1776 3327 verentur

122 3350 213 3416 coram
228 3360 320 3430 posita
334 3360 463 3417 incuriam
478 3376 532 3417 non
547 3362 699 3431 admittunt,
720 3378 775 3419 non
788 3363 918 3420 dissimu-
973 3364 1103 3422 suscitare
1118 3362 1289 3427 dilectam,et
1304 3370 1448 3434 antequam
1465 3360 1525 3433 ipsa
1538 3360 1613 3420 velit.

124 3443 259 3515 lationem,
275 3442 330 3505 non
340 3447 514 3507 oblivionem.
534 3448 723 3508 Vehementius
737 3459 844 3527 urgent,
861 3457 917 3508 tur-

123 3530 264 3592 bulentius
290 3532 420 3593 irruenti
442 3540 587 3594 verendum
627 3557 661 3597 ue
688 3539 813 3598 obruant.
841 3538 919 3598 Circa
983 3550 990 3557 ·
1284 3519 1399 3578 CAPUT
1430 3521 1462 3589 Π»

122 3615 261 3713 elilim
284 3622 364 3703 quam
393 3625 483 3682 ⁸⁰bfi⁸
510 3635 536 3683 el
569 3627 672 3684 intenta
704 3628 919 3687 wulldttfllifflte
974 3642 1012 3700 lie
1027 3640 1135 3697 cleriei
1151 3637 1380 3713 populiltomuui
1393 3635 1584 3707 moribusopr't
1598 3634 1668 3708 (li),
1698 3640 1726 3692 et
1740 3636 1774 3694 de

122 3726 193 3787 opus
206 3707 250 3785 si't,
269 3710 380 3787 propriu
395 3722 421 3771 te
439 3715 623 3788 experimento
645 3718 770 3775 edoctum
784 3718 849 3775 satis
863 3734 918 3775 non
1079 3716 1209 3769 velerum
1219 3710 1443 3767 Pastorumcura
1456 3724 1490 3764 oc
1504 3707 1665 3779 vipllastia.

122 3801 241 3895 ambipc.
251 3803 381 3876 Alioquin
399 3805 421 3860 si
436 3800 497 3862 'non
511 3815 589 3863 cauta
604 3814 813 3879 opportunaque
828 3806 917 3864 inter·
1006 3811 1033 3864 2.
1050 3802 1083 3864 Et
1096 3806 1183 3879 primo
1199 3805 1307 3878 quidem
1320 3804 1423 3862 clerum
1439 3802 1516 3859 illum
1540 3801 1775 3859 ordinatissimum

120 3917 241 3990 pruriant
259 3919 312 3977 boo
343 3919 371 3977 in
392 3920 425 3976 lia
448 3921 567 3985 studium
613 3923 774 3981 obstitum
789 3939 918 3988 ameum
972 3925 1108 3995 fissuram
1118 3919 1772 3995 momenappelletqeoepeueimuinauudet,

121 3996 191 4047 statu
200 3998 229 4048 ct
239 3991 302 4048 ritae
335 4007 417 4049 euers
437 4007 526 4049 mores
544 3994 579 4048 ha
598 3991 720 4066 itumque
746 3995 842 4050 mutari
906 4012 918 4050 r
975 4011 1008 4052 eo
1022 3995 1095 4068 quod
1109 3995 1173 4051 olim
1187 4009 1242 4049 nou
1267 3993 1390 4047 thoraces
1417 3990 1498 4047 modo
1513 3990 1642 4046 baberent
1668 4007 1701 4047 ea
1730 4006 1773 4046 ra·

119 4068 192 4131 creti
216 4063 258 4118 rel
273 4009 348 4119 coge
361 4063 398 4118 ita
426 4071 542 4120 statuere
568 4080 670 4132 secum,
689 4066 855 4136 praecipuum
869 4010 959 4128 ξιξ-Ι]
978 4066 1049 4124 tione
1064 4065 1224 4122 lenestratos
1237 4071 1265 4121 et
1286 4063 1401 4132 hiantes,
1414 4078 1508 4145 yemm
1530 4062 1615 4143 etiam·
1626 4069 1654 4116 et
1680 4061 1771 4119 femo-

120 4131 201 4190 niuis
214 4133 273 4189 ileo
287 4133 384 4191 sacrati
404 4133 489 4190 decus
503 4144 530 4190 et
543 4146 734 4193 ornamentum
747 4151 809 4194 esse
834 4135 920 4193 virtu·
974 4137 1041 4194 ralia
1070 4138 1122 4193 late
1153 4137 1227 4202 lissa,
1252 4141 1284 4192 nt
1307 4148 1341 4189 ex
1366 4141 1482 4205 anuqurs
1516 4144 1631 4205 picturis
1653 4141 1770 4189 οοιιιιιιι

121 4211 186 4274 ten,
200 4204 373 4271 modestiam,
389 4204 528 4276 pietatem.
551 4207 604 4264 Sed
620 4208 684 4278 quia
702 4208 747 4264 hio
760 4208 921 4280 leredepra·
975 4208 1065 4278 Quare
1078 4223 1140 4264 cum
1169 4207 1261 4264 clerici
1276 4214 1352 4263 extra
1372 4207 1484 4261 chorum
1499 4204 1646 4276 longiorem
1669 4212 1771 4260 uestem

121 4283 183 4357 tate
194 4275 373 4346 plurimorum
385 4278 494 4332 errabat
500 4276 602 4349 opinio,
619 4278 716 4335 sanctis
731 4283 760 4336 el
785 4278 920 4350 religiosis
974 4280 1140 4352 posuissent,
1155 4277 1184 4335 in
1197 4279 1316 4334 omnium
1330 4277 1425 4333 oculos
1434 4276 1584 4357 incurrebat
1596 4274 1642 4329 illa
1655 4275 1772 4332 amictus

121 4347 188 4400 vrrls
211 4359 325 4419 semper
355 4346 498 4416 curaeluit,
514 4349 645 4405 vomicam
665 4349 736 4405 illam
753 4352 779 4406 in
794 4366 918 4408 commu·
973 4350 1121 4422 turpitudo,
1138 4364 1201 4420 que
1214 4347 1772 4417 modestorumoculosanimosquecllen-

122 4422 184 4473 usn
200 4415 346 4487 perniciem
359 4417 388 4472 in
404 4416 462 4474 dies
475 4420 563 4494 magis
572 4421 713 4494 magisque
722 4430 918 4479 tumescentem
973 4423 1059 4478 deret.
1076 4422 1113 4476 lta
1127 4421 1184 4476 lere
1207 4418 1318 4476 Cresoll.
1336 4423 1363 4474 in
1390 4419 1503 4491 ilystap.
1523 4418 1569 4476 lib.
1586 4429 1627 4483 ιι,
1642 4431 1704 4488 cap,
1722 4423 1766 4484 ts,

123 4487 231 4545 miorl·
247 4487 310 4543 stilo
336 4504 466 4561 pungere.
494 4490 678 4549 troeserum
703 4504 730 4548 et
748 4493 918 4549 diuersorum
972 4499 1039 4549 sect.
1053 4496 1080 4550 b.
1097 4491 1150 4549 Ubi
1168 4492 1248 4547 etiam
1261 4491 1336 4545 addit
1346 4490 1471 4546 morbum
1486 4488 1560 4545 illum
1574 4489 1631 4545 dire
1650 4488 1679 4542 in
1695 4488 1767 4545 Ger-

122 4558 252 4641 Beslesite
265 4561 430 4632 presulum,
439 4576 489 4619 nec
501 4577 556 4645 non
569 4563 746 4648 consiliorum
755 4563 869 4632 decreta,
883 4565 918 4619 ed
972 4563 1061 4646 mania
1075 4570 1238 4635 pressatum,
1254 4562 1386 4643 sedata
1401 4561 1562 4644 praesulibus
1579 4574 1677 4633 magna
1697 4560 1771 4630 vipi-

123 4631 675 4761 tshssilslttliltllhib
691 4635 918 4775 illidii&
974 4630 1770 4776 'hltlhttlultlltthttltltststttlttl}

123 4769 193 4857 inira
205 4773 294 4855 Traet.
323 4777 360 4831 ds
380 4775 480 4832 morib.
497 4783 526 4832 et
543 4777 592 4834 cii.
612 4776 698 4849 episc.
713 4785 806 4832 contra
824 4775 917 4835 luxum
971 4723 1069 4834 ffndt:
1090 4773 1399 4850 quipastoralicuraet
1420 4791 1535 4833 censura
1559 4773 1769 4830 invalescentem

121 4853 238 4901 ιοιιιιιιιι
256 4845 445 4915 meler.,etc.,
459 4863 524 4919 cap·
541 4850 568 4905 2.
969 4849 1084 4904 ebusum
1103 4847 1249 4918 reprimere
1269 4847 1438 4904 studuerunt.
1468 4847 1546 4902 Tales
1568 4845 1676 4901 luerunt
1695 4841 1770 4900 Con-

155 4914 213 4988 (dl)
241 4916 331 4973 Sacris
357 4919 473 4975 decretis
492 4932 585 4974 revue
614 4924 735 4984 meatur,
762 4933 798 4975 ne
825 4919 916 4977 clerici
971 4919 1401 4983 radusann01260,Walramus
1427 4913 1770 4984 insolentissimum

118 4992 208 5043 vestm
235 4989 323 5043 lerant
347 4990 477 5063 virgatas,
503 4987 614 5059 partitas
641 4998 769 5045 macutes.
798 4991 916 5062 lilajores
968 5006 1040 5047 anno
1059 4992 1128 5047 istil
1143 5001 1170 5045 rt
1186 4988 1323 5060 llb⁰,qni
1338 4989 1408 5058 inter
1422 4991 1475 5045 alia
1488 4989 1526 5045 sic
1544 4992 1605 5044 nit:
1628 4987 1769 5044 domnus

120 5059 207 5117 noshi
221 5058 354 5117 uocabant
368 5060 533 5132 frustatae
547 5070 638 5117 restes
651 5070 678 5117 ct
687 5062 916 5133 pomposasllide
969 5065 1116 5121 universos
1131 5065 1160 5118 et
1183 5062 1308 5134 stapulas
1328 5061 1452 5127 clericos,
1471 5078 1508 5118 ue
1518 5060 1552 5116 de
1565 5063 1668 5117 culmo
1681 5063 1769 5116 cesus

119 5126 223 5188 chron.
237 5128 498 5189 Vuindesbeimense
508 5129 555 5189 lib.
570 5146 601 5199 ιι,
618 5146 678 5204 cap.
687 5132 733 5201 ll,
748 5148 810 5205 quae
823 5133 915 5192 viden
968 5136 1094 5206 partitas
1108 5136 1232 5205 uirpatas
1248 5132 1366 5188 loliatus
1375 5136 1503 5190 saccatur
1513 5135 1581 5201 eto,
1591 5131 1768 5187 automniuo

119 5209 164 5257 tur
188 5201 305 5259 conche
332 5201 415 5260 luisse
438 5209 538 5270 restes,
564 5202 703 5260 latissimis
715 5204 788 5260 rimis
798 5215 826 5262 et
839 5206 914 5260 hian·
968 5206 1139 5270 rubeascut
1153 5205 1449 5271 omaiaevirides,uut
1481 5201 1768 5269 nummulorum·

118 5270 201 5341 tibus,
229 5273 323 5346 quales
349 5274 475 5330 ridemus
487 5273 515 5329 ia
530 5273 669 5332 Gallorum
689 5276 845 5334 bombus
859 5290 913 5332 tes-
969 5280 1012 5333 tas
1027 5276 1071 5334 uel
1089 5277 1219 5345 nodulos,
1234 5275 1440 5347 eludamur.
1508 5277 1554 5332 itto
1568 5285 1693 5330 ceteros.

118 5340 176 5401 tiso
189 5353 330 5418 tempore:
350 5344 449 5417 quibus
462 5343 552 5414 flebat,
574 5347 744 5404 atraminudi
759 5363 820 5405 esse
833 5348 913 5405 vids·
1000 5347 1059 5477 llis)
1079 5347 1147 5405 llide
1165 5349 1262 5404 baron.
1278 5347 1312 5402 ed
1326 5363 1371 5402 an.
1387 5349 1467 5413 litt,
1482 5365 1510 5412 ιι,
1521 5351 1550 5414 3,
1564 5354 1591 5402 et
1606 5347 1686 5412 lats,
1703 5360 1732 5400 n.
1747 5347 1763 5399 3

120 5419 228 5472 matur:
248 5426 284 5483 et,
300 5425 405 5474 etcum
427 5416 506 5475 Petro
518 5417 687 5492 chrysologo
701 5419 803 5493 loquar,
817 5421 912 5490 artifi-
965 5428 993 5475 et
1025 5422 1224 5491 ,umatus
1240 5436 1268 5474 n.
1285 5420 1311 5487 l,
1326 5422 1353 5475 t.

117 5486 198 5550 dero
222 5487 580 5560 anturnacensium.
602 5488 913 5562 tendissemus·

346 2257 431 2318 485
445 2261 559 2318 CAPUT
573 2262 719 2319 antuus.
