3728 5940
193 187 246 250 395
655 182 682 240 S.
704 176 874 242 renuatur
893 168 1028 235 ABBA'HS
1046 169 1363 240 clune-vtetsttsts
1791 188 1850 250 affl

190 315 256 371 duci
280 313 490 385 aquitanorum,
511 307 589 363 11000
618 305 862 362 Autissiodorensis
890 300 992 374 qualis-
1008 312 1031 393 0
1049 296 1081 352 ad
1098 300 1156 358 baec
1171 303 1333 375 respondere
1347 305 1488 377 placuerit,
1504 305 1619 365 fideliter
1641 311 1779 369 renuntiet
1792 327 1845 368 no·

190 396 309 474 cunque
325 398 454 464 minister,
475 396 643 451 Benxannus
665 394 851 449 Clarae-Vallis
879 399 992 447 vocatus
1044 397 1095 455 bis.
1119 392 1147 449 Si
1160 402 1249 449 autem
1265 395 1417 464 persistitis,
1432 396 1504 467 qnod
1528 397 1618 478 absit!¹
1639 415 1694 456 000
1717 402 1846 474 aequitas·

192 494 281 557 abins,
292 489 404 559 diligere
413 484 554 554 iustitiam,
565 484 721 555 etjudicare
732 492 830 540 terram
843 482 988 553 sapienter.
1043 506 1105 546 aere
1120 485 1194 542 sanis
1208 483 1338 550 consiliis,
1355 484 1449 540 mundi
1472 501 1523 542 nos
1547 503 1641 544 sumus
1666 505 1681 544 a
1705 492 1843 564 sanguine

227 609 250 657 ,¹
280 602 331 657 Diu
354 610 394 656 03,
419 602 492 673 quod
524 601 625 674 ,messi
661 602 695 658 de
722 599 847 658 domibus
874 597 986 663 nom,
1041 576 1247 634 vestro:Deus
1267 589 1321 629 non
1340 575 1475 642 permittet
1492 576 1638 633 Ecclesiam
1657 593 1735 634 suam
1750 582 1843 637 sivea

979 695 988 742 ι
1040 667 1117 727 vobis
1129 666 1186 722 sive
1201 681 1217 719 a
1232 663 1327 717 vestris
1342 662 1442 717 diutius
1461 665 1621 720 conculcari.

188 692 319 764 expositis
344 692 463 762 propriis
493 691 653 747 utilitatibus
680 706 729 763 pro
752 707 818 762 paee
845 696 934 746 vestra
962 702 976 742 e

189 783 267 854 regui
285 779 411 845 fideliter,
428 781 498 837 sicut
513 779 591 835 nobis
606 782 678 836 Deus
698 788 738 835 cst
766 777 853 846 testis,
877 779 986 832 labora·

186 886 257 928 mus,
286 870 436 925 Tristamnr
463 877 554 925 autern
583 870 653 940 quod
683 877 727 924 aut
746 870 848 924 nullum
866 866 985 923 auteri-

187 976 270 1034 guum
285 959 369 1015 nostri
384 958 486 1015 laboris
505 959 620 1014 lructnm
638 959 726 1014 adbuc
742 967 873 1015 tenemus.
889 957 985 1012 Adhuc

187 1065 319 1121 pauperes
333 1049 449 1103 clamant
464 1059 524 1119 post
543 1064 602 1118 nos,
628 1048 715 1104 adhuc
744 1060 812 1103 terra
827 1046 901 1102 vadit
916 1060 985 1117 que=

187 1139 250 1195 tidie
265 1138 293 1193 in
307 1137 513 1194 desolationem.
534 1136 661 1205 Quaeritis
676 1154 736 1209 quae
760 1138 853 1193 terrai
877 1136 981 1202 Vestra,

185 1244 240 1284 non
262 1228 324 1286 alia.
346 1228 419 1282 lolra
449 1243 563 1299 regnum
585 1227 667 1292 enim,
696 1235 723 1280 et
751 1234 843 1282 contra
869 1241 981 1299 regnum

185 1323 303 1374 vestrum
333 1315 384 1370 isla
410 1315 507 1395 omniax
525 1314 593 1370 mala
619 1323 816 1387 perpetrantur.
843 1315 910 1368 Nam
924 1314 980 1371 sive

184 1406 276 1471 amici,
306 1404 363 1461 sive
386 1403 489 1458 inimici
516 1404 599 1461 vestri
627 1403 679 1460 siut
698 1403 747 1475 qui
767 1403 801 1460 de
816 1417 915 1475 guerra
929 1402 980 1458 ista

183 1500 376 1564 pauperantur,
401 1491 579 1562 captivantur,
595 1499 784 1558 conteruntur3
800 1506 856 1546 nou
869 1489 978 1545 aliunde

182 1582 306 1655 quamde
322 1596 406 1651 regno
420 1587 509 1635 vestro
525 1588 599 1637 sunt.
615 1580 644 1634 10
658 1595 713 1652 quo
727 1579 868 1635 manifeste
886 1579 977 1634 immi·
995 1604 1016 1681 Β

181 1686 246 1726 0000
256 1669 423 1739 jamjam-que
439 1668 543 1724 videtur
557 1684 647 1725 sermo
669 1668 815 1727 Salinatoris
840 1668 975 1725 dicentis:

183 1757 973 1830 00000000001000100000011010000010001051100(100.

180 1864 221 1912 xi,
239 1850 294 1917 11).
323 1847 380 1901 1100
393 1846 497 1901 aceedit
511 1848 584 1918 quod
608 1846 660 1919 ipsi
677 1847 810 1903 divisores
825 1848 975 1903 010100010-

181 1945 253 1994 tores
267 1953 316 1993 vos
330 1935 525 1991 constituerunt
539 1935 592 1991 sibi
607 1937 690 2006 liujus
708 1935 834 2007 nequitiae
852 1945 931 2006 caput
949 1944 976 1993 01

179 2025 328 2096 principem
352 2040 434 2096 quem
462 2024 597 2095 praecipue
625 2025 773 2080 debuerant
796 2032 914 2081 metuere
929 2023 976 2081 de-

178 2113 326 2180 fensorem,
347 2120 374 2167 et
397 2111 498 2168 sentire
521 2111 648 2168 ultorem.
664 2114 722 2168 Nos
738 2121 828 2168 autem
842 2112 973 2167 eredeba-

177 2220 238 2260 mus
251 2218 300 2261 vos
315 2208 412 2258 tactum
424 2218 439 2257 a
453 2203 510 2257 1)οο
526 2211 552 2257 01
576 2201 755 2258 illuminatum
787 2208 887 2257 tantam
910 2201 972 2258 illo-

177 2309 237 2349 rum
248 2291 395 2365 nequitiam
411 2289 568 2357 advertisse,
584 2297 609 2346 et
625 2305 743 2346 errorem
753 2299 871 2345 vestrum
887 2307 972 2365 agno·

176 2382 266 2451 visse,·
280 2391 412 2452 01000000
428 2379 538 2436 omnino
553 2378 973 2453 00001111000010010000100000

176 2471 230 2529 isto
249 2470 386 2526 retrahere
400 2469 509 2540 pedem.

211 2591 237 2642 9.
253 2588 386 2643 Caeterum
401 2587 434 2640 ab
452 2587 503 2642 hac
522 2601 571 2656 spe
599 2601 670 2656 pena
699 2584 797 2653 dejecit
827 2584 972 2642 00000110·

174 2674 337 2748 quiumillud
347 2675 466 2730 habitum
476 2674 641 2745 0000010100
659 2689 708 2729 nos
723 2673 793 2738 apud
805 2674 971 2732 corbolium.

173 2764 254 2821 Scitis
272 2763 345 2819 enim
371 2764 508 2836 quomodo
535 2769 562 2816 et
584 2776 666 2831 quam
693 2761 913 2816 irrationabiliter
931 2767 971 2832 (ut

173 2869 238 2926 pace
251 2859 340 2909 vestra
361 2848 519 2920 dixerimus)
534 2866 550 2903 a
563 2848 643 2905 nabis
659 2857 722 2905 1000
734 2848 879 2905 recessitis.
895 2851 970 2906 Unde

1219 751 1386 810 EPISTULA
1406 753 1551 808 ccxxvii
1570 758 1656 825 (6110).

1154 859 1192 900 xo
1211 858 1364 899 0010000010
1384 858 1612 901 suessionenses
1631 848 1720 918 (601).

1041 937 1124 1008 Opera
1138 935 1261 1009 episcopi
1273 950 1411 1060 00000000
1433 934 1600 1061 0001011001
1623 937 1761 995 ardenter
1783 941 1837 996 im·

1380 1023 1398 1079 0
1411 1022 1460 1062 cru
1478 1045 1485 1060 .

1072 1097 1185 1166 Semper
1198 1094 1307 1166 quidem
1321 1093 1385 1164 egui
1402 1092 1499 1150 ollieiis
1513 1093 1672 1163 amicornm,
1689 1098 1773 1153 hemo
1787 1098 1832 1153 ni-

1036 1185 1134 1242 mirum
1154 1191 1242 1239 mente
1265 1198 1373 1253 semper
1391 1189 1417 1239 et
1440 1197 1555 1254 corpore
1575 1184 1747 1241 miserandus
1765 1204 1771 1241 :
1786 1186 1833 1242 sed

1035 1290 1107 1331 nunc
1120 1272 1195 1331 2ss
1208 1270 1324 1328 maxime
1337 1286 1407 1342 opus
1421 1279 1448 1327 et
1463 1281 1570 1343 tempus
1586 1272 1742 1342 miserendi,
1759 1291 1831 1344 curn,

1033 1371 1146 1437 urgente
1174 1358 1342 1419 conscicntia
1368 1367 1396 1415 et
1428 1371 1573 1434 aggravata
1605 1377 1685 1417 maun
1722 1364 1832 1419 Domini

1033 1468 1115 1523 super
1128 1467 1183 1523 me,
1203 1451 1271 1506 duro
1286 1464 1329 1504 me
1347 1448 1450 1504 carceri
1476 1448 1616 1521 naancipav
1649 1452 1724 1521 (eda)
1747 1450 1832 1508 durus

1028 1540 1112 1610 judex
1129 1540 1157 1595 in
1179 1537 1382 1607 memetipsum.
1398 1535 1428 1591 Si
1448 1537 1536 1592 adhuc
1563 1545 1638 1609 pater
1662 1540 1729 1595 cstis
1758 1541 1831 1604 (nam

1031 1627 1115 1684 luisse
1128 1643 1176 1684 vos
1190 1627 1297 1697 iateor),
1317 1624 1413 1680 sentiat
1437 1623 1519 1693 iilius,
1537 1610 1564 1683 et
1579 1626 1621 1681 ille
1636 1625 1716 1691 lilius,
1733 1629 1760 1682 in
1776 1642 1831 1700 quo

1032 1733 1117 1791 usque
1132 1717 1253 1772 adhaec
1275 1714 1345 1769 diem
1365 1712 1454 1768 filialis
1478 1729 1543 1787 erga
1565 1728 1614 1768 vos
1637 1713 1753 1770 aflectus
1778 1731 1830 1773 000

1031 1807 1125 1876 tepuit.
1147 1804 1220 1870 Scio,
1240 1803 1297 1858 seio
1315 1800 1424 1857 difficile
1448 1815 1530 1871 pesse
1555 1802 1709 1872 extorqueri
1723 1803 1829 1861 clavam

1029 1895 1063 1951 de
1077 1909 1159 1949 maan
1178 1892 1299 1948 Herculis
1315 1909 1322 1945 z
1338 1897 1366 1946 et
1378 1889 1441 1946 idea
1456 1890 1567 1944 multum
1591 1889 1673 1961 insto,
1691 1890 1757 1961 quia
1773 1909 1828 1949 rem

1029 1993 1090 2054 peto
1104 1979 1251 2037 dillicilem.
1266 1981 1300 2034 ut
1314 1987 1414 2049 quanto
1430 1976 1574 2045 diffieilior,
1591 1986 1664 2035 tauto
1681 1979 1826 2040 violentior

1028 2074 1064 2129 ad
1080 2070 1286 2144 promerendam
1301 2068 1518 2127 redhibitionem.
1530 2068 1647 2125 Grandis
1661 2085 1705 2124 me
1720 2069 1826 2128 fatebor

1027 2161 1153 2219 beneficii
1172 2159 1334 2228 debitorem,
1351 2158 1460 2231 grandis
1482 2173 1603 2229 prorsus,
1627 2158 1649 2212 si
1671 2158 1823 2218 obtinuero.

1026 2253 1082 2308 Nec
1096 2252 1193 2323 ignoro
1207 2251 1273 2306 dare
1292 2264 1372 2321 quam
1396 2247 1516 2318 accipere
1534 2246 1640 2302 beatius
1663 2263 1725 2303 esse
1750 2250 1823 2319 (Act.

1027 2355 1076 2407 xx,
1092 2340 1137 2410 35)
1162 2356 1168 2392 :
1193 2337 1239 2393 sed
1263 2338 1331 2393 cedo
1353 2335 1518 2403 necessitati,
1543 2350 1655 2391 occurro
1684 2335 1822 2406 periculis,

1026 2429 1157 2501 angustiis
1171 2426 1293 2493 consulo,
1317 2424 1423 2482 bonesti
1438 2423 1516 2495 plane
1535 2441 1608 2481 nunc
1622 2431 1667 2481 ant
1691 2424 1821 2482 dissimu-

1027 2519 1095 2574 lator
1109 2528 1154 2574 aut
1175 2519 1327 2575 inimemor.
1351 2516 1456 2572 Cedens
1479 2515 1570 2585 itaque
1593 2515 1822 2573 honorabiliorem

1025 2609 1114 2679 vobis,
1129 2614 1158 2663 ut
1176 2607 1290 2679 dignum
1313 2614 1363 2672 est,
1380 2605 1576 2675 parteni,1nilri
1600 2606 1820 2664 verecundiorem

1026 2713 1146 2769 assumo,
1161 2712 1215 2753 non
1236 2695 1370 2753 modoad
1394 2694 1581 2766 accipiendum
1605 2695 1820 2765 inverecundior,

1025 2784 1073 2840 sed
1091 2796 1118 2840 et
1136 2783 1315 2857 importunior
1329 2783 1363 2838 ad
1378 2782 1534 2855 petendum.
1551 2783 1618 2839 Peto
1634 2798 1700 2856 ergo
1714 2784 1820 2855 suppli·

985 2875 1098 2970 cciter,
1125 2882 1188 2945 peto
1216 2874 1357 2946 instanter,
1384 2885 1444 2945 peta
1468 2882 1629 2944 opportune,
1655 2872 1819 2945 importune.

172 2943 272 2998 iactum
299 2949 340 2998 est
359 2940 433 3013 quod
455 2937 587 2994 sermonis
603 2937 681 3004 illius,
702 2938 749 3009 qui
762 2939 838 2994 vobis
853 2939 881 2992 in
895 2940 967 2996 dicto
1022 2963 1079 3018 Nec
1094 2963 1165 3019 enim
1184 2962 1251 3018 00υά
1267 2973 1338 3036 pepo,
1355 2961 1427 3035 quod
1442 2977 1490 3018 ,05
1505 2976 1558 3018 non
1572 2962 1669 3017 doceat
1683 2962 1760 3028 dare,
1776 2971 1821 3018 ,m

173 3039 266 3089 nostro
281 3030 430 3102 displicuit,
447 3028 561 3083 reddere
576 3027 609 3082 ad
628 3026 758 3099 liquidum
774 3026 904 3083 rationem
921 3045 967 3098 pro

172 3130 261 3179 vestra
274 3118 353 3176 nobis
367 3117 519 3173 turbatione
532 3131 586 3172 non
602 3116 677 3173 licuit
696 3131 702 3170 :
719 3132 800 3186 quarn
815 3118 967 3190 01000000-

172 3217 228 3265 tare
238 3208 336 3281 placito
351 3206 433 3263 eorde
447 3203 638 3278 dignaremini,
651 3204 761 3261 forsitan
772 3206 967 3278 cognovissetis

172 3307 199 3355 et
226 3312 273 3354 vos
301 3296 374 3369 quod
398 3295 434 3349 nil
463 3293 540 3349 vobis
568 3294 695 3350 indecens
724 3296 770 3348 aul
797 3293 967 3366 importabile

171 3387 272 3441 dictum
307 3386 411 3452 fuisset,
441 3382 590 3439 secundum
624 3383 696 3453 quod
729 3384 785 3451 jam
814 3399 857 3438 res
879 3394 967 3442 vestra

170 3473 312 3545 processit.
327 3474 406 3530 Nunc
419 3482 508 3529 autern
522 3473 580 3528 sine
603 3487 685 3529 causa
699 3474 830 3542 turbatus,
847 3474 967 3530 turbatos

171 3579 222 3620 nos
236 3572 262 3619 et
276 3562 415 3630 confusos,
427 3572 454 3618 et
473 3561 537 3635 quid
559 3561 688 3617 iaciamus
707 3562 805 3618 dubios
819 3564 967 3635 anxiosque

171 3654 278 3720 tenetis,
293 3652 416 3708 homines
432 3652 478 3724 qui
493 3650 570 3709 vobis
579 3652 650 3706 bona
664 3651 775 3722 cupiunt
790 3662 817 3708 et
831 3660 964 3724 querunt.

170 3742 248 3814 Quod
265 3752 375 3800 nonest
398 3742 481 3814 aliud,
497 3741 548 3797 uisi
581 3742 645 3814 quia
660 3742 734 3798 irans
749 3741 911 3813 iniquorum,
940 3752 967 3801 et

169 3833 317 3889 rumusculi
344 3848 437 3904 parum
469 3829 612 3888 scientium
640 3831 791 3901 hominum,
819 3832 965 3888 dicentium

169 3922 267 3978 malum
284 3923 394 3985 benum,
410 3927 437 3975 ct
463 3921 565 3977 bonum
590 3921 699 3988 malum,
721 3921 884 3978 conturbant
905 3936 963 3978 vos.

1021 3067 1064 3108 me
1080 3052 1252 3125 postmodum
1272 3050 1400 3123 poeniteat
1424 3051 1560 3122 accepisse
1578 3067 1584 3104 :
1602 3051 1651 3106 etsi
1665 3050 1703 3106 ita
1724 3057 1818 3124 petere

991 3213 995 3220 ι
1021 3142 1102 3198 modo
1116 3141 1205 3197 minus
1220 3157 1262 3197 me
1278 3140 1381 3197 deceat.
1395 3139 1464 3194 Nam
1486 3139 1509 3194 si
1531 3138 1651 3194 liberatis
1671 3155 1821 3211 pauperem

1021 3246 1038 3286 a
1074 3239 1193 3303 potente,
1230 3230 1258 3284 in
1293 3230 1346 3285 hoc
1381 3227 1459 3284 nobis
1494 3228 1607 3282 multum
1644 3229 1819 3298 praestabitis,

1022 3321 1098 3377 vobis
1119 3319 1273 3391 plurimum.
1295 3316 1353 3386 Eia,
1374 3315 1585 3372 monstravimus
1603 3315 1744 3382 allectum,
1764 3334 1820 3375 rem

1020 3406 1165 3473 vassalis,
1183 3407 1298 3462 fructum
1316 3404 1507 3477 praestolantur
1521 3403 1623 3459 aillieti.

1238 3492 1404 3549 EPlSTOLA
1424 3491 1591 3548 ccxxvttt.

1020 3598 1057 3643 10
1076 3599 1187 3642 000000
1202 3597 1414 3640 0000110000εο
1430 3597 1568 3646 1000000,
1586 3597 1818 3645 000-0000000011

1161 3669 1236 3719 onon
1255 3670 1283 3711 nr
1301 3670 1359 3710 000
1378 3656 1673 3724 000000000001993).

1055 3745 1213 3803 Reverendo
1244 3744 1315 3817 patri
1342 3756 1368 3800 ct
1393 3743 1502 3799 domino
1530 3743 1633 3808 90000,
1658 3741 1709 3797 Dei
1733 3743 1819 3818 qratia

1019 3834 1238 3892 cluniacensium
1249 3833 1347 3900 abbati,
1359 3831 1444 3887 irater
1456 3833 1625 3887 Bnnutnous
1641 3830 1817 3888 Clarae-Vallis

1019 3932 1131 3985 vocatus
1144 3925 1237 3994 abbas,
1252 3939 1281 3978 se
1296 3922 1382 3992 ipsum
1398 3923 1543 3992 quantulus
1561 3927 1610 3975 est.

168 4014 267 4069 Verum
297 4027 355 4080 uos,
385 4010 435 4066 etsi
462 4009 624 4077 conturbati,
648 4025 703 4067 non
743 4017 831 4066 tamen
854 4009 964 4067 omnino
1056 4018 1082 4069 1.
1099 4015 1173 4071 itanc
1185 4011 1274 4084 jocari
1297 4011 1382 4067 libeti
1405 4010 1555 4082 Dignanter
1571 4025 1635 4065 sane
1650 4018 1729 4082 atque
1746 4008 1817 4065 ami·

167 4101 303 4173 desperati
330 4100 364 4154 de
379 4097 479 4154 auxilio
506 4099 634 4172 Spiritus,
670 4115 751 4171 quern
766 4106 883 4156 vestrum
905 4098 965 4153 ani·
1021 4103 1143 4158 rabiliter
1158 4121 1165 4156 :
1182 4103 1228 4158 sed
1243 4100 1315 4158 sitta
1338 4099 1429 4156 luditis
1444 4105 1473 4156 ut
1495 4114 1549 4155 nan
1574 4098 1703 4155 illudatis.
1727 4098 1817 4156 Nolite

168 4206 240 4244 ntum
256 4188 399 4244 salubriter
416 4203 497 4257 super
523 4187 597 4242 malis
625 4188 765 4258 [tracteritis
797 4189 966 4246 concussisse
983 4174 1005 4251 ss
1022 4191 1113 4249 mirari
1126 4192 1187 4249 hoc.
1198 4192 1268 4247 Nam
1283 4197 1438 4262 suspectum
1452 4189 1479 4243 id
1495 4188 1560 4244 milii
1576 4188 1641 4244 facit
1655 4196 1745 4246 vestra
1760 4189 1817 4260 ipsa

168 4277 361 4348 persensimus,
377 4275 465 4329 adbuc
479 4284 617 4331 stamusct
631 4289 820 4347 exspectamus
830 4286 859 4334 ut
873 4278 967 4336 redea-

169 4365 207 4420 tis
231 4366 265 4419 ad
298 4378 355 4432 cor,
371 4370 397 4417 et
412 4362 484 4434 quod
500 4364 646 4436 prudenter
670 4366 799 4438 coepistis,
819 4368 964 4424 efficaciter

168 4454 336 4528 compleatis.
361 4454 448 4524 Hujus
468 4453 507 4510 rei
536 4455 623 4527 gratia
639 4457 761 4512 misimus
776 4459 885 4514 fratrem
900 4459 963 4514 cba-

168 4547 302 4604 rissimnm
323 4545 404 4601 nobis
419 4545 555 4601 Andream
575 4545 608 4601 de
624 4545 797 4603 baldemento
812 4550 899 4620 (599),
917 4547 964 4621 qui

169 4636 246 4693 vobis
261 4634 311 4690 ista
336 4634 443 4705 plenius
466 4634 527 4691 viva
546 4651 611 4692 voce
637 4637 765 4705 insinuet,
781 4646 808 4693 01
831 4638 962 4710 quidquid

203 4759 279 4831 (599)
294 4757 416 4816 Andreas
432 4760 481 4816 iste
494 4761 610 4817 celebris
625 4762 685 4829 luit,
703 4763 838 4833 variisque
848 4763 965 4836 negotiis

166 4832 311 4887 adhibitus
330 4832 480 4887 Subscribit
496 4833 631 4904 primariis
646 4835 743 4891 litteris
757 4835 870 4889 abbatiae
885 4835 963 4890 Cari·

166 4904 256 4975 campi
268 4904 295 4958 in
310 4904 445 4975 Spicilegii
464 4913 536 4960 tomo
554 4907 587 4962 11,
613 4923 673 4980 prag.
691 4909 756 4970 3293
772 4914 799 4960 et
817 4921 876 4960 cum
902 4907 964 4964 900-

166 4978 251 5028 nnrdo
280 4977 357 5030 testis
384 4976 497 5032 habetur
521 4980 672 5033 coricontite
700 4979 769 5033 inter
798 4977 961 5035 Ludevicnm

166 5046 305 5101 iuniorem
325 5058 351 5102 01
379 5048 530 5118 algrinum
552 5048 776 5104 Aurelianenscm
794 5049 962 5106 archidiaco-

166 5131 230 5169 nuru
248 5117 331 5173 initiae
343 5119 450 5174 Clresuii
474 5129 546 5174 touta
561 5121 605 5187 tv,
623 5137 684 5191 pag.
700 5121 803 5175 701.Ιο
820 5121 961 5177 traditione

164 5188 573 5269 0001001000101001-11000010,
589 5207 636 5262 per
655 5192 825 5247 Brrcltnrdum
840 5193 961 5247 blelden·

165 5272 226 5313 0000
243 5275 399 5330 episcopum
414 5276 484 5317 aona
502 5262 826 5318 11991001000000010010
848 5263 958 5319 Sancti-

164 5328 273 5384 liertini
288 5332 322 5384 de
349 5330 466 5403 Campis,
484 5333 637 5389 italiorum
653 5334 731 5389 ctiam
747 5350 836 5389 rerum
851 5336 959 5390 donatio

163 5414 213 5469 per
243 5400 405 5470 Stephanum
438 5404 528 5460 11οο101
555 5405 649 5471 filium,
667 5406 848 5462 «Tlreobaldo
861 5406 959 5463 comite

161 5478 312 5541 00000010,
342 5473 441 5530 domno
457 5475 566 5532 Andros
583 5477 616 5531 de
631 5477 808 5532 Brudimento
834 5477 958 5535 laudante

161 5555 196 5598 ee
209 5557 273 5616 quae
286 5542 395 5601 adeum
414 5546 594 5618 pertinebant.
610 5566 624 5598 s
645 5548 721 5603 idem
735 5547 857 5605 Andreas
870 5549 957 5607 inter·

1022 4290 1075 4338 tam
1091 4281 1179 4339 subita
1193 4287 1220 4337 et
1235 4279 1374 4351 inopinata
1397 4278 1528 4352 dignatio.
1543 4278 1604 4334 Non
1619 4278 1691 4334 enim
1706 4277 1816 4333 multum

1021 4369 1149 4443 temperis
1163 4377 1214 4438 est,
1226 4370 1297 4440 quod
1311 4367 1432 4423 scribens
1446 4366 1480 4420 ad
1494 4381 1544 4424 vos
1558 4365 1649 4421 debita
1664 4364 1819 4422 reverentia

1018 4465 1134 4514 vestram
1150 4456 1358 4528 Magnitudinem
1373 4456 1498 4525 salutavi,
1519 4465 1545 4510 et
1574 4469 1628 4511 non
1654 4453 1817 4525 respondisti

1018 4547 1083 4601 milti
1098 4548 1220 4602 verbum.
1236 4545 1293 4601 Nec
1306 4545 1390 4601 multo
1404 4553 1467 4600 ante
1481 4561 1587 4600 rursum
1603 4545 1766 4615 scripseram
1784 4541 1817 4598 ad

1017 4652 1065 4694 vos
1079 4652 1112 4692 ex
1127 4638 1194 4693 urbe
1216 4636 1311 4700 Roma,
1337 4641 1362 4690 et
1377 4650 1428 4691 000
1443 4645 1506 4691 tunc
1530 4634 1638 4706 quidem
1662 4633 1705 4689 vel
1729 4648 1817 4689 unum

1020 4763 1071 4819 luit
1086 4761 1198 4818 concilio
1212 4761 1337 4817 Troceusi
1351 4763 1513 4829 00001198,
1529 4777 1561 4815 ex
1577 4760 1689 4832 prologo
1702 4757 1816 4831 Regnlae

1018 4834 1247 4904 Templariorum.
1264 4834 1362 4890 Confer
1378 4832 1521 4904 epistolam
1537 4836 1600 4889 981.

1055 4905 1131 4979 (5911)
1151 4906 1255 4977 Scripta
1275 4906 1370 4961 eodem
1384 4919 1465 4962 anuo.

1055 4982 1125 5046 1601)
1144 4978 1294 5041 laslenum,
1311 4980 1343 5033 dc
1359 4993 1411 5047 quo
1424 4991 1515 5047 snpra.
1685 5030 1688 5037 ,

1054 5053 1129 5117 (etta)
1151 5050 1177 5103 ld
1193 5061 1233 5104 cst
1247 5049 1402 5104 monasticae
1418 5047 1561 5104 reclusioni
1576 5055 1604 5104 et
1615 5045 1766 5114 solitudini,
1782 5046 1815 5101 de

1018 5137 1071 5193 qua
1086 5121 1113 5176 in
1128 5123 1243 5191 epistola
1256 5121 1390 5193 sequenti,
1406 5136 1433 5176 n.
1450 5123 1475 5174 9.

1052 5193 1128 5266 (693)
1149 5194 1281 5249 illanricus
1291 5194 1318 5247 iu
1330 5192 1480 5248 dorsalibus
1494 5189 1526 5245 ad
1541 5205 1641 5246 annum
1657 5192 1736 5256 1195,
1752 5205 1814 5261 cap.

1017 5266 1043 5329 3,
1074 5264 1207 5320 existimat
1236 5267 1305 5321 lianc
1336 5264 1476 5334 epistolam
1500 5263 1629 5335 scriptam
1661 5278 1720 5318 esse
1742 5276 1816 5317 anno

1017 5338 1086 5391 1135
1099 5355 1106 5409 ;
1123 5335 1170 5393 sed
1185 5336 1251 5394 ordo
1262 5336 1436 5409 epistolarum
1453 5335 1648 5409 qualiscunque
1664 5349 1816 5407 repugnare

1015 5407 1130 5468 videtur.
1142 5410 1176 5465 Et
1186 5417 1259 5466 00010
1273 5410 1295 5463 01
1307 5410 1464 5465 conferatur
1473 5424 1533 5465 cum
1547 5408 1663 5477 epistola
1677 5405 1814 5476 sequenti,

1015 5493 1030 5532 a
1045 5480 1127 5536 Petro
1146 5480 1301 5535 Venerabili
1315 5479 1391 5535 istius
1405 5481 1548 5536 occasione
1561 5477 1706 5547 rescripta,
1721 5477 1815 5532 mani·

1014 5549 1112 5607 testum
1135 5548 1181 5607 fiet
1202 5551 1272 5607 banc
1297 5550 1380 5607 inisse
1399 5552 1527 5622 scriptam
1548 5559 1611 5622 post
1631 5548 1816 5622 lingonensis
