3728 5940
193 235 259 298 1071

516 340 625 399 CAPUT
643 339 695 395 lX.

654 216 683 275 S.
704 208 870 276 baadanai
887 211 1024 275 hBllll'l'lS
1041 211 1355 276 GthAE-VALLENSIS

1776 210 1836 271 tbtt

999 358 1022 436 Α
1037 345 1088 404 est,
1103 347 1215 394 evacuet
1229 335 1278 391 alti
1291 333 1522 405 dispensationem
1538 333 1675 405 mysterii,
1692 349 1731 406 qu
1759 343 1836 390 toton

194 438 461 505 comtempsisse
476 432 659 489 inmaturam
673 427 831 485 naturalius
853 427 984 481 imina·
1038 427 1072 482 ne
1086 426 1173 480 sture
1189 425 1281 481 tribuit
1296 423 1444 487 devotioni,
1464 423 1665 496 regenerationi
1683 423 1757 479 uiuit
1775 442 1783 482 :
1800 428 1836 496 qu
1863 440 1864 448 κ

262 531 346 589 tionis
365 530 484 590 ooslroe,
499 523 548 579 seul
571 524 599 577 et
612 517 788 577 liberationis
801 530 899 570 causo.

227 625 270 679 23.
286 621 421 675 Ceterum
441 613 506 684 quid
527 610 639 683 prodest
658 606 730 679 quod
755 619 804 660 nos
821 602 944 669 instituit,
960 600 985 655 si

190 706 394 767 uonreslituit‘l
414 706 469 760 Ant
491 698 612 770 nunquid
640 695 726 750 lustra
757 691 925 759 instruimur,
960 689 984 744 si

190 815 245 856 non
259 797 333 869 prins
360 795 513 850 destruatur
536 789 564 843 in
588 785 667 841 nohis
691 798 791 854 corpus
818 779 929 844 saccati,
953 784 984 833 ut

191 890 261 944 ultra
275 900 330 942 non
345 882 494 938 serviamus
509 875 644 950 peccatol
656 873 685 928 Si
700 886 780 927 omne
793 868 867 941 qaod
883 866 983 939 proluit

189 976 322 1042 Christus,
340 973 366 1026 in
381 972 437 1026 sola
460 967 511 1023 luit
525 963 681 1021 ostensione
695 961 841 1021 uirtntnm3
859 964 942 1013 restat
954 962 981 1011 ut

189 1067 303 1129 dicatur,
319 1061 390 1135 quod
403 1058 490 1113 Adam
503 1069 610 1128 quoque
625 1067 656 1107 er
672 1050 731 1106 sola
760 1046 869 1118 peceati
888 1053 981 1101 osten·

189 1156 266 1210 sione
280 1148 401 1207 nocuerit
417 1165 423 1204 :
440 1145 576 1216 siquidem
589 1155 639 1213 pro
658 1137 784 1210 qualitate
799 1134 920 1192 vulneris
940 1133 980 1188 al·

188 1243 245 1298 latu
258 1248 298 1297 est
312 1236 454 1293 medicina.
471 1230 632 1290 sicutenim
652 1231 683 1284 iu
712 1226 801 1282 ddum
814 1238 910 1280 omnes
922 1237 981 1277 ano·

188 1330 356 1388 rianturt'lu
366 1327 431 1382 elin
443 1322 552 1379 Clarislo
565 1332 659 1375 omnes
667 1311 911 1384 vivificabunturll
920 1312 981 1367 Cor.

188 1436 237 1486 xv,
254 1419 311 1487 22).
325 1417 397 1486 Ergo
408 1413 478 1466 sicut
496 1410 558 1471 boc,
574 1405 611 1460 ita
627 1413 654 1459 et
676 1402 752 1457 illud.
769 1401 798 1456 Si
821 1400 883 1464 vita,
899 1413 981 1470 quum

186 1511 233 1565 dat
247 1505 377 1569 Christus,
393 1506 502 1557 nonest
516 1496 580 1561 alia,
594 1508 678 1567 quam
687 1488 820 1545 institutio
834 1490 908 1557 ejus;
932 1501 982 1543 neo

188 1612 263 1652 mors
281 1594 383 1665 utique,
400 1604 480 1660 quam
499 1584 573 1641 dedit
585 1584 683 1647 Adam,
699 1579 751 1634 alia
779 1578 830 1633 erit
858 1574 981 1631 similiter

187 1701 267 1758 quam
284 1680 417 1738 institutio
435 1678 496 1746 ejus
514 1680 562 1732 :nt
590 1671 635 1725 ille
650 1668 757 1740 quidem
781 1667 816 1720 ad
844 1672 978 1735 peccatum

186 1774 309 1844 exemplo
323 1785 384 1839 suo,
400 1769 443 1822 hic
456 1780 520 1821 uero
534 1760 656 1829 exemplo
666 1765 691 1813 et
707 1757 789 1813 verbo
809 1756 842 1810 ad
857 1754 924 1810 bene
939 1753 979 1807 ri-

185 1864 312 1925 rendnm,
329 1868 355 1914 et
368 1875 397 1912 se
410 1853 578 1927 diligendum
592 1848 715 1905 homines
726 1845 912 1899 informarent.
925 1843 979 1898 Aut

190 1948 389 2007 sicharistianru
404 1943 475 2008 fidei,
490 1952 518 1997 et
531 1956 585 1995 non
599 1936 696 1993 luroresi
709 1934 860 2006 pelagiane
874 1931 980 2002 acquie-

189 2046 305 2101 scenas,
331 2032 513 2109 generatione,
528 2044 583 2084 non
607 2024 774 2080 institutione
787 2022 937 2078 traductum
951 2021 978 2074 in

189 2143 239 2186 nos
272 2123 431 2182 confitemur
454 2120 519 2173 Adae
544 2122 692 2189 peccatum,
708 2120 737 2168 et
761 2126 810 2181 per
839 2119 978 2180 peccatum

188 2225 318 2284 mortom;
337 2214 472 2268 fateamur
486 2220 611 2262 necessse
625 2211 675 2270 est,
692 2208 749 2255 ota
767 2198 872 2255 Christo
887 2197 976 2263 nohis,

185 2322 240 2362 non
254 2302 430 2367 institutione,
447 2298 492 2353 sed
517 2291 720 2367 regeneratione
749 2288 903 2343 restitutam
934 2287 978 2356 ju-

183 2395 295 2458 stitiam,
314 2400 341 2447 et
352 2406 404 2461 per
416 2386 547 2457 justitiam
560 2384 642 2439 vitam
659 2397 666 2433 :
682 2383 716 2435 ol
728 2380 803 2435 sicul
816 2393 868 2449 per
892 2378 978 2431 unitas

182 2484 320 2540 delictum
329 2483 361 2536 t'rt
375 2493 471 2535 omrtes
485 2474 611 2530 homiues
620 2472 652 2525 ire
665 2468 926 2526 cotrdemnoliorrem
937 2466 978 2519 sic

183 2578 212 2628 el
225 2586 276 2646 per
292 2571 381 2627 unius
389 2566 541 2640 justiliam
555 2563 588 2616 in
601 2574 695 2619 omnes
701 2557 824 2614 homines
834 2555 978 2624 injustifi-

182 2664 325 2718 cationem
335 2660 401 2714 otte
415 2657 505 2727 (limo.
516 2669 545 2722 v,
562 2654 620 2719 lb).
639 2648 672 2702 Et
691 2647 714 2700 si
723 2646 759 2701 ita
774 2653 825 2714 ost,
840 2643 978 2715 quomodo

183 2749 289 2819 isdicit‚
307 2769 317 2797 ι
346 2743 488 2803 consilinm
502 2748 529 2796 et
543 2753 651 2796 eausam
667 2732 855 2791 incarnationis
881 2731 973 2797 luisse,

184 2846 214 2893 nt
242 2835 374 2892 mundum
406 2834 466 2887 luce
493 2845 549 2884 suae
577 2824 716 2896 sapientiae
748 2821 920 2884 illuminaret,
949 2827 975 2874 et

1039 524 1138 570 nostrae
1158 514 1271 587 gloriam
1296 512 1497 586 redemptionis,
1517 521 1544 568 et
1567 527 1705 568 summam
1735 512 1835 571 salutis.

1038 617 1092 658 non
1111 603 1139 658 in
1154 603 1252 659 virtute
1270 603 1367 669 crucis,
1382 617 1438 657 non
1452 601 1479 657 in
1494 600 1583 671 pretio
1610 601 1770 675 sanguinis,
1796 603 1835 658 sed

1042 690 1183 748 innostra
1202 690 1343 748 constituit
1352 689 1565 748 conuersationis
1579 689 1764 762 profectibus.
1780 692 1837 746 blibi

1038 787 1128 836 autem
1144 780 1215 835 absit
1242 779 1365 852 gloriari,
1380 779 1432 835 nisi
1458 779 1486 834 ia
1513 794 1595 836 cruce
1622 779 1739 836 Domini
1758 782 1837 836 nostri

1036 868 1100 924 lesu
1116 868 1215 924 Christi
1227 868 1335 940 (Galat,
1351 883 1390 938 ut,
1407 868 1464 938 ll),
1480 867 1571 939 inqua
1584 875 1626 924 est
1640 869 1728 939 salus,
1747 869 1804 927 rita
1816 880 1838 925 et

1037 957 1199 1013 resurrectio
1211 964 1317 1013 nostra.

1073 1049 1117 1102 ab.
1143 1046 1176 1102 Et
1199 1046 1308 1118 quidem
1335 1044 1388 1102 tria
1410 1045 1534 1118 quadam
1569 1047 1709 1119 praecipua
1738 1048 1769 1105 in
1796 1051 1837 1105 hos

1037 1148 1122 1207 opere
1137 1143 1236 1190 nostrae
1262 1134 1357 1191 salutis
1371 1136 1478 1190 intueor
1494 1151 1501 1188 :
1521 1133 1637 1190 lormam
1665 1136 1835 1197 humilitatis

1036 1222 1064 1277 iu
1079 1239 1131 1295 qua
1144 1225 1219 1280 Deus
1233 1223 1409 1294 semetipsum
1419 1222 1585 1293 exinanivit3
1602 1225 1750 1282 charitatis
1765 1244 1836 1283 men·

1038 1326 1138 1379 suram,
1155 1327 1237 1385 quam
1250 1327 1335 1384 usque
1348 1315 1382 1367 ad
1409 1320 1535 1380 mortem,
1558 1321 1586 1369 et
1614 1321 1735 1371 mortem
1756 1319 1836 1373 erneis

1037 1401 1171 1471 extendit;
1200 1400 1394 1473 redemptionis
1422 1410 1632 1469 sacramentum,
1668 1420 1726 1476 quo
1755 1405 1834 1477 ipsam

1036 1497 1162 1554 mortem,
1186 1506 1266 1562 quam
1282 1489 1400 1559 pertulit,
1418 1490 1536 1546 sustulit.
1552 1491 1655 1549 llorum
1670 1493 1729 1549 dno
1748 1497 1833 1567 priora

1035 1579 1093 1634 aine
1108 1578 1202 1634 nltimo
1216 1579 1256 1636 sic
1268 1577 1352 1635 651
1367 1589 1437 1647 sunt,
1448 1594 1480 1634 ac
1495 1581 1517 1634 si
1532 1596 1616 1653 super
1628 1580 1713 1637 inane
1727 1583 1830 1656 pingas.

997 1639 1019 1718 Β
1035 1667 1163 1740 blaganm
1178 1666 1298 1738 proiecto
1312 1676 1339 1723 et
1362 1667 1443 1725 ualde
1462 1670 1645 1726 necessarium
1661 1672 1829 1736 humilitatis,

1035 1771 1161 1830 magnam
1175 1765 1203 1813 et
1216 1755 1291 1813 omni
1304 1756 1583 1830 acceptionedignum
1597 1759 1739 1816 charitatis
1748 1776 1830 1819 exem

1034 1844 1133 1915 plum:
1155 1845 1203 1900 sed
1221 1859 1276 1900 non
1300 1844 1398 1901 habeat
1424 1844 1637 1915 laudamentum,
1666 1863 1700 1904 ac
1718 1850 1830 1922 proinde

1036 1949 1086 1989 nec
1102 1944 1212 2000 statum,
1233 1934 1257 1988 ai
1285 1934 1355 1990 desit
1371 1934 1535 2006 redemptio.
1549 1935 1616 1992 Volo
1640 1937 1704 1994 totis
1729 1939 1830 1995 nisibus

1036 2023 1163 2078 humilem
1178 2023 1254 2096 sequi
1271 2024 1364 2078 lesam
1376 2041 1383 2088 ;
1397 2023 1477 2095 cupio
1492 2039 1555 2080 eum
1569 2025 1720 2096 quidilexit
1734 2044 1792 2096 me,
1807 2036 1829 2085 ct

1035 2111 1149 2167 tradidit
1169 2111 1346 2182 semetipsum
1370 2126 1420 2183 pro
1438 2127 1491 2181 me,
1521 2113 1681 2185 thuusdam
1714 2116 1831 2174 brachiis

1034 2200 1142 2257 vicaria
1157 2199 1308 2257 dilectionis
1321 2199 1447 2271 amplecti
1464 2214 1472 2256 τ
1491 2204 1539 2258 sed
1549 2210 1657 2273 oportet
1670 2220 1715 2260 me
1729 2212 1759 2260 et
1774 2207 1828 2279 bg·

1036 2305 1100 2344 num
1129 2291 1295 2345 manducare
1318 2289 1483 2361 paschalem.
1513 2291 1570 2346 Nisi
1584 2292 1655 2348 euim
1684 2296 1829 2351 manduea-

1037 2392 1101 2434 rero
1115 2394 1224 2434 carnem
1239 2379 1312 2447 eius,
1328 2386 1354 2434 et
1368 2379 1465 2436 bibero
1486 2380 1547 2448 ejus
1572 2381 1749 2452 sanguinem,
1780 2397 1832 2438 non

1034 2468 1142 2523 habebo
1155 2467 1238 2524 uitam
1261 2467 1287 2521 in
1311 2468 1481 2539 memetipso.
1507 2466 1587 2524 abun
1614 2470 1692 2541 sequi
1720 2472 1831 2539 lesura,

1033 2556 1106 2611 alind
1121 2563 1221 2622 tenere,
1238 2556 1312 2611 aliud
1332 2556 1502 2613 manducare.
1519 2557 1608 2631 Sequi,
1633 2558 1744 2614 salubre
1759 2574 1833 2615 con·

1034 2645 1141 2715 silium;
1157 2653 1250 2701 tenem
1264 2653 1291 2701 et
1305 2645 1443 2718 amplecti,
1459 2644 1577 2703 solemne
1591 2646 1721 2719 gandium
1743 2663 1834 2713 ;man·

1034 2733 1214 2801 deaurantur
1233 2734 1323 2791 beata.
1343 2736 1412 2792 Caro
1431 2734 1502 2791 enim
1516 2735 1578 2805 ejus
1596 2750 1663 2792 uere
1683 2743 1727 2790 est
1740 2736 1829 2802 cibus,

1028 2831 1057 2878 et
1072 2822 1254 2895 sanguisejus
1269 2838 1333 2880 uere
1352 2831 1394 2879 est
1409 2833 1501 2894 potus.
1522 2823 1602 2879 Panis
1616 2832 1657 2881 est
1670 2824 1721 2879 Dei
1736 2826 1785 2896 qni
1798 2826 1829 2880 de

184 2928 218 2983 ad
233 2940 353 2982 amorem
369 2937 447 2978 suum
457 2916 628 2975 accenderet.
645 2911 721 2970 »noi
731 2925 797 2982 ergo
807 2909 975 2978 redemptio?
990 2922 1013 3001 g
1030 2913 1100 2968 coelo
1120 2913 1269 2978 descendit,
1284 2921 1311 2968 et
1321 2913 1369 2969 dat
1383 2911 1468 2968 uitam
1492 2913 1592 2970 mundo
1619 2913 1713 2983 (loun.
1730 2928 1769 2981 m,
1784 2915 1825 2975 bb.

181 3020 206 3075 Α
220 3015 326 3072 Christo
340 3026 437 3082 nempe
451 3018 482 3065 ut
500 3005 576 3062 lateri
590 3004 729 3074 dignatur,
758 2997 919 3056 illuminatio
947 3003 974 3051 et

180 3103 337 3179 provocatio
350 3102 383 3157 ad
412 3113 554 3155 amorem:
585 3090 735 3162 redemptio
762 3096 788 3144 et
823 3086 975 3143 liberatica

177 3211 243 3267 qno¹

215 3287 259 3339 ab.
278 3283 344 3336 Esto
358 3279 428 3349 quod
451 3275 549 3331 Christi
579 3276 709 3329 adventus
732 3269 786 3323 illis
821 3267 916 3340 prosit,
927 3265 974 3338 qui

182 3388 212 3427 se
226 3371 265 3425 illi
286 3376 398 3440 possunt
418 3365 587 3421 conformare
611 3376 660 3432 per
686 3359 781 3423 uitam,
810 3364 836 3413 et
849 3357 935 3411 vicem
949 3355 974 3409 ei

179 3458 333 3515 dilectionis
349 3454 498 3525 rependere
514 3470 520 3506 :
537 3450 603 3522 quid
613 3450 646 3503 de
659 3447 801 3518 parvulis?
829 3460 910 3519 quarn
931 3445 975 3499 da-

179 3548 221 3604 bit
239 3546 327 3602 lucem
359 3541 499 3614 sapientire
531 3540 574 3596 vix
597 3538 687 3593 adhue
702 3534 871 3607 captantibus
887 3533 974 3590 lucem

177 3635 263 3694 riraet
278 3633 350 3689 ande
380 3631 508 3687 accendet
522 3627 572 3701 [ul.
588 3624 742 3696 ascendunt]
771 3623 805 3677 ad
829 3623 877 3679 Dei
897 3638 973 3677 amo-

179 3741 245 3791 rem,
262 3723 309 3794 qui
333 3722 450 3777 necdum
482 3728 583 3773 matres
613 3730 678 3769 suas
704 3728 795 3769 amare
818 3711 974 3767 noverunt?

178 3814 285 3869 Nihilne
298 3810 420 3883 proderit
432 3808 472 3864 eis
494 3807 623 3861 adventus
647 3803 767 3858 curisti?
804 3800 870 3855 nihil
901 3799 975 3872 quod

1030 3000 1086 3072 3³).
1102 2998 1169 3069 Quis
1183 3008 1267 3056 status
1278 3001 1388 3074 madio,
1404 3001 1463 3057 siue
1475 3001 1599 3069 consilio,
1615 3001 1721 3072 absque
1746 3002 1825 3056 rita?

1029 3088 1132 3160 Nempe
1147 3088 1220 3144 hand
1246 3089 1317 3146 alins
1348 3105 1429 3160 quam
1457 3089 1568 3160 picturae
1596 3090 1698 3161 absque
1728 3089 1824 3146 solido.

1028 3178 1101 3250 Ergo
1114 3177 1332 3234 uechumilitatis
1350 3177 1484 3249 exempla,
1513 3194 1563 3235 nec
1590 3177 1731 3234 charitatis
1758 3177 1822 3235 iusi·

1029 3267 1101 3340 gaia,
1118 3274 1219 3339 preter
1243 3266 1434 3338 redemptionis
1453 3276 1663 3340 sacramentum,
1687 3274 1753 3324 sunt
1778 3265 1823 3322 ali-

1029 3355 1106 3428 quid.

1063 3445 1107 3498 ab.
1136 3443 1208 3511 llaeo,
1235 3444 1358 3510 Domine,
1392 3445 1481 3512 Pater,
1510 3445 1544 3500 de
1578 3445 1674 3502 labore
1699 3459 1825 3501 mmunm

1028 3532 1105 3605 pueri
1128 3533 1211 3588 uestri
1227 3533 1427 3606 qualiacunque
1448 3534 1555 3602 mactis,
1584 3535 1717 3590 adversus
1746 3549 1825 3605 pauca

1028 3620 1141 3694 quidem
1154 3638 1234 3680 novar
1253 3624 1389 3679 hereseos
1403 3621 1528 3696 capitula:
1544 3622 1590 3678 nbi
1608 3620 1661 3678 etsi
1675 3638 1734 3678 non
1758 3621 1824 3677 aliud

1028 3726 1109 3783 quam
1132 3711 1219 3767 zelum
1234 3711 1380 3783 agnoscitis
1394 3726 1496 3779 meum,
1512 3718 1602 3766 tamen
1624 3710 1748 3783 propriae
1762 3711 1824 3767 inte·

1031 3799 1083 3854 rim
1098 3801 1274 3857 conscientiae
1293 3801 1421 3857 satisleci.
1436 3801 1504 3855 Nam
1519 3814 1580 3855 cum
1598 3813 1654 3856 non
1668 3807 1748 3858 esset
1760 3799 1826 3874 quod

178 3900 353 3974 complantati
375 3907 439 3953 sunt
454 3893 623 3951 similitudini
657 3889 752 3946 mortis
767 3890 828 3958 eius
850 3904 898 3958 per
926 3888 976 3941 ba·
1028 3902 1137 3961 merem
1152 3887 1753 3960 proinjurialideiquamdolebam3opem
1766 3889 1826 3944 mint

181 3992 320 4064 ptisanam,
350 3988 478 4059 quoniam
510 3982 633 4038 nondum
661 3989 784 4050 possunt,
816 3977 976 4049 prohibente
1031 3976 1148 4047 pretium
1163 3977 1290 4047 arbitror,
1304 3979 1327 4033 si
1340 3977 1417 4033 illum
1431 3976 1535 4045 monui,
1547 3976 1625 4046 cujus
1640 3992 1721 4033 arma
1735 3987 1828 4052 poten·

180 4087 266 4147 aetam,
305 4076 443 4134 Christum
484 4087 578 4143 sapere
598 4078 643 4125 aut
679 4068 790 4124 amare‘l
814 4064 974 4135 Redemptio
1032 4064 1069 4121 tia
1083 4080 1101 4120 a
1115 4065 1174 4122 Deo
1201 4067 1234 4121 ap
1258 4066 1468 4124 destructionem
1485 4064 1681 4122 mmmmm
1702 4068 1829 4124 asmo,

180 4170 281 4241 itaque.
298 4167 371 4233 nait,
391 4186 403 4216 ι
420 4170 511 4218 nostra
530 4166 581 4230 est,
595 4159 638 4213 ills
650 4171 755 4211 summa
769 4155 797 4208 in
825 4154 904 4210 nobis
927 4169 975 4226 per
1030 4170 1104 4220 aum,
1119 4155 1153 4209 ad
1180 4155 1372 4212 destruendam
1387 4170 1496 4212 omnem
1511 4153 1682 4211 altitudinem
1697 4156 1831 4213 extollen-

180 4255 279 4313 Christi
294 4253 450 4327 passionem
465 4249 582 4304 dilectio.
598 4269 612 4297 ι
634 4246 704 4319 Ergo
728 4244 832 4314 parvuli
859 4258 913 4297 non
928 4207 1013 4296 han
1033 4250 1088 4298 gem
1110 4258 1140 4298 ge
1158 4243 1288 4302 adversus
1305 4245 1444 4301 scientiam
1466 4242 1527 4313 Dei,
1543 4249 1571 4299 et
1599 4243 1629 4297 in
1645 4245 1833 4316 “pavium

178 4347 245 4402 bont
260 4341 484 4412 redemptionom,
500 4337 565 4409 qnia
577 4351 630 4392 non
641 4336 738 4390 babent
753 4347 888 4388 stammam
902 4331 976 4385 illam
1035 4330 1213 4401 redigendum
1225 4347 1332 4389 omnem
1349 4333 1515 4390 intellectum
1528 4331 1554 4387 in
1572 4331 1739 4404 obsequium
1754 4333 1833 4390 chri.

183 4433 362 4492 dilectionem.
379 4421 909 4491 Aasicutnonbahentunrlcdiligant,
940 4420 975 4474 ita
1030 4418 1076 4474 sti.
1095 4419 1206 4475 Suntot
1223 4419 1319 4477 aliain
1345 4421 1407 4476 aliis
1432 4423 1492 4492 ejus
1513 4420 1619 4491 seriptis
1647 4435 1707 4477 non
1736 4437 1832 4494 pauca,

182 4540 232 4580 nec
251 4521 323 4577 unde
338 4526 458 4590 pereant,
473 4523 501 4571 ut
516 4530 571 4570 non
586 4513 621 4568 sit
630 4512 669 4568 eis
683 4511 710 4566 in
725 4510 832 4567 Christo
845 4523 976 4564 necessa·
1029 4523 1078 4599 nec
1095 4508 1185 4563 minus
1200 4509 1271 4565 mala
1287 4509 1412 4583 capitula,
1431 4512 1463 4564 ad
1489 4524 1549 4582 quae
1563 4523 1614 4566 nec
1631 4513 1834 4581 temporis&

182 4617 221 4668 ria
237 4608 418 4682 regeneratio,
435 4614 527 4676 utpote
543 4603 640 4676 quibus
663 4599 802 4674 generatio
826 4614 858 4654 ex
887 4597 976 4652 hdam
999 4605 1004 4616 ·
1029 4595 1287 4671 epistolaeangnstia
1312 4599 1478 4671 respondere
1507 4599 1646 4670 permittit,
1668 4597 1833 4674 Quanqum

194 4697 413 4757 nihilnoencuitl
433 4695 462 4750 Si
482 4691 626 4762 bosseriis,
643 4705 705 4745 cum
733 4685 840 4758 Pelagio
868 4685 976 4757 desipit.
1031 4699 1083 4741 nec
1102 4689 1287 4744 necessarium
1303 4697 1404 4759 putem,
1427 4703 1489 4745 oum
1513 4687 1567 4743 einr
1584 4687 1653 4743 adeo
1674 4689 1832 4747 munem

187 4788 323 4861 Quidquid
351 4787 448 4842 horum
467 4782 573 4847 sentiat,
603 4785 675 4850 pretet
703 4783 834 4848 quamam
855 4775 979 4830 humanae
1032 4775 1130 4845 utipsa
1151 4776 1233 4831 etiam
1256 4776 1364 4849 vulgata
1387 4775 1440 4833 fide
1455 4776 1534 4832 lacile
1547 4775 1717 4834 refelluntur.
1734 4776 1832 4852 collegi

192 4884 360 4937 sacramento
372 4875 466 4930 salutis
481 4872 615 4940 inrideat3
631 4875 772 4941 qnantum,
789 4864 860 4938 quod
877 4865 905 4919 in
920 4865 979 4936 ipso
1033 4869 1125 4920 tamen
1139 4865 1239 4937 aliqua,
1249 4875 1275 4924 et
1288 4867 1437 4922 transmisi,

856 5096 1222 5141 *Q
