3728 5940
144 191 199 252 llb
614 189 642 248 S.
661 189 828 251 Buauauul
846 190 982 252 tuctus
999 193 1315 254 uttam-vauterius
1747 197 1802 257 ffb

146 323 193 382 ubi
206 329 247 380 est
270 321 343 396 quod
362 319 483 377 Salvator
507 318 558 374 hoc
580 318 674 374 morbo
697 317 786 374 adhuc
810 318 941 375 laboran-
958 334 982 414 fl
998 321 1086 378 redire
1100 319 1241 388 voluerint,
1261 318 1331 373 firmi
1352 319 1470 389 pectoris
1496 320 1673 378 redeuntibus
1696 323 1801 380 ostiurn

144 414 218 472 tibus
231 411 367 482 discipulis
382 410 429 476 ait¹
450 408 577 465 Videbam
592 409 731 464 Saturam
745 409 828 479 quasi
841 410 942 480 sulpur
998 409 1102 477 claude,
1119 417 1146 464 et
1166 407 1384 465 cohabitatricem
1408 409 1601 481 sempiternam
1616 411 1679 466 totis
1695 421 1800 470 sanctae

146 502 257 560 decoelo
268 497 432 556 cadentem?
447 498 524 566 (Luc.
536 513 567 560 x,
582 496 636 567 ts).
648 496 698 551 Ubi
715 505 757 552 est
776 497 858 568 quod,
876 498 945 553 facta
997 499 1094 553 animae
1115 508 1166 553 tuae
1181 497 1351 567 amplexibus
1373 497 1468 554 retine.
1494 497 1649 555 sublevabit
1664 507 1690 555 te
1704 501 1799 555 chari·

145 587 209 642 huic
221 582 302 641 simili
317 580 490 636 contentione
513 580 582 635 inter
605 596 654 635 eos
675 582 735 653 quis
757 597 852 636 eorum
867 581 943 638 vide·
998 596 1038 643 tas
1052 588 1112 658 ipsa
1140 586 1253 641 firmiter
1282 594 1384 642 retenta
1408 586 1442 640 ad
1467 602 1549 659 regna
1569 588 1712 653 ciclorum,
1737 607 1799 661 quae

146 682 221 731 retur
233 687 293 727 esse
308 672 405 740 major,
418 670 480 723 alibi
496 669 578 726 dicit:
597 672 945 729 Voaoatemrxccsic:sed
998 676 1078 730 nimia
1106 691 1138 731 ac
1157 675 1229 730 dulci
1253 674 1278 730 ri
1299 691 1348 729 sua
1376 674 1516 730 inclinavit
1540 692 1626 748 usque
1649 678 1683 732 ad
1713 688 1800 734 terras

145 765 193 836 qai
206 762 298 832 major
308 763 350 817 est
364 762 396 814 irt
406 758 489 824 uobis,
498 760 551 828 fiat
561 761 634 815 sicut
645 760 760 829 jucium
771 765 798 815 et
809 763 859 834 qai
872 778 945 832 prce·
997 763 1098 837 Regem
1114 762 1256 817 coelorum.
1281 760 1382 815 Fidelis
1398 763 1460 817 inde
1475 763 1551 817 testis
1570 770 1611 818 est
1632 764 1796 837 Apostolus,

145 866 237 910 caesor
251 852 303 918 eat,
320 851 397 905 sicut
419 848 713 915 mirtistrator?(Lac.
729 864 804 914 xxu,
819 851 878 920 26.)
894 850 944 906 Ubi
998 851 1090 906 dicens
1120 852 1193 923 quod
1222 859 1330 923 propter
1365 849 1476 904 nimiam
1512 852 1668 908 charitatem
1696 853 1796 908 Filium

146 941 210 996 latet
224 938 413 994 absconditum
427 937 462 990 ab
476 936 562 992 ocnhs
573 935 721 1006 memoriae,
735 937 807 1007 quod
822 938 944 994 excelsus
998 960 1075 1000 suum
1091 942 1195 999 miserit
1210 942 1282 997 Deus
1298 941 1323 995 in
1340 941 1541 997 similitudinem
1568 943 1657 998 carnis
1679 944 1796 1016 peccati,

145 1029 191 1085 ille
205 1035 231 1085 et
244 1043 369 1101 magnus,
379 1026 467 1095 cujuS,
479 1026 554 1095 jurata
569 1025 715 1091 Psafmum,
732 1028 944 1098 magnitudinis
999 1032 1088 1099 (Rom.
1106 1046 1168 1097 rut,
1185 1031 1222 1098 3),
1238 1027 1378 1084 Gaudebis
1388 1028 1543 1099 perenniter
1556 1044 1646 1085 coram
1662 1030 1720 1087 Deo
1733 1032 1797 1086 cha·

146 1134 205 1175 noa
228 1121 270 1173 cst
292 1117 359 1186 fiais
383 1114 679 1184 (Paul.cxu1v‚3);el
702 1115 757 1185 qui,
772 1117 850 1184 juxta
868 1115 944 1186 apo·
997 1120 1085 1188 ritate,
1101 1128 1128 1174 et
1142 1118 1272 1189 gaudium
1292 1123 1376 1182 tuum,
1397 1116 1540 1189 sicutipse
1565 1118 1699 1189 promisit,
1715 1134 1797 1176 nemo

145 1207 255 1273 stolum,
266 1209 308 1262 est
322 1220 407 1275 super
421 1206 518 1260 ama-in
531 1207 605 1260 Dens
619 1205 781 1262 benedictas
796 1209 827 1261 in
839 1210 945 1264 carulo
998 1209 1092 1262 tulleta
1104 1216 1129 1262 te
1141 1207 1236 1274 (doen.
1245 1222 1305 1272 xvr,
1317 1205 1372 1276 22).
1383 1204 1466 1262 295
1477 1207 1585 1278 quaudo
1596 1208 1727 1263 eritDeus
1737 1226 1793 1266 oru-

146 1298 236 1368 (ftom.
251 1310 292 1365 rx,
309 1298 347 1366 ὅ),
365 1293 450 1350 servis
464 1294 521 1349 suis
539 1309 592 1350 non
608 1310 637 1350 se
656 1295 802 1365 praeferens
816 1296 859 1352 vel
878 1312 943 1352 con·
997 1297 1041 1352 nia
1055 1297 1082 1350 ia
1097 1296 1233 1360 omnibus,
1249 1295 1357 1367 quando
1372 1295 1537 1351 satiaberisa
1548 1296 1697 1369 longinqua
1706 1301 1797 1354 esurie

147 1384 245 1450 ferens,
258 1384 305 1439 sed
321 1382 490 1449 submittens,
503 1383 623 1453 sequitur
636 1392 663 1438 et
677 1383 761 1439 dicit:
778 1388 831 1456 Epo
847 1391 946 1442 nutem
998 1393 1052 1451 tua,
1081 1401 1143 1440 cum
1170 1382 1312 1438 manifesta
1340 1382 1421 1438 fuerit
1452 1383 1539 1453 gloria
1569 1384 1648 1456 ejus3
1675 1386 1796 1455 qrrando,

146 1473 942 1544 inmcdtovestrumsarratamquatratatstrct(cncxxu,
998 1489 1058 1529 cum
1082 1471 1247 1545 apparuerit,
1264 1471 1360 1526 similis
1382 1471 1407 1526 ei
1430 1472 1502 1542 eris;
1518 1479 1556 1537 et,
1580 1488 1629 1543 per
1647 1475 1716 1529 hanc
1731 1476 1795 1531 cha·

146 1564 203 1630 27.)
213 1560 362 1629 Corripitur
372 1559 520 1629 apostolus,
535 1575 568 1613 ne
583 1575 612 1613 se
627 1560 754 1630 prat'erax
768 1563 889 1631 apostolo
900 1580 906 1618 :
918 1571 943 1618 et
998 1563 1105 1618 ritatem
1119 1563 1144 1616 ci
1161 1560 1326 1633 sempiterne
1341 1559 1443 1627 unitus,
1456 1558 1562 1615 videbis
1574 1577 1634 1616 cum
1650 1562 1729 1618 sicuti
1745 1573 1797 1620 est.

146 1664 200 1706 noa
213 1648 373 1718 corripietur
388 1647 545 1712 monachus,
562 1664 595 1702 nc
610 1664 638 1702 so
653 1649 777 1719 preferat
793 1651 941 1707 monachol
1034 1655 1078 1706 30.
1107 1653 1164 1705 Jam
1202 1649 1309 1705 tandem
1336 1650 1369 1704 ad
1399 1665 1459 1719 vos,
1486 1650 1523 1705 mi
1553 1650 1719 1721 charissima,
1751 1653 1798 1708 cui

148 1740 313 1810 Suppouitur
338 1753 352 1790 a
385 1737 491 1792 Christo
522 1738 651 1811 magistro
682 1739 780 1795 minori
811 1741 944 1812 discipulo
997 1755 1118 1812 praesens
1141 1739 1256 1808 epistola
1280 1737 1402 1804 mittitur,
1419 1737 1495 1795 stilus
1510 1744 1797 1812 recurrat:utaquo

147 1828 244 1898 maior,
258 1825 379 1881 inferiori
402 1826 524 1897 superior
549 1846 555 1882 :
580 1835 607 1883 et
632 1844 714 1901 super
738 1829 943 1886 Cistereiensem
998 1830 1113 1900 sumpsit
1134 1828 1253 1896 initium,
1268 1828 1294 1882 in
1319 1827 1377 1899 ipso
1407 1843 1483 1883 suam
1509 1826 1631 1884 fortassis
1659 1827 1795 1898 importu-

146 1914 512 1988 egoCluaiacensiselerari
531 1917 662 1974 conabor!
680 1917 820 1975 Submittit
839 1935 868 1974 sc
888 1921 944 1976 suis
997 1935 1057 1974 nam
1081 1917 1259 1988 prolixitatem
1288 1916 1374 1970 finiat.
1405 1917 1492 1972 Causa
1523 1916 1587 1970 mihi
1603 1915 1749 1988 scribendi,
1766 1928 1795 1973 ut

145 2003 284 2075 discipulis
307 2003 366 2075 ipse
391 2004 514 2060 Christus
540 2022 546 2060 :
571 2013 598 2061 ct
622 2022 704 2077 super
727 2006 847 2073 fratrem,
864 2009 945 2082 longe
998 2006 1124 2076 superius
1140 2005 1361 2076 professussum,
1378 2015 1447 2061 teste
1466 2005 1642 2073 conscicntia,
1658 2006 1797 2063 solarere

146 2093 257 2149 forsitan
279 2092 434 2159 meliorem,
453 2101 601 2149 tumentem
621 2095 747 2166 superbia
768 2096 865 2152 levabit
884 2113 945 2152 cer·
997 2095 1115 2152 charitas
1133 2094 1183 2150 fuit
1208 2115 1215 2149 ι
1236 2101 1273 2162 ut,
1290 2102 1419 2167 quantum
1442 2094 1475 2148 ad
1498 2103 1645 2166 utrumque
1672 2105 1796 2153 nostrum

144 2182 231 2238 vicem
246 2182 457 2248 christianus,et
471 2183 746 2254 monachus‘lDejicit
762 2200 790 2239 se
804 2186 942 2256 majestas,
998 2184 1102 2249 attinet,
1132 2183 1195 2237 flatu
1219 2182 1406 2238 collocutionis
1433 2198 1490 2237 eam
1514 2181 1687 2249 recalescere,
1714 2194 1743 2240 et
1768 2184 1796 2239 in

145 2270 632 2341 etjactatseintirmitaslllumiliat
653 2273 943 2350 secelsitudo,extol·
997 2272 1083 2330 mutui
1101 2271 1213 2326 affectus
1239 2269 1332 2328 solitas
1361 2272 1402 2326 rel
1427 2273 1542 2341 majores
1560 2270 1684 2326 flammas
1701 2287 1791 2327 crum·

145 2361 209 2416 litur
237 2361 371 2433 panedot
401 2361 490 2416 Servit
522 2362 604 2431 Deus,
634 2372 661 2417 et
688 2364 821 2434 imperare
853 2365 943 2421 nititur
997 2375 1210 2434 perecogerem.
1231 2361 1325 2416 Restat
1350 2366 1379 2415 ut
1406 2375 1465 2425 vos,
1493 2374 1572 2430 quem
1601 2360 1712 2415 lacteam
1743 2360 1798 2417 for·

145 2448 249 2506 limus?
277 2451 311 2505 Et
343 2450 477 2520 quomoda
507 2450 638 2516 cecidisti,
669 2451 761 2520 frater,
798 2453 829 2508 de
858 2455 944 2526 gradu
997 2458 1106 2520 temque
1130 2447 1352 2517 columnam,cui
1382 2447 1504 2503 innititur
1529 2449 1668 2504 monastici
1687 2449 1796 2506 Ordinis

146 2539 259 2612 tregua
279 2547 342 2602 tuae,
356 2554 411 2610 quo
435 2547 462 2593 te
483 2540 674 2596 conscendisse
698 2542 869 2615 gloriabaris,
888 2555 945 2600 cut
997 2538 1150 2603 aedifrcium,
1173 2554 1277 2592 summa
1294 2537 1463 2606 procidentia
1479 2537 1651 2608 praeparavit,
1675 2547 1701 2594 et
1722 2540 1795 2595 velut

109 2669 113 2672 -
147 2629 296 2684 monachus
319 2628 444 2682 omnibus
467 2644 495 2683 se
518 2628 670 2685 inferiorem
692 2638 718 2685 ct
740 2631 862 2687 viliorem
889 2649 943 2689 non
998 2629 1106 2685 rutilum
1123 2628 1200 2683 sidus
1215 2627 1337 2698 exemplo
1351 2626 1491 2699 verboque
1511 2642 1564 2683 non
1583 2627 1673 2683 solum
1698 2643 1793 2683 monar-

146 2717 235 2770 solum
258 2731 308 2770 sua
326 2715 419 2788 lingna
436 2716 605 2787 pronuntiat,
621 2719 668 2773 sed
693 2727 720 2773 et
742 2718 836 2774 intimo
855 2721 944 2776 cordis
996 2719 1130 2787 chis,sed
1158 2725 1185 2774 et
1213 2717 1262 2772 toti
1282 2717 1372 2772 latinae
1400 2715 1527 2773 Ecclesiae
1555 2726 1648 2773 nostro
1672 2725 1790 2790 tempore

147 2804 239 2860 credat
254 2801 369 2859 affectui
385 2806 486 2874 athap.
497 2805 525 2860 S.
544 2806 694 2872 Benedicti,
708 2823 768 2878 cap.
779 2810 820 2878 7.)
831 2809 864 2863 Et
876 2809 942 2881 quid
997 2806 1142 2879 insigniter
1158 2807 1243 2863 lucem
1257 2805 1369 2861 donarit
1384 2824 1391 2862 ι
1408 2814 1502 2876 restat,
1519 2805 1639 2878 iuquam,
1656 2816 1685 2862 ut
1700 2815 1790 2874 totum,

147 2892 218 2949 ultra
232 2890 415 2947 laboro‘lNon
430 2901 471 2947 est
486 2908 595 2949 necesse
611 2894 753 2966 religiosis,
763 2897 940 2966 sapientibus,
959 2896 1073 2974 equam
1096 2895 1245 2970 potueritis,
1261 2896 1325 2951 huic
1353 2895 1444 2951 divino
1473 2896 1548 2967 operi
1573 2896 1644 2951 dctis
1672 2913 1792 2966 operam,

147 2980 279 3049 litteratis,
311 2982 397 3038 acrius
428 2980 539 3049 instare,
567 2999 626 3050 nec,
663 2993 692 3039 ut
721 2985 803 3057 uulgo
836 2986 942 3051 dicitur,
998 2987 1123 3045 etunius
1142 2985 1257 3042 nominis
1290 2999 1317 3041 et
1350 2983 1459 3040 Ordinis
1484 2985 1614 3041 maximas
1641 3001 1793 3059 congrega·

145 3070 293 3128 ldinerram
307 3072 416 3139 docere,
435 3072 479 3127 vel
500 3072 573 3148 ligna
597 3073 630 3127 ad
655 3073 760 3140 silvam,
778 3075 820 3131 vel
844 3090 943 3148 aquam
998 3078 1084 3134 tiones
1098 3091 1269 3149 nequaquam
1288 3074 1358 3130 ultra
1385 3073 1518 3129 dissidere
1549 3074 1699 3144 patiamini.
1724 3076 1789 3131 Stu-

147 3159 180 3214 ad
205 3160 313 3215 flumina
339 3161 397 3218 sive
422 3177 495 3216 mare
519 3162 635 3219 deferre.
660 3164 797 3235 intelligit,
819 3163 944 3236 agitoscit
997 3164 1043 3220 dui
1071 3179 1123 3237 ego
1153 3177 1258 3232 seraper
1286 3169 1316 3216 ut
1348 3169 1454 3216 sanctos
1484 3161 1545 3216 illos
1572 3162 1795 3234 congregationis

146 3249 286 3321 utriusque
308 3259 426 3307 uestrum
449 3249 592 3323 sapientia,
610 3251 679 3308 sicut
703 3252 761 3307 sine
777 3251 840 3321 frde,
857 3252 897 3310 sio
916 3259 943 3308 et
996 3259 1093 3307 uestrae
1119 3250 1265 3305 monachos
1289 3248 1390 3303 uostris
1411 3247 1538 3304 fratribus
1561 3252 1794 3318 commendarem,

146 3339 204 3392 sine
228 3338 357 3393 charitate
380 3338 546 3410 impossibile
570 3343 627 3396 Deo
657 3342 763 3412 placere
790 3360 796 3396 :
821 3357 872 3398 uec
894 3341 943 3395 ali·
974 3334 1023 3398 'et
1055 3341 1128 3410 ipsos
1155 3337 1208 3393 illis
1236 3336 1359 3407 perfecta
1387 3336 1485 3391 unione
1509 3335 1653 3401 charitatis,
1680 3337 1702 3392 si
1736 3338 1797 3393 ficri

146 3441 237 3497 quem,
253 3425 401 3481 bumilitate
413 3427 530 3496 abjecta,
547 3443 625 3500 posse
646 3431 767 3487 eamdem
786 3430 942 3486 charitatem
996 3434 1097 3501 posset,
1112 3427 1194 3483 etiarn
1211 3425 1409 3480 inviscerarem.
1427 3424 1484 3480 floc
1499 3423 1616 3497 publice,
1632 3423 1684 3480 hoc
1697 3423 1791 3496 priva·

147 3513 206 3569 nisu
220 3514 339 3586 quolibet
354 3515 476 3572 retinere.
494 3517 570 3573 Unde
590 3517 661 3574 enim
679 3518 814 3574 humilitas
834 3518 940 3585 recedit,
997 3517 1054 3585 tim,
1069 3518 1121 3573 hoc
1144 3517 1172 3570 in
1199 3514 1306 3586 magnis
1329 3520 1484 3569 nostrorum
1499 3511 1679 3569 conventibus
1704 3512 1796 3566 facere

146 3603 185 3658 ibi
200 3604 350 3661 necessario
364 3606 492 3675 superbia
505 3608 624 3664 succedit
640 3626 646 3662 :
663 3609 709 3665 ubi
733 3608 855 3680 superbia
877 3625 942 3664 suc·
996 3621 1050 3663 non
1065 3605 1187 3678 neglexf3
1214 3610 1240 3658 et
1255 3609 1286 3658 ut
1310 3601 1463 3675 rubiginem
1489 3603 1562 3657 illam
1584 3600 1679 3656 livoris
1704 3611 1730 3654 ct
1745 3602 1795 3655 ccli

147 3690 228 3757 cedit,
252 3691 290 3746 ibi
317 3693 406 3748 statim
434 3701 460 3750 et
485 3694 587 3750 invidia
615 3697 716 3753 accedit
738 3715 744 3751 :
769 3697 817 3752 ubi
842 3696 943 3753 invidia
995 3695 1131 3760 contrarii,
1160 3709 1222 3763 quae
1245 3691 1372 3747 interiora
1398 3692 1531 3746 viscerum
1560 3690 1674 3746 latenter
1697 3692 1793 3746 rodere

145 3780 240 3849 oritur,
257 3780 398 3837 confestim
413 3783 529 3841 charitas
543 3785 667 3842 moritur.
683 3787 752 3841 Nam
775 3801 861 3857 neque
880 3802 943 3841 curn
996 3785 1085 3853 solet,
1112 3785 1266 3853 eraderem,
1295 3779 1382 3837 modis
1406 3781 1507 3852 quibus
1538 3779 1630 3849 potui,
1660 3778 1789 3835 laboravi.

146 3868 190 3924 cui
204 3868 315 3936 invidet,
332 3870 441 3927 invidus
455 3881 541 3942 potest
557 3872 678 3946 diligere,
695 3888 744 3929 acc
760 3872 788 3927 in
808 3888 862 3928 non
882 3871 942 3927 dili·
1033 3878 1077 3928 31.
1098 3874 1196 3929 Instate
1222 3879 1250 3926 et
1275 3886 1334 3936 vos,
1351 3884 1399 3939 pro
1430 3884 1527 3943 magna
1543 3868 1586 3923 illa
1601 3869 1716 3940 gratias
1734 3867 1791 3922 bo

145 3963 225 4029 geute
238 3958 354 4016 charitas
368 3960 459 4031 aliquo
473 3961 553 4018 modo
567 3977 735 4033 permanere.
996 3961 1189 4032 rubiscallus,
1199 3952 1265 4034 agro
1281 3956 1418 4013 communi
1431 3975 1437 4010 :
1449 3966 1476 4011 ut
1491 3957 1562 4011 sicut
1572 3956 1660 4011 nullus
1670 3963 1730 4025 post
1742 3968 1792 4020 ¹ros

180 4048 226 4103 29.
256 4048 369 4120 Propter
400 4049 462 4117 ista,
495 4051 565 4106 unde
602 4052 678 4106 abest
708 4050 834 4118 charitas,
866 4049 941 4104 abest
996 4051 1095 4108 nostris
1109 4050 1206 4106 diebus
1221 4046 1388 4119 plurautilia
1402 4045 1430 4100 in
1446 4045 1491 4100 illo
1504 4046 1637 4116 plantasse
1651 4044 1791 4113 probatur,

144 4133 301 4191 humilitas:
329 4142 356 4194 et
377 4139 449 4192 unde
474 4138 550 4193 abest
570 4138 713 4202 humilitas,
729 4139 806 4192 abest
829 4146 855 4193 et
874 4139 940 4193 cha·
997 4138 1033 4194 ita
1047 4138 1174 4194 laudabili
1190 4137 1277 4192 studio
1293 4145 1319 4190 ct
1344 4133 1486 4197 industria,
1501 4147 1580 4187 omne
1596 4131 1661 4185 satis
1684 4130 1792 4184 utilibus

145 4222 220 4278 ritas.
237 4223 293 4280 Hoc
306 4225 385 4281 docet
400 4227 470 4283 clare
484 4236 510 4282 et
523 4226 681 4297 Apostolus,
692 4243 753 4283 curn
768 4226 831 4282 dicit
846 4243 853 4284 :
871 4226 941 4282 Chn-
959 4178 982 4257 υ
997 4228 1162 4283 contrarium
1184 4226 1324 4281 avellatur.
1349 4222 1484 4293 Expellite
1507 4219 1613 4276 sablimi
1636 4219 1682 4275 ille
1709 4227 1736 4272 et
1760 4234 1791 4269 cx

144 4313 219 4369 ritas
233 4329 291 4368 nco
304 4316 472 4382 oemufntar,
489 4331 545 4372 raon
566 4317 624 4387 cpit
641 4332 801 4387 perperam,
819 4333 876 4371 non
900 4319 942 4369 ert
996 4315 1101 4387 Spiritu
1125 4317 1174 4370 Dei
1198 4313 1351 4367 flammante
1366 4309 1474 4381 eloquio
1497 4311 1530 4364 ab
1544 4323 1637 4364 eorum
1653 4306 1790 4371 cordibus,

146 4401 302 4458 ambitiosa.
320 4401 353 4456 Et
366 4402 430 4472 quia
448 4418 498 4459 nec
516 4403 595 4460 etiam
621 4404 768 4459 alienarum
792 4419 879 4460 rerum
897 4418 943 4457 cu·
995 4413 1026 4465 ut
1044 4406 1139 4460 mitius
1163 4403 1268 4474 loquar,
1286 4399 1416 4473 puerilem
1441 4398 1511 4454 illam
1540 4397 1753 4465 aemulationem,
1777 4411 1792 4448 a

145 4491 219 4562 pida,
232 4489 411 4548 subdit:fl'ca
424 4495 528 4566 quaerit
542 4510 606 4565 quaa
620 4510 672 4549 aaa
686 4498 754 4550 aaut
767 4494 793 4562 (f
808 4495 941 4564 Cor.x1u,
996 4495 1089 4566 lingua
1116 4491 1329 4547 susurrationem
1360 4506 1368 4543 ι
1393 4496 1420 4543 et
1447 4490 1507 4544 loco
1536 4487 1669 4550 istorum,
1697 4484 1789 4546 velint,

147 4581 173 4645 l,
189 4581 226 4651 b).
245 4580 412 4637 inflationem
428 4597 494 4652 ergo
508 4597 626 4646 omnem,
639 4582 813 4637 ambitionem
824 4597 941 4653 omnem,
996 4583 1094 4646 nolint,
1115 4581 1259 4635 fraternam
1275 4577 1391 4650 ingerite
1408 4577 1591 4633 dilectionem.
1611 4576 1669 4631 Non
1690 4589 1789 4645 segre-

144 4669 316 4739 cupiditatem
330 4669 589 4737 omnem,avaritiam
605 4686 712 4725 omnam
729 4670 845 4725 excludit
858 4671 943 4725 chari·
996 4681 1042 4746 gat
1057 4672 1124 4725 ultra
1146 4684 1245 4742 greges
1262 4674 1366 4723 vestros
1394 4682 1409 4720 a
1424 4667 1523 4722 uostris
1547 4665 1674 4739 gregibus
1691 4676 1789 4716 usuum

50 4784 56 4795 ·
146 4759 280 4814 taszimo
306 4758 623 4829 percharitatem,juxta
649 4758 788 4829 sequentia
812 4758 940 4828 Apostoli,
996 4756 1284 4824 diversitaS,colorrrm
1313 4753 1449 4810 varietas:
1471 4753 1665 4832 sedasurnuxa
1688 4749 1791 4803 unitate

146 4848 290 4916 expellitur
304 4856 359 4903 tota
375 4847 455 4903 simul
475 4847 614 4917 iniquitas.
630 4849 688 4901 fam
703 4850 725 4901 si
741 4848 810 4901 hanc
825 4847 942 4902 charita·
996 4849 1126 4918 derivata,
1148 4853 1275 4914 corrupta
1298 4858 1438 4913 reparans,
1455 4838 1572 4896 discissa
1591 4838 1788 4910 redintegrans.

146 4943 302 5008 tamquam
314 4938 400 5010 legem
411 4937 509 4992 Christi
520 4936 592 4991 idem
602 4935 940 5006 apostolusvocat(Gclut.
996 4936 1081 4991 divisa
1100 4933 1246 4997 vivificans,
1262 4932 1384 4986 universa
1403 4931 1477 4986 uniat
1492 4929 1620 4985 charitas.
1640 4926 1684 4981 Sic
1698 4927 1789 4996 palene,

146 5039 185 5088 vt,
208 5027 243 5091 ἓ),
259 5027 309 5090 vis,
326 5027 410 5080 frater
434 5024 629 5091 cluniacensis,
646 5025 728 5079 frater
744 5024 941 5092 Cistcrcirnsis,
996 5027 1036 5081 sic
1049 5025 1127 5081 decet
1148 5033 1187 5087 ut,
1205 5021 1304 5093 quibus
1320 5027 1361 5074 cst
1378 5034 1449 5074 uncas
1478 5017 1619 5081 Dominus,
1636 5029 1687 5069 una
1712 5011 1789 5080 tides,

145 5110 278 5186 integram
307 5131 480 5177 consertam:
508 5115 531 5169 si
557 5131 605 5184 per
629 5115 718 5183 ipsam
745 5114 876 5168 maximos
895 5113 942 5169 tibi
995 5130 1077 5169 unrrm
1106 5111 1251 5183 baptisma,
1268 5123 1336 5181 quos
1364 5108 1484 5162 continet
1510 5121 1563 5160 una
1578 5104 1708 5172 Ecclesia,
1723 5117 1792 5173 quos

147 5203 286 5257 thesauros
301 5202 328 5257 in
342 5205 412 5259 coelo
436 5204 591 5270 recondere,
608 5204 630 5257 si
654 5203 808 5259 reconditos
827 5219 941 5259 conser·
995 5211 1085 5258 manet
1101 5218 1153 5257 una
1167 5199 1292 5271 perennis
1308 5207 1334 5253 et
1346 5197 1425 5252 beata
1441 5197 1513 5262 vita3
1530 5195 1570 5250 eis
1584 5208 1701 5266 quoque,
1715 5191 1792 5259 jutta

146 5291 264 5356 aare3da
280 5295 361 5347 totam
377 5307 457 5362 quam
473 5295 592 5363 potueris
605 5302 759 5364 operam,et
769 5308 874 5357 causas,
887 5308 941 5348 non
995 5292 1168 5363 scripturam,
1184 5290 1217 5345 sit
1232 5303 1280 5344 cor
1290 5303 1372 5343 arnum
1387 5295 1413 5342 et
1424 5285 1513 5341 anima
1528 5300 1582 5339 una
1594 5285 1664 5354 (Act.
1681 5297 1721 5348 ιν,
1734 5283 1791 5348 32).

146 5380 206 5434 dico
230 5395 290 5433 cam
314 5379 449 5451 fugantes,
471 5382 604 5438 condico
626 5398 684 5437 cam
707 5381 877 5451 perimentes,
893 5381 940 5437 scd
995 5379 1056 5436 blisi
1070 5394 1194 5453 gemmeo
1209 5377 1296 5433 amico
1312 5375 1377 5432 salis
1404 5389 1550 5447 gemmam,
1566 5373 1644 5441 cuius
1659 5383 1793 5439 corpora·

143 5464 186 5523 vel
209 5481 304 5538 parum
325 5482 384 5522 eam
408 5466 581 5536 laedentes,a
607 5477 632 5525 tc
651 5469 733 5543 abige
749 5487 755 5523 :
771 5469 794 5526 si
816 5470 939 5543 expulsa
994 5470 1046 5526 lem
1061 5485 1139 5524 arsum
1167 5467 1244 5524 vobis
1266 5467 1360 5522 utilem
1382 5464 1448 5520 olim
1473 5461 1575 5530 audivi,
1590 5468 1616 5516 et
1631 5460 1709 5530 errius
1723 5473 1791 5530 spe-
