3728 5940
154 233 208 297 ⁷23
625 243 654 303 s.
674 228 871 307 ominaeos
886 239 1203 306 σιω-1111111513
1230 239 1345 301 sanus.
1747 233 1803 296 ru

154 381 264 424 sumus.
281 369 344 425 llac
365 373 435 426 sunt
451 367 601 444 Opuscula,
617 371 715 444 quibus
728 375 843 432 constat
858 375 950 431 tomus
967 375 1088 447 pnartus
1103 389 1113 428 s
1138 371 1266 444 ecceptts
1286 366 1552 432 declamationibus,
1580 381 1649 440 quas
1671 365 1703 421 in
1717 379 1802 438 supe·

155 457 265 515 monem
279 459 397 516 classem
411 459 574 532 rejecimus,
586 463 685 534 utpote
698 478 716 518 a
731 461 874 520 lternordo
889 462 1017 529 attenues
1032 464 1061 519 et
1075 461 1144 520 libro
1158 461 1192 520 de
1207 462 1310 526 contu,
1325 475 1406 534 pumn
1419 457 1573 531 proernusis
1587 455 1804 529 sabp'unpemus.¹

191 547 238 601 lll.
254 546 313 612 llic,
327 547 454 620 inanum,
471 553 514 607 est
525 549 591 608 ordo
611 555 756 624 temporis,
768 552 936 625 puosinpuli
946 552 1337 623 tractatuseonscriptisunt.
1352 547 1804 619 benemordinensetdtpnitatem

155 637 566 713 arpumentiseroareproestat.
574 641 668 713 prima
677 643 737 700 loca
746 640 1123 715 tribuendo,primolibrisde
1133 636 1803 710 considerationc‚·seoundo‚Epistoloedelloribus

154 724 352 793 Proelatorum,
370 728 406 784 ad
416 731 568 786 ilenricum
583 732 781 796 senonensem,
791 732 886 799 tertio,
899 731 1027 788 Sermoni
1041 730 1074 785 de
1091 731 1284 797 conversione,
1293 730 1330 786 ad
1338 731 1473 796 cterieos,·
1488 732 1601 802 puarto,
1612 726 1753 783 tractatui
1768 722 1805 779 ad

154 814 333 888 lroeceptoot
344 820 572 891 dispensatione:
588 822 697 895 puinto,
716 819 897 894 dpolopieead
908 818 1217 892 Guilielmum,puiduo
1231 819 1534 877 tractatusmonacbos
1551 820 1693 890 spectant;
1705 816 1801 878 sento,

155 903 370 964 librodecaade
382 905 682 974 menevensium,
698 909 734 966 ad
742 911 844 967 Milites
853 909 961 982 templi.
977 910 1013 965 ct
1023 908 1181 981 boecprima
1191 909 1289 966 classis
1298 911 1694 981 prodipnitatepersonarum.
1703 905 1806 959 Altera

154 995 295 1054 elassisdc
306 998 474 1064 uirtutibus;
490 1015 600 1072 nempe,
609 1000 738 1072 septimo,
749 999 861 1056 libellus
869 999 902 1054 de
912 997 1093 1063 timiditates
1110 1002 1216 1065 octauo,
1232 997 1265 1053 dc
1278 997 1423 1070 ltilipeado
1437 999 1500 1055 Deo.
1526 998 1616 1054 Tertia
1633 995 1731 1050 classis
1748 993 1805 1050 erit

156 1082 189 1139 de
198 1083 381 1158 dopmatibns,
394 1089 514 1156 scilicet,
526 1106 609 1155 nono,
621 1088 786 1162 opusculum
801 1087 945 1146 decoctio
955 1091 984 1142 et
997 1086 1093 1144 Libero
1109 1087 1232 1145 Arbitrio
1243 1107 1254 1156 ,·
1267 1086 1385 1155 decimo,
1405 1087 1527 1157 epistola
1546 1087 1579 1142 dc
1596 1087 1750 1157 Baptismo,
1769 1081 1806 1136 ad

157 1175 301 1246 liuponem
312 1177 345 1233 de
351 1178 453 1235 Sancto
469 1179 589 1246 Victore,⁸
602 1176 763 1243 urtdeeimo,
774 1176 893 1253 epistole
901 1175 934 1232 de
951 1168 1099 1235 hodius
1111 1174 1262 1249 recurat,
1277 1174 1526 1237 atramentum.
1542 1178 1686 1231 Postremo
1700 1171 1807 1228 duode-

157 1264 239 1329 cimo,
255 1265 408 1324 historicus
422 1267 492 1326 liber
506 1266 612 1326 deutra
627 1267 722 1324 sancti
737 1264 890 1323 blaluebioe:
907 1264 1191 1324 numanaeterrio
1203 1260 1310 1323 isaim
1326 1264 1386 1323 ioco
1408 1266 1536 1323 mortiet
1552 1264 1622 1322 liber
1646 1264 1678 1318 de
1699 1264 1804 1319 cantu.

160 1354 365 1425 Opusculorum
378 1357 507 1414 ordinem
516 1373 613 1430 supra,
624 1373 688 1429 pap.
704 1355 1105 1428 sse-ono-raprasentauimus
1113 1370 1165 1429 pro
1177 1356 1358 1414 commodiori
1370 1355 1584 1412 usullsominum
1599 1354 1804 1409 studiosorum.

195 1445 240 1500 11.
252 1444 284 1501 ln
292 1445 590 1504 bisomnibusnullum
600 1443 1080 1521 Bernardodipniusvidetur,puam
1091 1443 1156 1502 libri
1167 1445 1290 1518 quincue
1299 1444 1333 1500 de
1344 1444 1584 1508 consideratione,
1596 1445 1632 1500 ad
1647 1442 1808 1515 Eupenium

158 1549 272 1606 popam.
286 1536 317 1592 Si
330 1536 406 1592 enim
418 1536 583 1608 arpumenti
595 1540 624 1595 st
635 1552 765 1613 personae
777 1535 947 1610 dipm‘tatem
959 1537 1074 1606 spectes,
1090 1533 1167 1592 nisit
1179 1534 1356 1607 panerosinss
1371 1534 1399 1593 si
1418 1535 1534 1597 moelem
1557 1533 1713 1596 tractandi,
1730 1532 1807 1588 nibil

158 1622 330 1691 sublimius,·
345 1627 371 1681 si
384 1626 455 1697 stpli
466 1627 657 1698 majestatem,
673 1630 703 1684 et
715 1626 929 1684 sententiarum
947 1623 1124 1695 pravitatem,
1149 1623 1224 1681 nibil
1251 1622 1430 1697 eloquentius
1443 1640 1476 1680 ac
1499 1624 1620 1695 sortium
1641 1624 1665 1678 si
1686 1621 1807 1694 deniqne

159 1711 301 1770 dictorum
314 1715 514 1787 puritatem,et
528 1715 715 1774 miserentem
729 1716 818 1773 sacris
833 1713 991 1773 canonibus
1003 1712 1194 1786 disciplinam,
1205 1714 1279 1770 nibil
1288 1715 1426 1773 catholico
1439 1715 1553 1771 Doctori
1572 1718 1600 1770 ct
1624 1712 1807 1769 sanctissimo

159 1803 242 1858 Patri
255 1805 475 1861 conuenientius.
494 1805 546 1876 Qui
558 1822 623 1864 uero
638 1806 726 1879 napus
739 1804 863 1865 arduum
876 1809 939 1862 erat
953 1802 1062 1863 leonini
1075 1805 1107 1860 in
1120 1803 1275 1863 solitudine
1288 1805 1418 1868 educato,
1435 1804 1555 1861 amundi
1576 1802 1657 1859 rebus
1678 1808 1706 1858 et
1720 1816 1807 1872 nepo-

162 1891 212 1947 tiis
224 1893 328 1958 alieno,
339 1911 424 1966 paam
439 1894 551 1953 uiuendi
565 1894 635 1969 lepos
642 1910 754 1952 surremo
764 1892 908 1965 Pontifici,
922 1892 1029 1952 nedum
1045 1895 1099 1951 toti
1111 1890 1240 1949 Ecclesia
1255 1891 1376 1956 tradere,
1392 1896 1421 1949 et
1432 1895 1512 1968 quasi
1524 1894 1721 1965 prescribere?
1736 1892 1808 1959 Quid

163 1979 272 2037 bomini
282 1983 392 2055 priuato
408 1984 654 2058 difficilius,puam
670 1985 703 2042 dc
719 1985 808 2043 totius
825 1986 953 2043 ccclesiae
966 1988 1055 2050 statu,
1070 1983 1103 2040 de
1117 1974 1401 2041 mruassa'erorum
1410 1981 1621 2047 ministrorum,
1638 1982 1809 2039 deomnium

161 2071 274 2141 officim,
289 2072 453 2141 uirtutibus,
464 2091 498 2130 ac
510 2075 591 2130 uitiis
605 2077 672 2147 apte
684 2079 712 2130 et
721 2077 855 2131 accurate
865 2074 1040 2146 breuiterque
1053 2070 1199 2139 disserere,
1217 2073 1274 2128 imo
1283 2073 1429 2144 etjustam
1443 2073 1720 2143 sarrecenientiam?
1737 2071 1811 2139 Quid

163 2161 333 2232 sapientius,
344 2164 482 2235 proamita
489 2163 657 2222 sublimium
666 2179 897 2237 quorumcunque
905 2164 1054 2233 bmninum
1061 2164 1143 2231 uitia,
1154 2167 1263 2227 errata,
1272 2161 1379 2220 abusus
1388 2164 1643 2236 notare,persequi,
1653 2161 1810 2232 castipares

161 2251 267 2307 utnon
281 2250 506 2309 modoinoidiam
518 2256 545 2309 ct
557 2252 732 2310 criminandi
743 2252 932 2326 suspicionem
947 2253 1043 2323 entes,
1059 2250 1106 2310 sed
1120 2253 1208 2308 eiiam
1222 2266 1349 2310 amorem
1380 2256 1505 2326 reportes
1527 2255 1556 2309 et
1572 2250 1813 2307 admirationem?

163 2340 200 2396 dt
216 2338 275 2396 brec
288 2356 357 2398 sane
368 2343 429 2413 suit
444 2341 582 2400 Bernnrdi
591 2359 640 2400 seu
655 2343 819 2411 dexteritas,
840 2357 889 2399 seu
902 2343 1035 2414 solicitas,
1053 2358 1103 2400 seu
1113 2341 1254 2398 diuinitus
1268 2357 1400 2400 concessa
1411 2341 1576 2404 auctoritas,
1592 2343 1627 2395 ut
1640 2355 1724 2411 ouum
1747 2340 1813 2411 pri·

162 2446 242 2486 mum
256 2432 319 2503 ejus
329 2431 394 2490 libri
406 2431 439 2488 de
451 2433 676 2491 consideratione
690 2432 722 2487 in
735 2430 880 2506 publicum
893 2432 1031 2503 prodiere,
1048 2448 1092 2489 eos
1106 2433 1240 2489 certatim
1253 2430 1452 2503 requisierint,
1466 2431 1643 2496 lectitarent,
1646 2429 1814 2485 amaverint

163 2519 301 2586 uniuersi,
316 2523 528 2588 etiamsummi,
541 2523 746 2595 puosmacime
762 2519 1090 2592 tanpebanil’ontipiees.

204 2607 232 2662 V
241 2608 338 2666 llerito
355 2610 454 2676 itaque
464 2609 604 2667 limatius
619 2612 715 2667 Bona·
722 2608 807 2677 Vallis
818 2609 924 2665 abbas
912 2625 944 2691 pn
960 2608 1026 2677 iibri
1035 2608 1153 2691 secundi
1163 2607 1197 2665 de
1210 2607 1348 2663 Bernardi
1365 2605 1439 2673 Vita,
1454 2606 1548 2677 capite
1562 2608 1669 2667 octavo,
1680 2603 1729 2658 boo
1741 2620 1815 2674 opus

163 2699 246 2753 uocat
263 2715 277 2748 s
292 2697 406 2755 librum
413 2699 489 2754 mult
477 2703 514 2756 tue
527 2699 687 2756 utilitatis:
703 2699 736 2756 in
747 2708 802 2771 pub
821 2672 916 2756 iic
879 2702 996 2756 muns
1009 2670 1176 2757 acumethus
1186 2692 1330 2768 irsdspine,
1346 2701 1407 2754 tam
1426 2711 1458 2752 ea
1468 2711 1529 2769 puae
1543 2694 1619 2749 ‹iraa
1630 2693 1813 2762 Pontificem,

55 2851 60 2861 ,
164 2802 252 2859 quam
267 2800 320 2857 pue
333 2788 413 2858 inira
426 2790 496 2844 sunt
503 2803 684 2860 prosequens
695 2788 784 2844 etiam
797 2787 834 2843 ad
845 2803 880 2847 ea
894 2804 956 2862 puoe
969 2803 1056 2865 supra
1070 2789 1165 2861 ipsum
1174 2789 1243 2844 nent
1257 2785 1420 2851 ascendens,
1445 2786 1531 2839 tanta
1545 2782 1578 2840 de
1591 2784 1699 2837 natura
1714 2782 1816 2836 diuina

165 2870 314 2945 disseruit,
330 2879 363 2931 ul
376 2875 527 2932 uideatur
517 2893 550 2932 en
564 2878 682 2935 tertium
691 2877 793 2934 caium
806 2879 979 2950 assumptus,
995 2877 1106 2937 audisse
1114 2877 1251 2951 matam
1261 2875 1416 2949 ombapuoe
1425 2891 1483 2931 non
1494 2875 1559 2930 licet
1571 2873 1681 2931 bomini
1691 2873 1776 2945 toqui,
1787 2876 1817 2927 ei

168 2966 269 3035 Repem
282 2965 314 3019 in
328 2965 424 3024 decore
436 2982 488 3024 suo
497 2965 608 3024 uidisse.
625 2968 657 3023 lu
668 2965 711 3024 bis
722 2952 785 3039 puoe
799 2969 921 3039 inirent
930 2969 1077 3042 puoecirca
1087 2970 1381 3040 ipsumsnnt,morum
1390 2965 1639 3030 societas,noturee
1655 2962 1815 3034 aequalitas,

166 3053 327 3124 olitionem
335 3052 489 3125 distantia,
504 3055 689 3113 consideratio
696 3056 875 3124 meritorum,
887 3056 1052 3128 dijudicatio
1065 3061 1248 3130 provectuum
1258 3055 1442 3113 subtilissime
1451 3054 1681 3124 distinpuitur,et
1695 3052 1817 3122 sinpulie

167 3141 200 3198 in
213 3157 264 3198 suo
275 3157 377 3215 ponere
385 3144 432 3200 sui
444 3144 566 3218 copnilio
579 3143 745 3201 intimatur.
758 3147 790 3201 ln
805 3145 848 3202 bis
863 3163 924 3216 puae
933 3162 1022 3220 supra
1035 3145 1177 3202 bonsinem
1186 3146 1266 3210 sant,
1282 3143 1448 3216 speculatur
1457 3142 1602 3207 coelestim·
1616 3157 1675 3197 non
1689 3154 1719 3196 eo
1733 3140 1817 3196 modo

168 3246 221 3304 peso
234 3230 342 3303 inpelt,
354 3233 404 3305 pui
416 3246 526 3305 seraper
534 3231 681 3290 adiment
694 3231 758 3300 ltco,
769 3233 962 3299 considerant,
977 3233 1027 3292 sed
1049 3249 1079 3289 eo
1106 3232 1187 3289 modo
1201 3248 1253 3305 quo
1266 3233 1359 3305 potest
1373 3231 1454 3289 bomo
1468 3227 1536 3302 puri
1549 3230 1643 3286 animi
1659 3231 1688 3284 et
1708 3231 1819 3287 mentis

167 3320 289 3376 macera
301 3319 397 3377 dimna
412 3323 602 3394 continpere,r
619 3325 672 3380 ete.
685 3323 723 3379 ci
735 3321 794 3378 boee
808 3325 851 3380 esi
859 3321 959 3378 dioisio
972 3323 1094 3395 quinque
1104 3321 1241 3379 librorum
1255 3320 1289 3376 de
1301 3319 1534 3378 consideratione
1548 3333 1669 3390 quoram
1682 3318 1715 3374 in
1723 3320 1819 3391 primo

168 3409 382 3466 demonstratur
396 3410 636 3469 considerationis
644 3411 800 3468 necessitas
813 3413 843 3467 et
861 3412 976 3469 utilitas
994 3408 1180 3468 :insecundo
1201 3409 1400 3467 consideratur
1422 3407 1530 3482 quain
1544 3408 1692 3478 Pontifiee,
1720 3406 1752 3463 id
1776 3411 1820 3466 est

168 3498 305 3568 Pontifex
312 3498 372 3572 ipse
385 3501 459 3571 puis,
474 3501 602 3574 puotisue
616 3501 655 3556 sit
669 3519 679 3557 .·
693 3500 726 3556 in
741 3499 838 3567 tertio,
858 3516 922 3574 pua
939 3499 992 3557 sub
1005 3501 1075 3573 ipso,
1091 3498 1123 3558 id
1135 3503 1178 3557 est
1190 3497 1263 3556 orbis
1283 3499 1436 3554 uniuersus
1451 3513 1460 3552 s
1484 3497 1516 3552 in
1536 3499 1638 3569 quarto
1658 3512 1721 3569 pace
1742 3496 1820 3554 circa

168 3587 274 3660 ipsum,
289 3588 444 3656 domestici,
459 3589 631 3656 cardinales,
647 3589 771 3663 episcopi
786 3606 793 3644 ε
809 3590 841 3646 in
856 3590 953 3665 quinto
966 3606 1031 3663 pnue
1040 3591 1242 3662 supraipsam,
1259 3591 1330 3646 Deus
1345 3591 1375 3643 et
1389 3587 1499 3660 capeti.
1513 3586 1546 3642 in
1560 3586 1605 3642 bis
1624 3600 1731 3659 ‹puam
1748 3586 1820 3643 liber

168 3676 202 3732 in
214 3693 288 3744 uoce,
300 3693 384 3752 puam
399 3678 533 3745 disertus,
549 3686 576 3737 el
585 3681 618 3736 tn
624 3695 724 3739 renem
736 3681 917 3752 superiorum
932 3680 1104 3751 insertorum
1116 3694 1170 3752 que
1183 3679 1305 3735 scientia
1324 3677 1459 3750 locuples,
1476 3676 1596 3748 ditipens
1625 3675 1821 3734 considerator

169 3771 314 3839 opnoscet,
332 3788 344 3818 s
366 3768 464 3842 lnquit
492 3769 646 3842 canfridus
660 3770 691 3826 in
711 3770 780 3828 libro
791 3771 876 3826 tertio
890 3769 923 3825 dc
937 3771 998 3842 eius
1021 3769 1092 3838 l'ita,
1106 3768 1199 3843 capite
1212 3771 1318 3825 octauo.

211 3857 251 3914 b'l.
266 3859 362 3914 Restat
370 3858 515 3917 obseruare
529 3862 706 3932 tempus,puo
719 3858 785 3916 libri
793 3859 847 3916 isti
854 3859 957 3933 scripti
968 3861 1048 3915 sunt.
1061 3860 1113 3916 llos
1122 3875 1199 3916 anno
1211 3858 1280 3914 iile
1288 3856 1436 3930 parturire
1445 3855 1531 3928 capit
1545 3857 1647 3914 anctus
1657 3856 1754 3920 Pater,
1768 3869 1822 3911 nee

169 3962 228 4004 uno
242 3946 394 4019 tenorelut
412 3948 533 4005 Baronio
546 3948 639 4003 vinem
653 3946 708 4019 est)
718 3947 845 4014 absoluit,
861 3946 909 4006 scd
919 3946 1037 4005 diuerse's
1050 3947 1213 4005 interuallis
1228 3947 1349 4021 scriptos
1361 3945 1399 4002 ad
1409 3944 1568 4017 cupenium
1591 3944 1763 4001 transmisit.
1785 3946 1820 4001 ct

170 4035 296 4108 primum
305 4035 419 4109 puidem
428 4038 488 4109 ipso
501 4035 668 4101 annollii,
688 4035 722 4093 de
740 4051 793 4108 creo
806 4034 947 4102 Nicolaus,
958 4035 1084 4107 ejusdem
1103 4033 1242 4095 Bernordi
1259 4035 1400 4100 notarius,
1423 4038 1491 4090 nate
1514 4048 1597 4090 suam
1621 4032 1820 4090 discessionem

170 4124 296 4181 scribens
309 4127 389 4183 Petro
404 4125 561 4183 Venerabili
576 4140 583 4177 :
597 4142 609 4174 s
621 4124 699 4180 liitto
712 4122 797 4188 uobis,
807 4141 821 4174 s
833 4124 887 4188 ait,
900 4144 914 4174 α
925 4123 1029 4181 librum
1039 4124 1137 4182 domni
1146 4125 1259 4183 Abbatis
1270 4122 1509 4182 Clarae-Vallisad
1517 4122 1667 4180 dominam
1678 4125 1817 4196 Papam.»

171 4216 273 4270 nassas
288 4212 347 4270 bac
361 4214 481 4286 epistola
494 4213 570 4287 apud
578 4215 673 4284 ipsum
688 4213 807 4269 Petrum
822 4213 852 4268 in
867 4212 932 4269 libri
945 4215 1150 4286 secticpistola
1163 4215 1294 4288 septima.
1311 4213 1403 4287 Neque
1419 4212 1468 4269 boe
1483 4213 1541 4269 loco
1558 4213 1622 4270 libri
1640 4211 1757 4270 nomine
1772 4213 1819 4268 in-

170 4304 281 4372 teprum
295 4317 363 4373 opus
377 4301 422 4363 lut
441 4306 571 4358 auctores
581 4302 632 4358 isti
646 4301 923 4373 loquunturpassim,
941 4305 1013 4360 teste
1026 4304 1159 4373 cnmldo,
1170 4304 1219 4378 pui
1235 4322 1247 4355 u
1264 4300 1370 4360 ls'bnsm
1379 4302 1480 4360 multoe
1493 4301 1657 4359 utilitatis»
1670 4299 1718 4357 bos
1731 4301 1819 4373 puin·

170 4402 225 4462 pne
241 4387 324 4444 libros
336 4388 427 4459 uocat)
442 4388 582 4460 intellipit
601 4391 705 4462 potest.
717 4389 788 4447 liam
797 4391 952 4449 sumundum
966 4394 1128 4452 Bennardm
1146 4394 1270 4466 Eupene'o
1284 4391 1395 4450 direxit
1408 4407 1485 4448 anno
1505 4393 1586 4454 lito,
1601 4394 1664 4464 post
1673 4390 1820 4460 infelicem

169 4476 359 4550 expeditionis
369 4476 613 4552 ierosolpmitanoe
622 4480 743 4546 snitum,
753 4477 788 4536 de
801 4496 853 4552 ono
867 4480 901 4538 ab
910 4480 972 4554 ipso
986 4480 1053 4539 libri
1074 4480 1191 4542 exordio
1206 4481 1364 4555 apolopiam
1381 4480 1546 4553 premittit.
1580 4479 1715 4543 Tertium,
1740 4494 1820 4536 anno

170 4567 251 4634 1151,
263 4571 331 4642 post
344 4567 452 4627 obitum
464 4566 576 4625 scilicet
595 4568 720 4642 liuponis
734 4568 1039 4643 Autissiodorensiemt
1051 4575 1164 4630 constat
1178 4572 1323 4644 cacapite
1336 4563 1594 4637 secando,numero
1607 4567 1773 4636 undecimo,·
1789 4573 1820 4625 et

168 4658 273 4732 quarto
293 4656 408 4733 quidem
421 4672 498 4714 anno
505 4660 571 4731 post
580 4657 735 4716 concilium
751 4660 894 4728 ilemense,
910 4677 947 4719 ea
960 4676 1078 4719 numero
1091 4661 1235 4734 bipedem,
1251 4658 1596 4718 annollliceietratum.
1613 4657 1757 4727 Quartum
1774 4656 1821 4713 de·

167 4748 255 4821 nique
268 4751 299 4805 et
311 4748 443 4821 quintum
455 4747 542 4821 paulo
553 4752 629 4822 post,
643 4747 737 4807 sinon
747 4765 813 4806 eum
828 4751 926 4819 tertio,
941 4748 1069 4808 absoluit.

204 4830 290 4895 m
308 4836 360 4894 111.
374 4837 515 4895 catenum
524 4835 657 4911 predicti
672 4836 911 4912 librillotbomapi
923 4838 1060 4912 primum,
1072 4855 1140 4897 cum
1159 4838 1292 4912 Apolopia
1306 4838 1342 4896 ad
1359 4837 1558 4908 cuillelmum,
1580 4839 1664 4910 atoue
1684 4839 1818 4894 tractate

167 4926 202 4984 dc
216 4927 358 5001 Proempto
368 4930 397 4985 et
412 4926 635 5001 oispmsauom,
647 4926 748 5001 absque
761 4928 834 4982 anni
845 4926 968 4996 indieio;
985 4930 1049 4985 tum
1065 4928 1156 5001 spira
1182 4944 1259 4986 anno
1274 4929 1343 4984 1550
1367 4929 1441 5001 typis
1460 4927 1572 5001 culpati
1593 4928 1662 4983 sunt
1674 4924 1817 4981 sine-ulta

165 5015 407 5088 capitulorum,ut
420 5016 455 5088 fit
474 5017 506 5073 in
515 5016 636 5075 venulis
645 5009 797 5083 codicibus,
808 5015 955 5074 diuisione.
976 5016 1063 5075 lidem
1076 5034 1153 5077 anno
1164 5020 1232 5074 1510
1251 5034 1285 5074 oc
1300 5017 1441 5090 deinceps,
1461 5032 1529 5073 cum
1547 5016 1657 5073 caeteris
1677 5012 1820 5071 lternardi

164 5103 294 5179 operibus
308 5105 402 5163 recusi
410 5123 417 5161 s
431 5109 529 5179 postea
541 5120 594 5178 per
607 5104 765 5162 Antonium
779 5105 922 5176 conciam,
938 5107 1036 5179 mapni
1049 5108 1175 5164 nominis
1192 5106 1379 5174 cardinalem,
1395 5106 1446 5162 Pio
1470 5105 1491 5162 b'
1505 5104 1641 5178 pontifice
1664 5102 1814 5175 recopniti,

163 5196 249 5271 cipue
259 5193 429 5268 intucrpioe
441 5195 543 5266 smmis
555 5194 753 5252 Plautinianis
765 5195 882 5251 seorsim
890 5195 1020 5268 impressi
1033 5198 1164 5268 sumunt.
1177 5195 1294 5256 cosdem
1303 5194 1417 5255 demum
1433 5195 1576 5253 corardus
1595 5192 1713 5257 Vossius,
1736 5207 1817 5266 prue-

163 5284 275 5355 positus
292 5284 473 5358 cunprensis,
488 5289 591 5359 ropatu
601 5285 716 5343 ioannis
736 5281 849 5342 Vendeui
862 5283 896 5352 ii,
911 5285 1034 5359 episcopi
1050 5287 1229 5345 ibrnacensis
1241 5284 1375 5359 piissimi,
1391 5286 1484 5342 denuo
1497 5298 1644 5341 recensere
1660 5296 1817 5355 oppressus,

165 5385 211 5428 eos
221 5377 355 5447 camapio
368 5375 573 5446 manuscriptis
586 5371 728 5431 codicibus
743 5373 869 5430 contulit
880 5392 890 5442 ,·
903 5388 937 5429 aa
950 5373 1044 5431 Romus
1063 5392 1140 5435 anno
1156 5377 1226 5434 issi
1239 5373 1357 5435 seorsim
1370 5374 1457 5435 editos
1475 5374 1612 5432 ctementi
1630 5372 1691 5430 t'lll
1700 5386 1818 5428 nuncu·

159 5459 255 5535 limi,
268 5458 532 5536 winimannum
545 5460 692 5524 nonnus,
707 5462 801 5534 omlis
816 5463 848 5518 in
862 5462 1020 5536 eaempinri
1033 5464 1144 5523 llieoloi
1152 5482 1235 5539 papa
1252 5466 1282 5534 b’,
1291 5480 1369 5522 anno
1386 5464 1591 5531 seooecamto,
1600 5462 1730 5536 opposita
1739 5463 1819 5518 crat·

156 5546 198 5608 as·
211 5542 265 5606 bie
279 5547 403 5610 editione
413 5548 545 5610 dualem
553 5551 641 5609 deber
648 5551 681 5606 in
693 5549 814 5621 epistota
822 5550 859 5607 ad
869 5550 999 5611 summm
1017 5552 1151 5624 cossium,
1159 5554 1208 5613 ubi
1221 5552 1347 5613 numus
1360 5550 1471 5613 eoe'teris
1482 5550 1611 5627 operibsn
1624 5568 1632 5606 ι
1651 5546 1814 5616 ‹Omisow
