3728 5940
116 155 169 216 997
714 152 812 216 bruun
826 150 870 213 uu
889 148 1066 215 blbtuuuuu
1086 151 1160 212 buo.
1713 154 1767 216 998

114 285 228 356 prauis?
241 283 291 341 Ubi
305 281 387 350 dixit,
410 279 729 340 rectamne-abisset
740 283 798 355 ipsi
809 282 911 354 procia
926 294 952 375 Α
967 296 1028 338 rum
1048 289 1076 337 et
1104 281 1334 339 mercenariorum
1362 278 1437 354 leges
1459 278 1608 351 portabiles
1634 296 1666 338 ac
1693 282 1767 340 leros

113 375 229 430 ostendit
242 372 315 445 quod
326 371 374 428 lex
388 371 448 442 ipse
460 371 511 426 sibi
524 379 607 438 esset,
616 385 667 427 uec
681 371 750 426 alius
765 371 816 427 boc
831 386 912 442 quani
967 370 1064 438 reddit,
1081 386 1148 444 quaa
1171 372 1262 444 utique
1285 386 1339 429 nou
1360 366 1488 437 destruit,
1509 370 1556 425 sed
1572 371 1635 427 lacit
1659 379 1687 426 ut
1711 372 1766 428 im-

114 461 167 519 sibi
181 462 241 534 ipse
254 461 370 518 fecisset.
385 458 465 530 Quod
479 467 567 516 autem
584 460 696 531 loquens
715 460 784 528 Deo,
800 460 910 532 premi·
966 458 1100 529 pleantur,
1115 459 1223 518 dicente
1236 459 1353 516 Domino
1366 478 1376 516 .-
1391 459 1453 516 Non
1465 458 1532 514 oeni
1546 458 1633 532 lepem
1647 463 1763 528 soluere,

114 552 160 616 sit,
175 551 300 608 Posuisti
313 563 358 606 mc
372 549 552 607 eontrarium
567 548 634 618 tion
651 547 700 604 Dei
714 563 744 605 se
756 555 847 604 tamen
858 564 913 604 nou
964 549 1014 606 aed
1027 549 1184 622 adimplere
1198 549 1310 621 (Holtb.
1324 566 1351 616 u,
1369 548 1423 620 ll).
1438 545 1514 604 illam
1526 555 1670 619 temperat,
1683 551 1765 607 isram

111 638 244 713 effugisse
257 640 344 711 legem
359 636 499 694 indicavit.
519 637 578 694 Hoc
601 637 704 711 quippe
724 636 758 693 ad
783 643 913 694 atemam
965 648 1055 708 ornat,
1068 646 1209 711 utramque
1223 638 1337 713 levigat.
1353 638 1498 710 Nunquam
1511 635 1562 691 erit
1574 635 1694 696 charitas
1704 639 1765 696 siue

112 728 268 799 iustamque
283 729 334 784 Dei
349 729 437 800 legem
451 725 591 798 pertinuit,
613 725 808 798 utqutaueo
824 726 913 782 noluit
965 726 1072 791 umora,
1093 727 1141 783 scd
1162 735 1256 784 nasto:
1288 743 1426 801 nunquam
1449 725 1508 782 siue
1535 723 1690 796 cupiditate,
1715 730 1765 783 sed

113 814 232 874 suaviter
247 814 314 888 regi,
331 814 475 885 poenaliter
494 813 617 886 aseipso
631 822 786 886 reperetur:
811 813 912 884 quique
965 815 1097 871 ordinata.
1113 816 1210 886 Implet
1223 832 1290 890 ergo
1303 816 1421 872 ebaritas
1440 816 1526 887 legem
1544 813 1627 878 serui,
1641 830 1704 871 cum
1718 816 1765 872 in-

112 912 209 975 sponte
219 904 319 978 jugum
331 919 415 960 suave
431 911 459 959 et
478 918 547 961 onus
569 902 629 960 lero
643 903 782 959 charitatis
799 903 909 974 abjecit,
964 902 1053 960 incdit
1065 905 1253 966 devotionem:
1269 906 1363 977 implet
1376 916 1403 961 et
1417 901 1590 971 mercenarii,
1605 917 1669 960 cum
1688 903 1764 960 ordi·

113 994 231 1066 propriae
245 991 390 1049 voluntatis
410 1007 480 1049 onus
503 990 676 1064 importabile
697 990 844 1049 sustineret
863 991 909 1046 iu·
963 1000 1010 1049 nat
1018 993 1204 1064 cupiditatem.
1213 995 1299 1052 Porro
1311 993 1401 1050 timori
1411 993 1540 1065 permista
1553 991 1663 1049 deuotio
1673 991 1763 1064 ipsum

111 1080 195 1138 ritus.
210 1079 277 1137 lliro
292 1079 384 1151 itaque
401 1089 428 1136 et
441 1080 515 1148 justo
528 1078 612 1134 modo
627 1085 730 1134 aetcrua
750 1078 793 1135 lex
815 1077 910 1150 lugiti-
962 1096 1017 1138 uon
1035 1082 1166 1150 annullat,
1189 1084 1239 1140 sed
1258 1082 1403 1140 castificat.
1427 1082 1510 1137 Poena
1532 1086 1632 1137 tautum
1648 1080 1762 1148 tollitur,

110 1183 173 1225 rum
188 1183 265 1224 sunm
280 1175 307 1224 et
317 1168 407 1240 posuit
417 1166 470 1223 sibi
485 1166 539 1240 [ol.
550 1166 641 1223 eidem
655 1165 719 1240 ipsi}
731 1166 907 1236 contrarium,
962 1171 1021 1227 sine
1035 1187 1087 1243 qua
1101 1187 1164 1228 esse
1177 1187 1234 1228 non
1248 1171 1336 1243 potuit
1348 1172 1414 1227 dum
1429 1168 1480 1227 luit
1493 1168 1630 1233 servillis;
1646 1175 1672 1226 et
1682 1169 1763 1226 unior

109 1266 137 1316 et
154 1258 265 1316 retinuit
282 1259 454 1329 subjectum:
479 1256 544 1314 dum
566 1234 692 1314 videlicet
715 1271 767 1313 neo
796 1254 908 1327 justitia
962 1266 1053 1316 manet
1066 1260 1095 1316 iu
1106 1260 1239 1316 seculum
1251 1260 1345 1317 saeculi
1354 1266 1445 1318 castus
1457 1269 1484 1316 et
1498 1257 1596 1315 filialis.
1606 1258 1676 1315 Nem
1690 1261 1763 1332 quod

106 1344 257 1420 ouupro
272 1345 376 1403 meritis
390 1346 479 1419 legem
493 1344 656 1411 sradt3nec
669 1352 836 1401 tamencum
851 1345 907 1400 Deo
961 1346 1067 1422 legitur,
1100 1351 1235 1421 Perfecto
1252 1349 1380 1406 claritas
1406 1351 1485 1420 soros
1511 1348 1606 1404 mitto
1630 1349 1760 1407 timorem

108 1431 138 1489 iu
165 1449 216 1490 sua
238 1434 308 1505 luce,
328 1433 356 1490 in
375 1448 423 1489 sua
437 1432 539 1505 requie,
559 1432 587 1486 in
601 1447 649 1488 sua
665 1431 752 1504 gloria
766 1432 906 1499 remansit,
959 1440 988 1510 (ι
999 1439 1081 1496 Jcan.
1100 1453 1141 1504 iv,
1157 1437 1219 1509 rs);
1231 1453 1313 1510 poena
1324 1433 1501 1509 intelligenda
1513 1442 1564 1501 eat,
1576 1450 1638 1506 quar
1653 1437 1759 1504 seruili,

107 1524 249 1594 subjectus
270 1523 408 1595 potestati,
429 1530 457 1578 ct
477 1522 621 1578 submotus
644 1520 772 1578 felicitati.
791 1521 906 1578 Domine
959 1534 990 1584 at
1016 1525 1149 1592 diximus,
1184 1542 1324 1599 nunquam
1345 1524 1424 1583 deest
1450 1524 1551 1594 timori,
1585 1523 1633 1580 illo
1656 1525 1759 1584 scilicet

105 1612 183 1667 Deus
204 1626 294 1679 meus,
315 1627 369 1668 cnr
392 1627 451 1670 non
474 1611 552 1668 tollis
577 1615 724 1684 peccatam
746 1626 855 1681 meum,
876 1615 904 1668 et
920 1628 943 1708 fl
958 1629 1061 1687 qcoere
1074 1614 1229 1681 locutionis,
1244 1631 1300 1688 quo
1313 1629 1388 1687 sapa
1402 1629 1486 1671 causa
1508 1611 1620 1684 ponitur
1639 1629 1694 1684 pro
1720 1614 1760 1670 ei·

105 1716 261 1775 querceco
271 1702 371 1771 assera
385 1696 691 1774 iniquitatemmeem?
703 1697 772 1769 (lob.
786 1712 841 1765 uu,
855 1700 901 1768 20,
956 1702 1037 1760 lectm
1053 1702 1156 1760 Deinde
1171 1703 1306 1775 cupiditas
1324 1710 1390 1760 tunc
1410 1712 1484 1760 recte
1507 1717 1525 1757 a
1552 1704 1760 1774 superueniente

105 1792 164 1862 tt.)
174 1797 203 1846 ut
216 1791 319 1862 abjecti
334 1789 421 1862 gravit
432 1789 541 1845 sarcina-
552 1787 670 1859 prepriae
684 1786 838 1852 voluntatis,
849 1788 901 1844 sub
956 1791 1089 1850 enaritate
1104 1791 1257 1862 ordinatur,
1272 1809 1333 1850 eum
1348 1791 1420 1850 mala
1436 1791 1547 1864 quidem
1564 1790 1670 1865 penitus
1695 1808 1757 1850 res-

103 1878 156 1938 lavi
169 1894 251 1937 onera
264 1877 402 1935 charitatis
416 1876 547 1948 respirem
558 1895 567 1945 ς
578 1890 630 1932 nec
640 1875 698 1946 jam
711 1873 793 1932 servii
807 1873 903 1933 timore
958 1889 1095 1953 puuutur‚
1107 1880 1192 1938 'bouis
1210 1896 1275 1939 uero
1290 1881 1401 1938 meliors
1415 1879 1605 1953 praelemutur,
1623 1895 1674 1939 nec
1687 1880 1758 1938 bone

102 1982 230 2036 coereem,
253 1981 303 2023 uec
316 1963 483 2023 mercenaria
495 1962 641 2038 cupiditate
654 1961 764 2035 illiciar;
780 1962 826 2019 sed
837 1976 905 2038 agar
957 1971 1008 2028 uisi
1023 1982 1133 2045 propter
1146 1971 1260 2028 meliora
1269 1979 1442 2044 appetuntur.
1455 1970 1533 2040 Quod
1544 1986 1605 2028 cum
1621 1971 1699 2042 plcne
1710 1988 1759 2044 por

102 2056 199 2128 epirilu
216 2064 272 2121 11¹0,
288 2053 388 2126 Spiritu
402 2053 544 2120 Ῑῑῧθῐῑῑῑῑῦ,
567 2066 622 2125 (111⁰
640 2060 757 2126 aguntur
781 2049 830 2106 filii
853 2050 903 2122 ²115,
957 2060 1007 2117 Dei
1021 2060 1135 2134 gratiam
1153 2070 1309 2118 assecutum
1331 2059 1424 2130 luerit,
1445 2058 1575 2135 diligetur
1595 2075 1705 2132 corpus,
1730 2070 1757 2118 et

101 2147 150 2218 qui
170 2143 355 2200 testimonium
371 2142 464 2199 reddet
488 2141 595 2214 spiritui
612 2155 686 2208 meo,
710 2141 783 2213 quod
798 2148 832 2212 ¹et
851 2154 903 2213 eqo
958 2149 1086 2206 universa
1112 2149 1236 2222 eorporis
1268 2149 1341 2207 bont
1364 2158 1466 2206 tantum
1493 2156 1606 2222 prepter
1627 2151 1755 2222 animam,

100 2232 362 2291 aimunusexfiliit
377 2234 472 2305 (Rom-
492 2247 554 2298 vm·
581 2229 689 2303 154⁶),
716 2231 782 2288 dum
807 2228 901 2287 “dem
956 2239 1049 2296 anima
1066 2248 1179 2313 propter
1197 2239 1754 2315 Deum,Deusautempropterseipsum.

101 2323 169 2381 mibi
179 2323 223 2379 lex
238 2322 318 2380 inerit
333 2336 394 2395 qnae
408 2329 436 2378 et
450 2320 514 2392 tibi,
531 2319 641 2377 etaient
655 2325 685 2376 tu
698 2334 739 2385 es,
754 2317 792 2376 ita
807 2325 835 2376 et
844 2317 903 2392 ipae
1257 2344 1373 2402 031>OE
1391 2345 1454 2401 xv·

102 2413 154 2471 Sim
169 2414 196 2468 in
211 2412 262 2469 hoc
286 2411 398 2468 mimilo-
420 2410 453 2466 Ηί
477 2407 621 2483 Siquidem,
650 2407 697 2481 qui
723 2410 776 2467 huo
802 2407 904 2468 imiimi
956 2436 1127 2509 00qu
1140 2432 1272 2508 mmm
1285 2436 1403 2499 am·
1423 2436 1451 2490 οἱ
1463 2434 1543 2506 serm·
1560 2437 1639 2493 “m
1651 2437 1754 2508 poma

101 2498 684 2574 quodaitdpostolus,lleminiquidqoom
697 2496 830 2568 debeatis
844 2499 903 2555 nisi
1289 2504 1419 2562 catastis.

102 2592 138 2648 at
159 2590 280 2646 invicem
300 2588 426 2660 dilidam
446 2587 537 2658 (bom.
557 2600 621 2658 ¹¹¹¹,
646 2584 693 2657 8);
710 2585 803 2656 Pf⁰0¹¹¹
818 2583 903 2642 dubio
992 2596 1038 2650 39.
1053 2592 1242 2652 Verumtamen
1258 2592 1323 2665 quia
1336 2593 1459 2651 camales
1473 2609 1578 2663 sumus,
1595 2603 1622 2652 et
1644 2594 1679 2652 de
1693 2612 1754 2653 car·

101 2681 172 2739 sicut
185 2682 317 2744 beasset,
333 2685 360 2734 et
372 2677 424 2749 ipsi
439 2688 501 2734 sunt
515 2676 543 2731 in
557 2677 609 2734 boc
623 2675 739 2734 mundo:
764 2690 813 2734 uec
830 2677 901 2733 serti
955 2683 999 2740 nis
1009 2681 1228 2754 concupiscentia
1246 2681 1391 2752 nascimur,
1407 2697 1520 2740 necesse
1533 2692 1576 2741 est
1598 2691 1627 2739 ut
1646 2684 1754 2758 cupidi·

102 2778 150 2828 aut
165 2767 323 2828 mercenarii
338 2775 412 2837 sunt,
427 2765 475 2823 sed
484 2763 544 2822 filii·
956 2779 997 2829 tas
1012 2770 1053 2831 uel
1069 2787 1147 2830 amor
1160 2779 1253 2830 noster
1266 2788 1281 2827 a
1295 2785 1376 2828 came
1390 2770 1501 2843 incipiat
1515 2789 1522 2844 3
1548 2787 1609 2845 quie
1638 2773 1661 2829 si
1680 2783 1754 2831 recto

918 2862 1052 2955 cordine
1067 2860 1207 2934 dirigitur,
1216 2860 1381 2935 quibusdan
1399 2861 1457 2916 suis
1471 2860 1602 2934 gradibus
1611 2861 1682 2919 dune
1691 2880 1754 2936 gra·

954 2949 988 3006 tis
1002 2949 1159 3023 proficiens,
1176 2949 1276 3021 spiritu
1292 2951 1399 3006 medem
1418 2950 1664 3008 consummabitur:
1689 2952 1754 3024 quie

952 3052 1008 3095 non
1021 3037 1097 3109 prius
1110 3038 1183 3108 quod
1198 3037 1348 3107 spirituale,
1365 3036 1413 3093 sed
1431 3038 1505 3109 quod
1517 3038 1753 3109 animale,deinde

137 3125 182 3180 ³7.
193 3119 286 3195 Itaque
298 3136 351 3179 neo
362 3119 410 3177 litii
423 3125 486 3175 suut
500 3119 558 3176 sine
572 3116 645 3192 lege,
657 3117 709 3173 nisi
723 3117 792 3175 torta
802 3117 899 3191 aliquis
952 3127 1024 3202 quod
1049 3123 1133 3184 ool
1153 3125 1294 3197 spirituale
1306 3127 1334 3200 (1
1344 3127 1406 3183 eor.
1416 3141 1466 3194 nv,
1478 3124 1534 3196 46).
1550 3126 1586 3181 Et
1609 3125 1685 3196 prius
1706 3143 1754 3184 ne-

100 3212 177 3271 aliter
190 3212 288 3270 sentiet
302 3221 412 3284 propter
424 3210 478 3266 boc
492 3208 566 3281 quod
579 3208 712 3279 scriptum
727 3216 783 3266 eet:
807 3210 898 3267 luetis
951 3231 1029 3274 cessa
1042 3224 1084 3275 cst
1097 3224 1234 3288 portemus
1244 3213 1391 3288 imaginem
1409 3213 1553 3277 terrestria,
1575 3212 1674 3270 deinde
1693 3230 1753 3272 eoe.

100 3320 159 3362 nou
182 3307 224 3362 eti
242 3303 291 3360 ἴσω
319 3302 413 3378 potita
431 3300 459 3374 (Ι
478 3300 547 3358 Tim·
576 3314 596 3368 1.
621 3297 896 3372 ⁹)·S⁰d20501¹d⁰m2
951 3305 1038 3364 lestis.
1053 3303 1083 3360 ln
1099 3303 1196 3376 primis
1210 3318 1277 3378 ergo
1290 3300 1380 3378 diligit
1398 3303 1518 3375 seipsum
1537 3302 1619 3359 bomo
1644 3310 1753 3375 propter

100 3392 174 3468 quod
192 3393 244 3451 alia
258 3398 300 3448 est
312 3391 356 3449 len
370 3389 570 3463 promulgataa
589 3387 688 3460 spiritu
707 3386 847 3446 servitutis
870 3387 898 3446 iu
951 3409 982 3450 se
999 3416 1007 3466 ;
1022 3407 1086 3450 caro
1112 3390 1214 3467 quippe
1232 3397 1285 3462 est,
1299 3396 1328 3449 et
1348 3391 1386 3448 nil
1408 3404 1505 3464 sapere
1517 3389 1588 3448 rdet
1600 3399 1699 3462 prater
1711 3407 1752 3449 se.

100 3481 210 3545 timore;
222 3479 302 3536 abac
316 3479 416 3553 spiritu
428 3478 561 3536 libertum
569 3479 632 3534 data
645 3476 673 3534 iu
687 3479 828 3536 suauitate.
844 3479 900 3538 Nec
951 3482 1073 3558 Cumque
1088 3497 1120 3540 se
1131 3482 1207 3541 ridet
1219 3499 1270 3558 per
1284 3498 1313 3541 se
1325 3496 1381 3541 non
1394 3496 1476 3556 posse
1490 3479 1648 3553 subsistere,
1667 3482 1753 3538 ὓουοι

100 3572 152 3627 rub
183 3567 229 3624 illa
255 3576 388 3641 coguntur
414 3583 475 3625 esse
501 3565 560 3635 filii,
589 3582 640 3624 uec
670 3565 730 3624 siue
762 3568 814 3625 ista
837 3583 899 3625 susc
951 3573 1029 3647 quasi
1052 3571 1106 3629 sibi
1121 3573 1308 3630 necessmium
1320 3571 1415 3642 incipit
1430 3587 1480 3644 per
1497 3570 1579 3628 iidem
1602 3568 1750 3643 inquirere,

100 3657 250 3733 patiuntur.
266 3657 315 3714 Vis
327 3655 421 3714 andire
435 3655 499 3728 quin
509 3655 591 3726 iustis
606 3669 661 3711 noa
675 3661 718 3711 est
731 3655 775 3712 lex
788 3657 898 3728 posita?
952 3669 979 3718 et
996 3659 1120 3730 diligere.
1139 3658 1233 3730 Diligit
1261 3659 1353 3731 itaque
1370 3660 1397 3715 in
1412 3657 1534 3713 seeundo
1548 3658 1635 3730 gradu
1654 3659 1750 3726 Deum,

101 3747 163 3807 Non
177 3745 336 3819 accepistis,
356 3745 402 3816 ait,
425 3745 561 3819 spiritum
581 3743 731 3801 seruitutis
750 3745 899 3802 ilerumin
952 3748 1001 3805 sed
1023 3753 1134 3821 propter
1148 3763 1188 3815 se,
1204 3762 1259 3804 nou
1282 3753 1395 3819 propter
1422 3747 1522 3820 ipsum.
1546 3747 1582 3801 At
1603 3761 1668 3804 uero
1690 3762 1751 3804 cum

102 3838 212 3896 umore.
231 3835 277 3893 Vis
290 3835 383 3892 audire
395 3834 468 3906 quod
480 3841 572 3890 tamen
594 3831 654 3888 sine
678 3830 738 3906 lege
761 3832 900 3892 eharitatis
951 3836 1042 3909 ipsum
1055 3835 1169 3906 coeperit
1182 3833 1323 3893 occasione
1338 3832 1456 3907 proprie
1470 3831 1637 3892 comeum
1658 3834 1751 3892 colere

99 3925 240 3984 condat?
253 3924 305 3985 scd
318 3921 729 3998 mcepota‚inquit,aptritom
737 3921 899 3996 adoptionis
952 3933 980 3983 et
1006 3924 1190 3998 frequentare,
1215 3922 1370 3994 mainnuo,
1399 3921 1526 3994 legendo,
1549 3923 1663 3992 orando,
1685 3925 1751 3983 obe·

99 4016 229 4088 filiorum
254 4015 346 4086 [boam
375 4027 437 4080 aru,
466 4011 522 4086 lb).
550 4010 673 4084 Denique
700 4010 762 4066 sudi
793 4012 898 4081 justum
952 4014 1064 4082 diendo,
1077 4012 1195 4088 quadam
1213 4010 1402 4082 huiuscemodi
1421 4008 1600 4068 familiaritate
1622 4007 1750 4084 paulatim

100 4112 247 4179 utrumque
261 4105 295 4162 de
309 4119 338 4161 se
358 4103 497 4168 latentem,
509 4099 620 4175 etquod
634 4113 690 4156 non
708 4104 745 4156 sit
758 4099 896 4178 sublege,
953 4103 1112 4176 sensimque
1136 4102 1212 4158 Deus
1227 4099 1379 4170 innotescit,
1389 4104 1590 4174 consequenter
1605 4107 1633 4157 et
1653 4100 1749 4158 dulce·

97 4210 151 4253 nae
167 4205 254 4252 umen
267 4195 302 4250 sit
320 4191 379 4250 sine
394 4191 579 4265 repausetur
593 4205 667 4256 snm,
683 4187 781 4262 inquit,
793 4187 835 4248 bis
846 4192 898 4267 qni
913 4153 939 4235 υ
952 4194 1015 4253 scit:
1028 4192 1106 4250 etsie
1117 4198 1225 4266 quatuo
1239 4205 1323 4264 quam
1336 4190 1426 4249 suauis
1439 4198 1482 4248 est
1495 4187 1638 4259 Dominus,
1656 4192 1750 4248 transit

99 4284 151 4343 aab
166 4281 481 4357 opressaqnoatsab
495 4279 824 4355 cessissemusne
838 4296 897 4339 noc
950 4285 986 4341 sd
1014 4281 1125 4340 tertium
1148 4279 1273 4355 qmdum,
1301 4288 1330 4338 ut
1357 4278 1456 4352 diligat
1480 4279 1579 4351 beorn,
1614 4295 1669 4341 uon
1692 4281 1749 4353 J'am

99 4390 188 4433 essem
204 4372 255 4430 eoi
272 4374 347 4445 lepc:
369 4368 413 4427 bis
435 4372 485 4444 qui
502 4371 564 4426 sine
575 4369 632 4441 lepe
653 4371 747 4438 crant,
759 4371 897 4444 unquam
949 4381 1064 4448 propter
1082 4386 1124 4442 se,
1139 4369 1187 4427 sed
1213 4378 1327 4444 propter
1341 4369 1441 4442 ipsum.
1460 4368 1531 4426 Saue
1544 4369 1574 4425 iu
1596 4369 1649 4426 boc
1662 4372 1749 4446 gradu

99 4478 206 4531 eraemr
218 4477 283 4519 cum
297 4461 359 4519 eine
378 4459 436 4533 lopo
452 4459 503 4516 Dei
520 4474 580 4517 non
596 4471 696 4529 essem,
721 4459 768 4517 sed
783 4462 815 4518 in
840 4462 898 4535 ispe
950 4463 996 4520 diu
1009 4470 1111 4519 autur:
1132 4469 1160 4518 et
1173 4459 1265 4518 nacto
1279 4458 1304 4516 si
1316 4474 1333 4515 a
1345 4473 1482 4534 quoquam
1508 4458 1648 4517 bominum
1663 4473 1748 4532 quar·

99 4570 188 4614 esrem
203 4551 310 4612 Christi
321 4550 348 4622 (l
357 4552 419 4609 Cor.
433 4547 539 4623 rx‚ltl).
549 4546 625 4608 Unde
642 4556 704 4623 apte
718 4562 773 4607 nou
787 4547 896 4621 dicitur,
950 4559 994 4610 tus
1007 4551 1035 4609 in
1048 4551 1101 4609 bac
1122 4552 1177 4611 aits
1190 4548 1309 4623 perfecte
1323 4548 1548 4624 apprehenditur,
1564 4556 1632 4626 utne
1644 4546 1749 4621 scilicet
1778 4626 1780 4631 ,

97 4643 168 4699 lasti
189 4657 244 4698 ron
263 4641 363 4696 babent
388 4639 487 4714 legem,
506 4645 565 4712 aut,
577 4637 647 4696 lusti
661 4646 724 4696 sunt
737 4638 797 4696 sinc
812 4636 895 4713 leget
949 4640 1043 4719 diligat
1055 4641 1138 4699 bomo
1158 4648 1259 4699 tautum
1278 4645 1392 4710 propter
1404 4638 1644 4695 Daum.dsserant
1657 4638 1710 4697 boc
1723 4638 1747 4698 si
1772 4658 1792 4676 ·⁴

100 4733 156 4800 sed,
172 4733 262 4790 iustis
273 4731 385 4788 noemi
396 4730 560 4802 impositu
570 4727 685 4799 boesst,
700 4733 896 4800 nonunquam
949 4729 997 4804 qui
1008 4731 1112 4803 experti
1127 4733 1210 4787 sunt:
1228 4725 1303 4794 mibi,
1317 4726 1416 4794 iateor,
1438 4726 1607 4799 impossibile
1627 4727 1745 4786 uidetur.

99 4818 191 4877 inritis
205 4819 339 4892 imposita,
355 4816 404 4876 scd
422 4816 580 4875 volnutmiis
598 4830 632 4873 eo
652 4813 800 4872 liberaliter
822 4815 894 4889 data,
948 4817 1009 4875 Erit
1021 4828 1111 4876 autem
1127 4815 1221 4887 procul
1234 4813 1330 4880 dublo,
1344 4829 1408 4871 cim
1416 4813 1584 4874 introductus
1597 4813 1678 4872 inerit
1685 4831 1745 4873 ser-
1816 4845 1823 4856 ·

99 4922 155 4980 quo
170 4909 288 4967 suaviter
311 4909 449 4980 inspirata.
476 4908 553 4966 Unde
576 4913 603 4962 et
621 4905 733 4975 pulchre
752 4903 894 4978 Dominus,
948 4921 999 4964 rus
1013 4906 1102 4962 bouus
1119 4913 1147 4961 et
1164 4901 1253 4960 fidelia
1267 4901 1439 4976 ingaudium
1455 4903 1560 4960 Domim
1575 4904 1618 4962 sni
1632 4904 1744 4976 (nortl.

101 4997 211 5067 Tollite,
222 4997 269 5064 ait,
275 5000 380 5070 jopem
389 5012 487 5054 meum
500 5010 585 5070 super
599 5011 646 5053 uos
659 4993 822 5065 (dottam,
831 4993 893 5068 til:
948 5011 1023 5062 xxv,
1033 4996 1126 5067 it),et
1138 4992 1289 5049 inebriatus
1304 4992 1337 5048 ab
1351 4993 1474 5050 ubertate
1486 4992 1583 5050 domus
1597 4994 1647 5051 Dei
1656 4996 1744 5067 (Paul.

98 5084 167 5144 acsi
185 5085 296 5154 diecret,
312 5085 496 5156 Nonimpono
518 5082 621 5153 inritis,
639 5085 752 5142 seiros
774 5081 896 5142 tolliteai
948 5102 1036 5153 xxxv,
1052 5087 1090 5155 9).
1107 5080 1192 5153 Quasi
1210 5079 1285 5137 enim
1310 5079 1382 5137 miro
1401 5080 1518 5155 quodam
1541 5083 1621 5140 modo
1644 5083 1746 5143 oblitus

97 5176 199 5244 vultis3
214 5174 335 5249 alioquid
349 5191 404 5233 nou
419 5175 604 5248 requiemsed
619 5173 739 5232 laborem
754 5173 895 5232 inuenietis
948 5175 1002 5242 sui,
1016 5186 1044 5230 et
1058 5188 1074 5228 a
1087 5186 1117 5229 se
1133 5167 1242 5244 penitus
1260 5169 1336 5227 uelut
1349 5165 1489 5237 deficiens,
1507 5175 1579 5226 totus
1602 5178 1700 5247 perget
1719 5175 1746 5230 in

100 5266 241 5325 animabus
255 5263 361 5325 uestris
947 5265 1059 5322 Deum:
1076 5271 1103 5318 et
1116 5257 1247 5330 deinceps
1260 5258 1402 5314 adbaerens
1419 5258 1455 5324 ei,
1470 5273 1542 5315 unus
1555 5274 1618 5316 cum
1636 5277 1671 5318 eo
1688 5261 1745 5335 spi·

134 5359 179 5413 38.
195 5356 269 5416 bons
284 5355 375 5428 itaque
389 5354 432 5412 lex
446 5355 574 5424 charitas,
594 5363 622 5412 et
639 5353 748 5413 suavis:
764 5369 825 5428 quae
839 5369 894 5413 nou
948 5354 1017 5410 ritus
1030 5348 1082 5409 erlt
1096 5351 1120 5421 (l
1134 5349 1196 5408 Cor.
1212 5345 1525 5419 ur,17).drbitrorboc
1543 5347 1662 5407 senense
1674 5351 1743 5409 Pro-

394 2905 508 2964 CAPUT
527 2905 604 2964 xiv.

278 3007 317 3066 uc
338 3006 394 3080 lece
415 3006 565 3063 charitalis
580 3005 719 3076 filiorum.

92 5447 185 5510 'solum
199 5446 294 5508 leviter
311 5443 481 5523 suaviterque
494 5451 625 5524 portetur,
641 5443 785 5512 sedetiam
800 5459 894 5510 servo
948 5441 1058 5526 phetam
1072 5455 1134 5503 cum
1147 5436 1248 5500 dioeret
1259 5453 1266 5498 ι
1276 5437 1401 5502 introibe
1416 5436 1449 5499 in
1460 5439 1743 5520 potentiosDominti
