3728 5940
111 187 148 257 tt
699 188 874 253 PllAElllle
889 189 1084 262 assimiler
1724 187 1767 251 20

144 314 202 384 YIL
218 314 338 381 Primam
351 313 540 374 nihilominius
557 314 707 374 editionem
724 314 808 387 iiiam,
823 325 953 391 qnantum
969 315 1073 381 bomini
1086 314 1176 384 docto,
1191 314 1326 388 diligenti,
1348 331 1381 374 ac
1401 313 1531 372 bernardi
1555 330 1683 390 perquam
1697 327 1761 376 stu·

109 401 197 475 dinan,
211 403 262 462 sed
278 402 392 474 privato,
408 403 493 476 licuit,
505 403 616 462 feliciter
637 410 782 461 exsecutus
796 414 839 461 est
854 405 998 467 flendus:
1021 403 1058 460 ita
1073 414 1104 465 ut
1126 407 1187 476 ejus
1210 403 1294 462 editio
1317 404 1459 473 ambabus,
1480 415 1512 463 nt
1535 404 1620 472 aiunt,
1635 406 1763 465 manibus

108 499 218 563 accepta
232 491 312 547 inerit
323 493 358 548 ab
369 492 495 549 omnibus
511 499 536 548 et
550 493 672 564 probata,
687 499 715 548 et
729 494 756 549 iu
770 492 851 549 variis
871 492 1018 564 provinciis
1032 508 1066 550 ac
1079 492 1146 551 iocis
1159 493 1312 563 sepissime
1327 509 1434 551 recusa.
1452 493 1550 550 Verum
1559 510 1623 551 cum
1632 495 1763 553 bernardi

108 586 211 641 testum
232 579 408 640 llnrstianum
426 582 460 638 ad
473 579 620 652 gallicanos
633 581 741 638 codices
754 582 910 654 complures
929 582 1120 654 prefectorum
1143 589 1301 639 nostrmum
1313 583 1394 652 jussu
1415 581 1553 655 exegisset
1570 592 1663 639 noster
1683 584 1763 641 Clau·

108 667 170 737 dius
184 668 370 740 eatetenus,-
394 669 524 742 quosdam
548 668 721 726 nibilominus
737 669 766 727 in
791 669 836 727 illo
852 677 927 727 tantu
948 670 1128 744 deprehendit
1150 685 1252 737 nevos,
1272 671 1319 745 qui
1342 672 1437 727 bomtn
1461 669 1585 728 codicum
1603 686 1654 745 cpe
1672 673 1764 729 sanari

109 758 291 828 postulabant.
313 759 350 816 Ει
369 757 497 813 bernardi
517 756 627 830 quidem
648 772 790 816 sermones
815 759 849 815 de
868 760 1004 832 Tempore
1028 759 1107 816 acde
1121 761 1225 816 sanctis
1239 761 1267 815 iu
1286 760 1403 815 secunda
1424 758 1511 815 forma
1529 759 1763 818 emendatissimos

109 846 199 903 emisit
212 848 240 902 iu
258 847 357 902 lucem.
372 846 482 910 verum,
497 861 559 901 cum
573 845 632 902 aliis
646 847 741 903 eadem
769 847 908 920 diligentia
929 847 1091 923 evulgandis
1112 849 1188 905 daret
1201 864 1324 920 operam,
1344 849 1413 905 banc
1429 847 1489 918 ipsa
1510 847 1575 903 mibi
1598 850 1764 920 provinciam

108 944 194 993 morte
207 935 364 1007 resignavit,
385 933 550 992 adolescenti
574 935 602 993 in
620 952 650 995 re
673 935 804 995 litteraria
824 952 893 995 novo
917 944 944 993 et
964 937 1117 1010 inexperto,
1142 937 1187 994 cui
1206 953 1346 1010 nunquam
1367 938 1488 994 venisset
1509 936 1538 991 in
1560 947 1675 993 mantem
1700 955 1762 995 curu

107 1023 265 1081 doctissimo
291 1021 399 1080 llorstio
413 1023 536 1081 laborem
549 1033 576 1081 et
598 1024 758 1081 industriam
787 1025 921 1087 conferre,
942 1025 994 1082 nisi
1015 1025 1176 1085 renitentem
1196 1042 1227 1083 ac
1246 1025 1465 1083 cunctabundum
1489 1024 1523 1081 ad
1547 1027 1763 1097 persequendum

106 1111 240 1171 detnortui
254 1110 402 1171 cantelota‘i
417 1127 487 1184 opus
498 1112 645 1186 prefectus
660 1123 750 1171 noster
763 1114 901 1190 generatis
915 1115 968 1188 pisa
982 1114 1128 1182 memmiae,
1149 1113 1391 1171 reverendissimus
1404 1112 1559 1170 Bernardus
1579 1113 1760 1182 dudabertus,

106 1215 151 1257 tna
163 1199 345 1272 compulisset.
361 1202 440 1257 Parui
453 1201 542 1275 itaque
555 1202 717 1275 velinvitus,
730 1211 759 1260 at
776 1205 927 1276 symbolam
943 1203 1081 1273 inprimis
1100 1219 1134 1260 ex
1161 1203 1346 1261 cistersiensis
1367 1200 1537 1258 bibliothece
1561 1203 1763 1275 exemplaribus

105 1286 261 1345 conferente
276 1290 404 1361 religioso
420 1290 477 1346 tiro
490 1292 593 1348 Jacobs
607 1291 734 1364 manage
747 1293 807 1363 ejus
822 1291 959 1365 praefecto,
971 1292 1060 1348 editus
1079 1293 1187 1348 tandem
1201 1292 1356 1348 bernardus
1368 1297 1410 1346 est
1424 1289 1452 1346 in
1466 1289 1562 1359 majori
1576 1299 1603 1346 et
1617 1291 1646 1346 iu
1660 1292 1761 1350 minari

105 1376 202 1449 torna,
218 1393 274 1435 non
297 1394 330 1435 eo
353 1378 466 1452 quidem
489 1381 571 1437 modo
590 1396 643 1451 quo
667 1381 792 1446 decebat,
813 1382 862 1436 scd
876 1381 984 1454 qualem
1005 1381 1077 1437 ferre
1101 1381 1189 1453 pbtuit
1210 1379 1286 1435 rudis
1299 1395 1359 1437 mea
1379 1386 1456 1446 oetas,
1470 1388 1516 1434 aut
1538 1393 1602 1436 uero
1621 1381 1760 1452 qualemn

103 1463 224 1532 librario,
240 1483 296 1523 suae
316 1468 413 1541 magis,
429 1486 508 1542 quam
523 1469 636 1539 publicae
649 1469 689 1526 rei
707 1469 823 1537 addicto,
839 1471 985 1541 impetrare
999 1469 1082 1527 licuit.

143 1573 292 1633 triticum
321 1590 384 1631 varo
406 1575 543 1644 ejusmodi
562 1576 716 1633 studiorum
738 1577 867 1633 continuo
888 1591 937 1631 usn
963 1575 1046 1632 multa
1067 1575 1096 1630 in
1116 1575 1177 1632 dies
1201 1575 1401 1639 observassem,
1423 1589 1487 1645 quae
1509 1574 1543 1629 ad
1567 1572 1711 1629 limandum
1733 1584 1762 1633 et

114 1662 294 1720 flustrandam
307 1663 434 1719 bernardi
453 1663 599 1723 editionem
617 1664 740 1721 conferre
752 1672 890 1736 poterant;
912 1665 968 1721 haec
982 1665 1084 1730 omnia,
1107 1672 1137 1720 ut
1153 1664 1210 1734 jam
1231 1662 1297 1728 diui,
1320 1661 1466 1737 diligenter
1489 1668 1583 1719 notare
1606 1661 1704 1726 dadai,
1730 1671 1761 1718 ut

104 1750 251 1824 siquando
266 1753 510 1822 tampnsetotinm
525 1753 589 1809 mihi
607 1761 793 1826 suppeterent,
809 1754 890 1810 aliam
912 1753 1129 1819 emendatiorem,
1151 1753 1315 1827 politiorem,
1341 1751 1580 1824 perfectioremque
1599 1751 1760 1806 adornarent

104 1839 202 1895 Verum
215 1855 275 1895 cum
296 1839 369 1895 adid
384 1841 473 1913 operis
489 1842 724 1914 meaccingerem‚
749 1843 777 1899 in
801 1844 886 1899 alium
899 1841 1040 1914 scopulum
1059 1857 1104 1899 me
1131 1841 1246 1912 coniecit
1273 1841 1371 1898 misera
1395 1839 1648 1914 typographicamm
1668 1839 1759 1910 legunt

102 1926 233 1993 conditio,
248 1943 281 1984 ex
308 1943 361 1999 qua
374 1928 491 1995 undem,
506 1936 635 2001 tanquam
653 1940 811 2003 tempestate
830 1933 957 2000 quadam,
986 1931 1015 1986 in
1039 1933 1111 1988 hunc
1133 1931 1350 2004 qualemcunque
1379 1937 1490 2000 portum
1511 1929 1615 1984 delatus
1638 1943 1708 1993 sum,
1727 1943 1760 1983 ea

104 2030 169 2075 stoa
183 2015 302 2082 fortuna,
317 2033 399 2087 quam
414 2017 480 2074 nibil
494 2019 589 2075 attinet
603 2019 683 2075 modo
697 2035 921 2077 commemorare.

138 2119 187 2176 tx.
204 2121 261 2178 Etsi
275 2136 339 2179 aero
362 2138 378 2177 a
401 2123 523 2181 moribus
537 2125 603 2180 mais
626 2131 654 2181 et
675 2126 708 2181 ab
723 2126 844 2182 instituto
868 2135 962 2184 nostro
980 2141 1094 2199 prorsus
1117 2125 1237 2181 alienum
1257 2137 1320 2178 esse
1340 2123 1438 2178 debeat
1454 2122 1593 2194 propriam
1620 2121 1759 2180 venditare

103 2222 224 2282 operam,
239 2209 352 2266 interest
361 2218 452 2268 tamen
470 2215 522 2269 ftcc
535 2214 563 2269 in
577 2213 669 2270 limina
682 2215 876 2283 demonstrare,
894 2216 994 2286 quibus
1007 2216 1034 2270 in
1048 2215 1128 2270 rebus
1151 2210 1296 2267 novissima
1314 2211 1373 2266 brec
1386 2210 1469 2266 editio
1495 2220 1550 2265 tum
1565 2212 1598 2264 ab
1617 2210 1759 2266 florstiana

103 2306 161 2355 tum
176 2299 256 2355 etiam
269 2315 285 2354 a
296 2299 379 2370 priori
393 2308 486 2357 nostra
502 2301 618 2358 differat.
634 2301 667 2358 ttt
686 2302 774 2374 primo
792 2304 902 2376 quidem
923 2304 951 2359 in
966 2301 1138 2360 conferendis
1153 2299 1265 2359 vetustis
1279 2297 1419 2356 codicibus
1440 2305 1517 2352 antea
1531 2298 1598 2353 mihi
1613 2312 1666 2353 non
1680 2298 1757 2364 visis,

104 2385 139 2445 tis
152 2387 279 2454 manime,
296 2403 367 2461 qnos
379 2390 422 2446 vel
437 2389 465 2445 in
478 2390 563 2447 variis
576 2392 719 2462 provinciis
732 2407 748 2446 a
762 2393 841 2448 nobis
855 2394 972 2449 subinde
986 2391 1156 2463 perlustratis
1170 2387 1312 2444 consulere
1334 2395 1360 2442 et
1373 2387 1510 2443 revolvere
1528 2386 1612 2456 licuit,
1632 2387 1674 2443 vel
1690 2402 1759 2458 quos

104 2475 133 2531 in
155 2476 349 2533 bibliothecam
368 2476 547 2535 Cofbertinam
566 2494 664 2555 magno
686 2480 725 2535 rei
746 2479 884 2536 litterariae
907 2481 1052 2537 commodo
1070 2486 1132 2552 post
1152 2488 1271 2534 nostram
1295 2477 1443 2533 editionem
1462 2477 1600 2550 congessit
1618 2476 1660 2533 vir
1682 2476 1761 2532 bonis

102 2563 199 2621 littaris
221 2565 348 2635 juvandis
362 2573 391 2622 et
405 2566 571 2623 illustrandis
594 2576 672 2624 natus
691 2568 842 2640 Stephanus
865 2570 999 2635 Bulsinius,
1014 2568 1149 2626 secundas
1176 2583 1255 2623 curas
1269 2565 1395 2634 adbibui;
1411 2573 1466 2620 tunt
1478 2580 1511 2621 ex
1532 2565 1615 2621 variis
1637 2565 1761 2621 fectioni-

103 2653 155 2708 bna
179 2669 225 2708 eas
249 2653 380 2723 seligere,
409 2661 436 2711 et
464 2655 490 2709 in
512 2661 614 2710 matum
638 2657 783 2713 restituere
804 2659 911 2724 curari,
934 2673 995 2728 quas
1016 2656 1143 2715 Bemsrdi
1170 2657 1308 2711 sententiae
1333 2653 1561 2709 accomodatiores
1575 2653 1756 2709 ridebantur:

104 2756 165 2814 quae
180 2756 222 2797 res
240 2755 319 2797 usam
343 2749 464 2798 ratarum
487 2741 617 2800 librorum
635 2760 705 2817 pena
727 2745 883 2815 assiduum,
912 2758 1019 2820 gustum
1045 2762 1096 2802 usu
1124 2743 1300 2816 acquisitum,
1322 2742 1507 2813 materiesque
1519 2741 1650 2812 judiciam
1666 2740 1760 2811 exigit·

104 2845 186 2906 quam
209 2830 387 2887 litteratorum
410 2831 508 2905 vulgus
523 2833 663 2905 opinatur,
678 2835 724 2906 qui
745 2851 902 2891 aranearum
923 2835 989 2893 teias
1012 2843 1119 2908 captare
1138 2849 1188 2890 uos
1209 2831 1373 2896 existimant,
1397 2831 1461 2885 dum
1476 2830 1535 2896 has,
1554 2845 1623 2903 quas
1650 2836 1760 2901 putant*

103 2918 231 2976 minutias
243 2927 439 2977 consectamur.
456 2920 556 2978 Verum
570 2922 686 2979 sentiant
707 2923 733 2979 id
747 2939 834 2996 genus
857 2925 980 2980 homines
995 2924 1028 2980 de
1042 2923 1122 2979 nobis
1144 2920 1255 2995 quiquid
1270 2922 1378 2989 votent;
1403 2921 1485 2975 modo
1508 2926 1629 2974 nostram
1651 2931 1761 2990 operam

102 3009 235 3080 approbet
249 3023 304 3064 non
317 3007 461 3065 hominurn-
475 3009 597 3081 plaustra,
612 3013 660 3066 sed
674 3012 781 3083 publica
794 3013 934 3084 Ecclesiae,
954 3012 1050 3084 reique
1065 3010 1202 3068 litterarioe
1216 3009 1328 3066 utilitas.

137 3115 177 3172 X.
204 3115 299 3189 Neque
321 3123 423 3173 tanturn
447 3114 475 3170 in
490 3123 564 3173 textu
589 3118 754 3174 restituendo
770 3134 882 3175 censura
905 3135 979 3175 amc
1003 3117 1121 3174 adhibita
1135 3123 1192 3183 est,
1221 3113 1371 3172 sedetiam
1395 3113 1421 3167 in
1437 3112 1610 3169 secernendis
1630 3111 1758 3168 Barnardi

102 3200 229 3273 genuinis
242 3202 379 3275 scriptisa
393 3204 574 3275 suppositiciis
588 3215 615 3260 et
629 3206 714 3273 falsis,
736 3222 796 3278 quae
810 3208 836 3262 in
849 3207 966 3263 editione
979 3206 1120 3263 llorstiana
1135 3216 1162 3261 et
1183 3213 1277 3261 nostra
1297 3202 1381 3275 priori
1394 3201 1465 3258 inter
1483 3201 1646 3257 bernardius
1669 3202 1756 3258 adbuc

102 3286 307 3347 delitescebant.
332 3290 400 3347 ilinc
421 3301 562 3363 expunctae
579 3294 700 3367 epistolae
719 3295 790 3364 dum,
812 3313 843 3352 ex
858 3296 984 3353 bernardi
1005 3295 1079 3350 Brito
1093 3293 1246 3350 Annalibus
1259 3293 1293 3348 ab
1316 3289 1424 3346 florstio
1438 3289 1610 3346 bernardinis
1634 3290 1758 3347 insertae:

104 3376 196 3448 rejecti
219 3393 361 3436 sermones
387 3387 502 3453 quatuor
524 3393 568 3437 aut
591 3383 756 3455 qninqueeu
780 3385 952 3442 sermonibus
973 3384 1008 3440 de
1031 3384 1166 3457 Tempore
1191 3392 1219 3439 et
1240 3382 1275 3437 de
1296 3378 1418 3445 Sanctis3
1446 3379 1563 3447 rejectus
1587 3380 1667 3433 etiam
1693 3377 1761 3433 liber

101 3464 348 3540 beclsmationum3
373 3477 400 3524 rt
418 3468 470 3525 alia
492 3469 631 3544 nonnulla,
657 3488 719 3546 quas
743 3473 870 3530 bernardi
894 3489 947 3531 non
971 3488 1032 3530 esse
1055 3488 1088 3529 ex
1111 3469 1193 3527 certis
1231 3467 1396 3542 argumentis
1419 3473 1446 3523 at
1465 3464 1573 3521 indiciis
1592 3463 1760 3520 manifestum

104 3561 154 3613 est.

139 3662 189 3719 Xf.
212 3663 254 3718 ad
274 3664 345 3721 banc
367 3679 508 3722 censuram
536 3665 686 3724 faciendam
707 3670 862 3740 adjumento
886 3668 966 3727 fuera
987 3684 1041 3726 noa
1065 3664 1146 3725 modo
1170 3663 1238 3720 Vite
1262 3660 1433 3719 bernardinas
1458 3659 1613 3733 scriptores,
1629 3658 1761 3731 imprimis

103 3748 261 3818 Ganfridus,
285 3753 332 3824 qni
355 3754 556 3824 praecipuorum
581 3759 664 3814 sancti
686 3757 805 3814 doctoris
819 3771 934 3829 opertam
957 3756 1073 3814 indicem
1093 3753 1238 3823 exhibent3
1258 3754 1306 3810 sad
1329 3750 1409 3808 etiarn
1425 3759 1529 3809 vetares
1549 3749 1666 3814 codices,
1686 3757 1760 3806 vatc-

103 3853 218 3912 rumque
231 3849 370 3897 aucturum
390 3842 540 3913 citationes,
561 3861 617 3914 prae
637 3846 740 3903 caetcris
757 3848 948 3920 vernantique
969 3845 1093 3903 collectio
1106 3859 1139 3901 ert
1161 3841 1290 3900 bernardi
1314 3839 1433 3912 scriptis,
1452 3854 1513 3913 quae
1536 3838 1616 3895 Liber
1638 3838 1759 3907 Florum,

103 3926 287 4000 Florilegium,
304 3938 331 3985 et
345 3930 538 3987 bernardinum
552 3934 713 4006 appellatur,
727 3934 843 4007 primum
863 3935 933 3990 edita
948 3932 1056 3990 Parisiis
1069 3948 1141 3990 anno
1161 3934 1240 3995 150³,
1261 3929 1346 3986 multo
1365 3926 1531 4002 probabilior
1551 3926 1603 3982 alia
1620 3926 1762 3985 collectio-

102 4029 147 4082 ne,
162 4032 223 4088 qnas
238 4032 309 4074 anno
325 4021 390 4075 left
411 4021 444 4075 ab
458 4020 579 4077 Huberto
595 4023 767 4095 Scuteputaeo
790 4023 922 4082 canonico
942 4021 1058 4095 regulari
1073 4021 1142 4077 facta
1157 4027 1209 4085 est,
1225 4018 1252 4072 in
1271 4016 1402 4072 bernardi
1415 4015 1531 4072 editosa
1549 4015 1653 4070 iosuae
1670 4016 1758 4072 Picar-

103 4099 139 4161 dc
153 4102 268 4165 intrusa.
283 4106 378 4180 Longe
390 4122 455 4164 vero
476 4109 610 4182 antiquior
624 4121 665 4167 est
682 4111 767 4183 prima
785 4111 830 4166 illa
852 4109 986 4175 collectio,
1002 4109 1081 4178 cujus
1103 4118 1239 4163 auctorem
1262 4105 1342 4162 nobis
1362 4103 1500 4177 suggessit
1517 4113 1592 4161 vatus
1615 4105 1699 4161 codex
1713 4106 1758 4161 Ci-

103 4192 267 4265 sterciensis‚
288 4195 316 4249 in
330 4210 384 4266 quc
401 4197 460 4251 baec
481 4197 594 4252 habetur
608 4214 670 4252 cnm
692 4199 815 4270 sequenti
830 4196 1051 4267 inscriptionem
1074 4195 1169 4268 Incipit
1194 4195 1324 4268 prologus
1344 4192 1436 4248 domni
1462 4192 1612 4263 Willermi,
1633 4193 1758 4250 monachi

104 4279 197 4338 Sancti
211 4280 316 4337 fdartini
331 4282 517 4351 Tomaccnsis,
534 4283 561 4339 in
581 4284 758 4352 bernardius,
774 4300 855 4358 quarn
875 4285 947 4341 idem
966 4282 1074 4356 excepit
1088 4293 1114 4339 et
1129 4282 1285 4355 compilavit
1302 4283 1336 4338 de
1354 4282 1432 4337 fibris
1446 4288 1473 4336 et
1491 4281 1571 4339 dictis
1592 4283 1677 4338 sancti
1692 4282 1759 4339 ber-

103 4368 182 4426 nardi
197 4370 302 4426 nbbatis
325 4370 552 4429 Clare-Valliss
578 4372 712 4447 Prologus
729 4374 766 4430 ita
780 4374 888 4446 incipit:
908 4395 920 4422 ι
937 4373 1002 4429 Cum
1018 4389 1072 4428 uon
1092 4388 1181 4429 essem
1205 4370 1283 4428 alicui
1302 4369 1431 4427 exercitio
1452 4385 1616 4443 magnopere
1638 4385 1759 4442 occupa·

104 4467 187 4527 tus.»
214 4469 267 4530 etc,
283 4461 354 4516 utin
375 4460 462 4527 editis,
486 4462 513 4520 in
536 4461 636 4533 quibus
659 4460 824 4519 desideratur
848 4462 965 4521 auctoris
989 4475 1097 4528 nomen,
1126 4476 1207 4534 quem
1223 4460 1320 4528 saeculo
1335 4458 1413 4516 tertio
1435 4459 1542 4515 decimo
1560 4459 1657 4516 vixisse
1681 4457 1760 4518 facile

105 4547 242 4624 colligitur
257 4566 290 4605 ex
312 4550 468 4623 antiquitate
491 4550 624 4619 codicum,
640 4551 668 4607 in
692 4553 791 4625 quibus
813 4552 872 4608 haec
890 4549 1016 4611 collectio
1039 4549 1183 4622 reperitur.
1207 4550 1291 4605 Porro
1313 4547 1365 4605 etsi
1387 4548 1509 4622 qnaedam
1537 4548 1676 4621 opuscula,
1699 4565 1763 4620 qua

103 4637 270 4696 bemarnum
284 4648 422 4694 auctorem
445 4654 500 4698 nun
517 4640 626 4709 babent,
650 4641 741 4697 laudet
754 4640 882 4698 collector
895 4639 955 4706 iste,
980 4646 1075 4712 utputa
1088 4637 1227 4711 epistolam
1251 4637 1288 4692 ad
1300 4635 1398 4693 fratrea
1410 4634 1444 4691 de
1460 4637 1549 4693 flante
1560 4636 1621 4702 bei,
1647 4636 1759 4690 medita-

108 4727 203 4796 tiones,
217 4727 317 4784 librum
339 4728 585 4797 [sacramentonum
610 4730 755 4786 incaeteris
770 4737 859 4786 tamen
874 4745 928 4783 nort
944 4727 1011 4786 feris
1035 4737 1077 4783 est
1101 4726 1230 4783 momenti
1254 4725 1286 4781 ad
1307 4724 1530 4781 internoscendas
1555 4723 1671 4780 maxime
1693 4722 1759 4777 Ber-

105 4817 183 4873 nardi
197 4832 352 4873 sermones:
370 4819 439 4888 qnod
466 4817 493 4871 in
507 4830 587 4873 causa
610 4817 671 4886 fuit,
688 4827 717 4873 ut
730 4817 818 4876 sicubi
832 4818 866 4874 de
879 4816 1042 4890 quibusdan
1067 4815 1209 4873 dubitandi
1225 4813 1291 4870 ratio
1311 4813 1424 4879 occurit,
1439 4822 1469 4868 ut
1481 4811 1508 4866 in
1533 4810 1703 4866 sermonibus
1727 4809 1761 4865 de

106 4904 237 4971 Diversis,
254 4907 302 4960 bas
312 4920 347 4960 ex
360 4905 523 4967 Bernardino¹
545 4906 690 4963 citationes
704 4907 832 4964 adnotare
860 4906 949 4965 risum
962 4905 1006 4963 sit.
1023 4906 1080 4962 Nec
1102 4920 1165 4962 vero
1180 4904 1289 4971 mirum,
1304 4903 1376 4977 qnod
1401 4910 1457 4958 tum
1471 4901 1583 4974 epistola
1605 4899 1639 4956 ad
1655 4899 1763 4957 Fratres

105 4994 141 5053 de
156 4994 312 5060 bontabei,
339 5003 395 5050 tum
418 4993 632 5052 Declamationes
646 5006 672 5053 et
695 4997 882 5054 ffeditationes
905 4997 935 5052 in
958 4995 1007 5053 illa
1031 4995 1192 5053 collectione
1217 4995 1268 5050 sub
1295 4991 1421 5048 bernardi
1441 4991 1549 5047 nornine
1572 4982 1761 5047 adducantur²

106 5101 166 5142 cunt
186 5093 212 5139 et
230 5083 548 5140 sanctus·bonarcntura
570 5085 637 5141 idam
659 5095 753 5159 peccet
767 5087 794 5140 in
819 5086 926 5141 laudata
945 5085 1076 5156 epistula;
1091 5091 1118 5142 et
1132 5084 1194 5140 iibri
1216 5080 1450 5137 Declamationum
1465 5091 1491 5135 et
1509 5079 1711 5137 bladitationnm
1729 5096 1762 5135 en

108 5171 235 5233 bertrandi
250 5172 411 5229 centonibus
430 5180 563 5239 constent,
578 5181 607 5228 nt
622 5173 679 5229 suis
693 5173 761 5231 focis
775 5174 872 5231 dicturi
888 5190 995 5231 sumus.

142 5280 205 5339 xit.
220 5280 319 5337 Preter
333 5295 473 5335 censuram
487 5295 610 5352 operum,
624 5281 726 5354 aliquid
741 5283 821 5338 etiam
847 5290 979 5340 mutatum
1003 5281 1031 5335 fn
1045 5278 1140 5336 ordine
1154 5277 1312 5343 Horatiano,
1335 5291 1434 5347 nempe
1447 5273 1478 5333 in
1499 5275 1679 5349 dispositione
1702 5292 1766 5332 cunt

99 5379 248 5435 mutorum,
266 5379 326 5426 tura
341 5370 546 5440 opusculorum.
563 5369 631 5425 Nam
646 5370 691 5429 ubi
704 5371 829 5437 Horatius
841 5369 966 5440 epistolis
981 5367 1104 5434 secundo
1122 5366 1184 5425 loco
1199 5364 1317 5436 subjecit
1330 5379 1469 5424 sermones
1483 5363 1516 5420 de
1534 5363 1713 5439 Temperans
1729 5366 1765 5421 de

99 5456 216 5528 Ssncdm
238 5456 317 5516 tertio
342 5457 403 5515 loco
418 5472 556 5515 sermones
575 5457 603 5516 in
622 5458 746 5534 cantiam
762 5467 859 5533 quarto
873 5473 939 5520 vero
958 5456 1091 5530 opuscula
1117 5469 1168 5514 sen
1200 5461 1348 5513 tractatus:
1363 5453 1518 5513 consultus
1532 5450 1676 5510 visnmest
1702 5454 1762 5531 epi-
