3714 5940
67 166 138 267 r‘s'a·
514 204 556 266 nn
572 201 853 266 muuenmtenn
868 207 956 273 nnat
971 210 1132 281 eurneun.
1153 211 1271 279 -tns
1290 213 1325 274 v.
1662 224 1724 291 req

69 334 168 409 Neque
196 331 269 388 enim
304 331 398 388 sedere
431 330 517 387 ineis
563 330 609 404 qni
649 345 704 388 neu
740 332 866 389 sederent
883 351 908 429 g
923 350 1099 410 consumens,
1112 337 1200 412 ipsam
1221 341 1434 415 purgatissimam
1449 353 1477 403 et
1490 361 1543 405 suo
1557 363 1651 409 ansere
1671 350 1719 407 dl·

67 428 174 495 peaset.
188 418 295 491 Quaeris
308 419 370 493 quid
387 419 437 492 [el.
451 419 542 494 qnam]
562 420 634 475 illam
663 419 779 477 sentiam
800 436 864 477 see·
922 422 1081 497 guissirusm
1095 428 1200 495 reddat
1214 425 1330 488 Cernere
1344 431 1427 490 estin
1441 434 1718 510 cherubimquiple·

70 511 206 569 sienem?
228 510 367 567 Summam
397 507 628 580 tranquillitatem,
657 506 865 581 placidissimam
921 512 1015 572 uitude
1039 515 1161 573 scientim
1174 516 1307 587 dunelm,
1322 520 1408 579 Deum
1428 506 1604 583 menum
1617 525 1715 585 nm.

67 600 252 665 serenitatem,
270 613 360 669 pacem
383 613 445 670 qure
462 606 609 668 exsuperat
621 610 731 654 emnem
758 596 867 655 intelle·
922 616 986 658 unm
1000 618 1072 673 ease,
1088 605 1136 677 qni
1150 605 1225 664 selus
1238 607 1325 665 seletn
1338 611 1442 668 neseiat
1458 612 1649 682 ignerantiam,
1664 614 1713 688 qni

67 698 154 747 ctum.
166 687 338 759 Talisestqui
346 686 423 743 sedet
433 687 461 743 in
474 685 589 744 Tironis
610 686 865 756 Deninuassbaetb,
922 696 995 747 tetus
1016 692 1051 749 ait
1065 693 1121 764 lus,
1144 703 1172 751 at
1184 698 1302 753 tenebre
1316 698 1343 753 in
1358 715 1392 756 ee
1407 716 1462 757 neu
1477 701 1532 759 sint
1545 702 1628 774 ulist3·
1642 686 1717 765 totns

63 777 194 849 judicans
221 776 311 832 emnia
333 791 395 831 eum
423 775 623 848 tranquillitate,
658 774 728 848 placi
737 775 865 845 tissimus,
921 775 1075 847 siteeulus,
1101 790 1128 838 et
1155 784 1330 854 quintinlme
1355 786 1503 861 sliqnsnde
1522 790 1637 858 fallitur,
1651 792 1717 865 quis

67 867 273 939 serenissimus,
292 866 488 938 persensimus.
511 868 544 925 Et
571 868 639 924 tales
660 865 713 924 sibi
727 868 868 925 constitnit
922 866 1031 927 minim
1044 871 1193 943 clauditur;
1214 874 1261 947 qui
1276 882 1354 931 entra
1371 891 1402 932 ae
1420 892 1475 932 nen
1491 887 1596 949 querat
1609 878 1713 949 lumen,

68 960 205 1029 Thronos,
234 957 385 1014 simillimos
408 957 470 1013 sibi,
498 957 628 1014 Putemus
650 955 788 1013 Cherubin
829 972 864 1013 es
920 956 965 1012 eui
979 958 1152 1017 admoveatur
1167 970 1197 1017 ut
1211 962 1309 1030 videet,
1325 964 1384 1036 ipse
1407 965 1453 1039 qni
1467 967 1551 1034 videt,
1567 967 1628 1041 ipse
1642 971 1715 1027 unde

61 1048 129 1122 ipae
151 1046 291 1122 sapientiae
320 1046 404 1118 lente,
424 1061 472 1103 ere
494 1046 627 1103 ditissimi
651 1045 813 1115 haurientes,
840 1054 868 1104 et
920 1045 1001 1102 ridet.
1021 1046 1139 1106 Cernere
1158 1056 1200 1107 est
1214 1053 1242 1106 in
1260 1051 1387 1124 Threuia,
1402 1070 1482 1125 qnam
1501 1070 1556 1112 nen
1571 1066 1716 1128 suspectos

70 1136 250 1194 refundentes
263 1135 364 1193 llnenta
379 1135 500 1194 scientim
514 1135 646 1194 universis
662 1133 771 1192 civibus
796 1135 867 1199 suisji
920 1136 993 1192 omni
1008 1137 1169 1195 innocentiae
1190 1139 1276 1209 judex
1304 1142 1396 1199 sedeat
1409 1144 1437 1199 in
1453 1143 1507 1215 his,
1535 1143 1582 1217 qui
1595 1143 1717 1205 οἰηιω·

66 1228 101 1283 Et
115 1227 178 1284 vide
192 1244 224 1282 ne
240 1227 318 1293 isait,
332 1242 412 1299 quem
423 1227 558 1299 propheta
569 1226 867 1297 loquebatur,tluminis
921 1225 1012 1281 venire
1030 1227 1109 1297 uelit,
1137 1228 1329 1288 circumveniri
1348 1247 1401 1289 uen
1429 1232 1526 1305 pessit,
1545 1233 1650 1307 quippe
1678 1235 1718 1293 sic

65 1315 188 1387 impetus
224 1315 363 1373 letificans
386 1317 520 1372 civitatem
549 1315 597 1370 liei
629 1314 719 1385 (Paul.
744 1330 808 1381 nov,
823 1315 863 1388 b).
920 1329 1024 1385 amens,
1050 1325 1079 1373 ct
1106 1315 1146 1373 sic
1179 1318 1286 1375 uidens.
1313 1319 1370 1377 Nec
1394 1331 1472 1378 voest
1501 1320 1592 1381 sessio
1613 1339 1621 1380 ε
1646 1328 1721 1381 trem

67 1407 194 1461 Putemus
210 1403 469 1476 Seraphin,spiritns
483 1408 555 1459 tetes
569 1402 661 1458 divine
676 1403 737 1474 igne
749 1418 864 1459 succen-
920 1403 1060 1475 quillilatis
1073 1404 1180 1480 insigne
1195 1413 1248 1464 est.
1264 1408 1305 1466 Da
1319 1409 1394 1465 voitu
1410 1410 1456 1467 teli
1465 1410 1602 1481 iudicitur
1627 1428 1719 1471 metans

67 1508 123 1559 ses,
139 1492 305 1551 succendere
329 1492 465 1556 universa,
485 1502 514 1547 ut
533 1490 634 1565 singnii
661 1492 733 1549 cives
748 1493 862 1564 singule
920 1493 1036 1562 prodeat
1059 1502 1136 1567 epte,
1162 1495 1207 1553 cni
1236 1496 1301 1553 insit
1313 1513 1400 1566 amer,
1416 1514 1494 1555 error
1506 1499 1589 1572 absit,
1608 1510 1637 1560 es
1650 1517 1724 1574 μ,

65 1584 122 1640 sint
143 1584 259 1640 lucernae
278 1581 402 1639 ardentes
422 1592 451 1638 et
467 1581 588 1639 lucentes
602 1599 610 1652 3
626 1580 753 1638 ardentes
774 1581 865 1638 cbari-
919 1580 1047 1639 turbatio.
1062 1582 1179 1640 Cernere
1192 1594 1233 1640 sst
1247 1584 1275 1641 in
1289 1586 1536 1655 nominationibus,
1550 1597 1661 1660 quante
1674 1589 1709 1647 sit

64 1680 134 1738 tate,
149 1671 270 1729 lucentes
297 1671 463 1745 cognitione.
883 1631 1052 1727 'Dominus
1065 1672 1221 1741 majestatis,
1236 1673 1317 1745 cuius
1331 1684 1398 1732 nutu
1420 1675 1568 1748 imperium
1594 1688 1713 1745 meent,

101 1762 129 1815 9.
145 1760 169 1818 0
184 1760 301 1833 Eugeni,
312 1780 391 1832 quum
403 1762 503 1817 benum
516 1768 557 1816 est
571 1760 671 1817 neahic
685 1772 749 1817 esse
760 1757 767 1814 l
779 1775 861 1831 qnam
918 1768 946 1814 et
958 1758 1072 1833 imperio
1087 1759 1250 1819 universitas
1264 1770 1345 1837 atqtm
1365 1765 1501 1823 eternitas
1515 1767 1623 1824 termini
1638 1775 1714 1825 aunt.

64 1849 127 1906 iere
141 1849 247 1913 melina,
263 1849 285 1904 si
299 1849 410 1920 quande
423 1856 514 1904 umen
535 1847 583 1904 teti
601 1862 747 1918 sequamur
761 1863 816 1920 qne
831 1863 863 1904 es
918 1848 1033 1906 &ruere
1045 1858 1086 1905 est
1104 1852 1131 1905 in
1144 1851 1344 1922 Principatibus
1359 1854 1520 1927 principium
1538 1871 1570 1912 es
1584 1870 1641 1928 que
1654 1873 1716 1913 ern·

62 1945 143 2011 parte
158 1937 346 2009 precessimns
362 1938 368 1993 l
385 1936 568 1994 Precedimus
595 1937 696 2007 anime,
712 1942 740 1991 et
754 1951 788 1992 ne
803 1935 863 2007 ipse
917 1938 977 2007 nia;
999 1947 1024 1993 et
1039 1939 1204 2013 qnemedoa
1222 1942 1333 1999 cardine
1346 1942 1457 2013 estium,
1472 1944 1513 1999 sic
1527 1944 1562 1999 ab
1577 1942 1639 2017 ipse
1655 1944 1713 2019 regi

62 2026 176 2098 qnidam
188 2034 254 2092 tote,
270 2029 317 2082 sed
333 2034 410 2098 parte
435 2025 544 2082 modica
566 2024 654 2082 nimia.
678 2024 800 2080 Allectus
822 2027 864 2095 ja·
917 2025 1126 2084 universitatem.
1152 2028 1268 2087 Cernere
1296 2039 1340 2089 est
1362 2031 1391 2087 in
1415 2030 1607 2103 Potestatibna,
1630 2048 1712 2106 quam

59 2123 128 2170 cent
142 2115 214 2172 mele
236 2131 366 2187 corperea
392 2114 552 2187 pregravati
575 2123 603 2170 et
618 2114 675 2170 luto
698 2114 863 2172 haerentibus
914 2115 1074 2186 potestativa
1086 2116 1160 2175 idem
1174 2118 1301 2191 princepe
1315 2134 1386 2191 ques
1401 2119 1480 2192 regit,
1493 2120 1621 2194 protegit,
1636 2136 1708 2178 een-

60 2203 220 2273 desideriis,
235 2205 294 2261 sela
306 2205 415 2261 interim
433 2204 510 2261 aride
525 2215 551 2260 et
567 2203 656 2260 tennis
682 2203 862 2262 consideratio
914 2204 1010 2261 trarias
1024 2212 1169 2277 potestates
1183 2222 1278 2264 arcens
1292 2215 1322 2262 et
1345 2209 1520 2283 propulsans.
1535 2210 1654 2267 Cernere
1668 2218 1711 2268 est

61 2295 206 2366 praevelat.
221 2294 255 2349 Et
269 2302 400 2350 tarnanes
414 2292 519 2350 tantille
532 2293 607 2366 qued
620 2294 678 2363 J'am
690 2293 780 2359 datur,
795 2293 862 2351 libet
915 2291 945 2347 in
955 2291 1103 2349 Virtutibus
1119 2306 1198 2350 onam
1211 2294 1309 2368 ubique
1321 2295 1462 2368 equaliter
1475 2307 1575 2369 presto
1586 2312 1648 2355 esee
1657 2296 1712 2355 vir·

58 2383 234 2440 exclamare:
248 2382 465 2441 Demincditaei
477 2382 606 2440 decerem
627 2382 727 2438 Manus
747 2387 818 2445 tue,
833 2385 863 2440 el
916 2386 1012 2450 tutem,
1034 2396 1084 2453 per
1100 2398 1180 2452 quarn
1199 2386 1302 2451 emnia,
1318 2381 1459 2452 vivificem,
1475 2383 1623 2451 efficacem,
1639 2381 1714 2439 invi·

59 2473 158 2532 lecum
173 2472 357 2530 habitationis
367 2473 465 2545 plerioe
475 2470 617 2542 tuoe(l’sui
625 2486 696 2538 xxv,
707 2469 747 2541 8).
757 2470 827 2539 Quid
840 2473 863 2525 si
916 2469 1032 2539 sibilum,
1055 2468 1285 2542 immobilemque,
1311 2471 1402 2526 emnia
1433 2481 1522 2527 tarneu
1552 2480 1711 2531 moventem

61 2561 411 2633 tetamseeelligatanirna,
424 2558 860 2632 etreductisaliectibus,eeunc·
917 2557 1027 2625 utiliter,
1052 2568 1190 2615 tenentem
1217 2558 1323 2617 iertiter
1352 2578 1359 2615 :
1386 2576 1448 2632 quae
1476 2576 1538 2618 curu
1568 2559 1599 2617 in
1620 2559 1711 2619 misus

61 2651 100 2706 tis
113 2650 191 2717 locis,
205 2650 304 2723 quibus
316 2649 413 2721 captivi
441 2657 575 2715 tenentur,
591 2648 713 2705 timendo
732 2664 793 2721 quae
807 2663 862 2704 nen
918 2647 1012 2702 usitata
1034 2646 1131 2703 eilecta
1158 2648 1230 2720 apud
1257 2649 1383 2705 mortales
1408 2648 1555 2720 eruperit,
1579 2649 1712 2707 micaenis

62 2749 181 2811 eportet,
194 2739 309 2795 uuanda
323 2753 449 2811 quaenen
466 2739 553 2802 decet,
568 2737 685 2794 delendo
698 2752 778 2802 usne,
791 2754 860 2812 gau·
917 2737 973 2791 sive
989 2735 1114 2808 prodigia
1143 2744 1251 2792 vocant.
1279 2738 1399 2795 Cernere
1419 2745 1558 2809 pestremo
1572 2746 1601 2794 et
1618 2736 1716 2795 mirari

62 2825 865 2899 dendevanios,cnmbialneattetalibcrtatevelatam‚pul-
918 2833 960 2880 sat
976 2824 1004 2878 in
1031 2824 1143 2897 Angelis
1167 2833 1192 2882 et
1216 2824 1393 2898 Archangelis
1410 2827 1552 2884 veritatem
1565 2832 1647 2898 atque
1659 2842 1712 2884 es·

62 2924 119 2983 set,
133 2914 236 2985 inpetu
249 2916 368 2987 spiritns,
381 2923 409 2973 et
428 2915 456 2971 in
471 2914 635 2989 pinguedine
651 2914 744 2987 gratiae
764 2915 862 2970 illabu·
879 2952 904 3035 ο
919 2912 1077 2985 perlentium
1093 2915 1167 2971 vecis
1193 2914 1274 2981 illins,
1291 2916 1431 2984 Quoniam
1453 2918 1509 2990 ipsi
1523 2932 1596 2973 curu
1609 2920 1652 2975 cst
1673 2915 1709 2973 de

64 3004 299 3062 turlNonnecnm
309 3002 863 3075 coeperitcireuirelucidasmansienes,et
917 3000 1032 3068 eubuli
1043 3003 1120 3059 Pctr.
1137 3007 1164 3071 s,
1179 3003 1227 3071 ’1);
1242 3003 1289 3074 qui
1304 3002 1459 3059 talinmues
1472 3012 1498 3060 et
1511 3013 1713 3061 memnon
1748 3054 1751 3059 .

63 3093 158 3150 sinum
171 3093 249 3150 illurn
263 3093 345 3150 etiarn
360 3094 478 3150 Abrabae
490 3092 626 3150 cadmina
644 3092 820 3165 perscrutari,
836 3101 865 3149 et
918 3090 1017 3148 desinit
1026 3091 1177 3161 jncundare
1189 3090 1397 3157 imitationibus,
1412 3093 1548 3148 instruere
1563 3090 1710 3149 rerelstie·

62 3181 118 3239 sub
136 3182 224 3252 altari,
235 3183 501 3256 quodcumqueillnd
516 3195 556 3240 est
574 3180 643 3255 (el),
655 3191 803 3254 martyrum
815 3197 862 3239 re·
919 3181 1006 3246 nibus,
1029 3180 1248 3255 suggestionibus
1267 3194 1450 3247 communem,
1474 3179 1618 3237 sedulitate
1633 3179 1711 3239 sels-r

62 3271 153 3327 msere
165 3271 277 3336 animas,
293 3271 321 3328 in
334 3272 418 3340 emma
428 3270 499 3328 stole
509 3269 655 3330 secundam
671 3269 862 3342 patientissimo
917 3268 988 3325 uari.

60 3367 258 3430 exspectantes,
287 3360 375 3417 multe
401 3361 492 3433 magis
515 3368 581 3418 tuuc
610 3359 721 3416 instabit
748 3359 864 3432 loquens
1230 3360 1343 3419 CAPUT
1365 3360 1397 3416 t.

62 3464 127 3505 ctam
142 3450 270 3519 propbeta
291 3466 299 3502 a
313 3451 403 3508 Unum
415 3452 518 3523 petiis
533 3452 651 3509 Domino
663 3467 670 3505 ε
683 3449 755 3506 banc
775 3450 866 3522 requi·
918 3451 1030 3507 Grotius
1039 3468 1072 3508 nc
1085 3451 1162 3510 detes
1172 3452 1344 3523 depulerunt
1357 3452 1438 3508 eliae
1448 3451 1480 3507 in
1490 3451 1564 3524 ipses
1575 3448 1713 3509 tarsus

63 3554 141 3609 rens,
155 3543 189 3595 et
203 3538 401 3599 irsbelrs'tcmin
409 3540 491 3597 mmo
501 3538 864 3598 beminiemnibssdisbus
954 3545 996 3596 ll.
1013 3542 1076 3597 llaec
1103 3543 1191 3598 omnia
1205 3540 1319 3598 contulit
1346 3541 1399 3597 illis
1421 3540 1562 3612 spiritibus
1583 3538 1644 3610 ipae
1663 3537 1714 3612 qai

62 3627 570 3698 mtoemcoemtea'dserneelentetem
578 3629 736 3686 deminico
750 3628 863 3685 visitem
916 3629 1035 3687 uendidit
1049 3628 1120 3694 illos,
1152 3646 1222 3684 unus
1246 3637 1328 3701 atque
1340 3629 1413 3686 idern
1436 3644 1560 3684 summus
1581 3626 1711 3699 Spiritus,

63 3714 207 3789 ternplum
218 3719 279 3789 eius
292 3715 308 3775 'l
320 3716 409 3791 (Ρωὶ.
424 3732 507 3789 xxvi,
522 3717 563 3789 i).
576 3714 675 3786 Quidni
691 3716 728 3772 ibi
741 3715 863 3772 uideatur
917 3714 1040 3771 dividens
1050 3714 1167 3790 singulis
1181 3723 1261 3786 prout
1273 3716 1369 3771 soluit
1385 3717 1448 3773 llarc
1460 3724 1589 3785 operatur
1604 3714 1634 3770 iu
1647 3712 1713 3779 illis,

62 3819 113 3863 cor
127 3805 201 3861 liei?
214 3805 308 3880 quidni
324 3806 362 3862 ibi
382 3807 513 3878 probetur
526 3821 587 3879 que
609 3807 646 3863 sit
663 3803 789 3861 veluntas
814 3805 863 3859 Dei
917 3805 975 3860 haec
987 3803 1063 3858 dedit
1085 3803 1191 3873 operari
1210 3802 1314 3872 stillis,
1338 3802 1387 3859 sed
1400 3801 1487 3861 aliter.
1508 3803 1612 3861 Ardent
1625 3801 1710 3859 fless-

62 3895 147 3960 bene,
165 3900 195 3950 et
207 3894 397 3968 beneplacens,
410 3904 439 3953 et
456 3892 608 3968 perlecta?
627 3893 738 3951 tanain
752 3909 793 3963 aa,
809 3893 862 3966 pla·
917 3893 992 3965 phin,
1008 3891 1057 3948 sed
1072 3890 1136 3964 igne
1149 3891 1211 3962 Dei,
1225 3893 1264 3948 vai
1285 3891 1375 3961 potius
1389 3890 1451 3963 qne
1466 3890 1532 3949 Dee.
1547 3890 1627 3958 Ouod
1639 3904 1712 3962 pras

62 3997 131 4042 esus
144 3983 173 4039 in
186 3982 339 4052 elleeibns,
361 3982 541 4058 beneplacens
554 3983 715 4051 inuentibus,
743 3982 861 4055 perlecta
915 3983 1026 4053 cipuum
1040 3989 1082 4036 eat
1104 3981 1132 4035 in
1155 3984 1205 4051 eis,
1229 3987 1329 4047 ament,
1345 3980 1393 4037 sed
1407 3995 1462 4036 nen
1476 3988 1608 4051 qnantum
1620 3980 1708 4047 Deus,

62 4071 201 4146 perlectis,
217 4082 243 4130 ct
260 4073 327 4130 nihil
342 4074 415 4131 ultra
431 4072 628 4148 querentibus.
648 4073 744 4128 Patent
757 4070 861 4128 viscera
916 4070 1120 4144 necquomede.
1136 4069 1394 4135 Luceutcbernbin,
1410 4077 1438 4126 et
1452 4068 1711 4138 scientisemissnt,

61 4161 269 4233 misericordie,
283 4162 568 4239 pateuteegitatienes
581 4161 666 4234 pacis,
685 4160 789 4218 divitie
816 4174 861 4216 ss·
915 4161 960 4217 sed
977 4160 1117 4233 participle
1141 4160 1273 4225 veritatis;
1289 4177 1322 4217 ac
1341 4176 1389 4234 per
1409 4162 1460 4216 lroc
1474 4175 1527 4215 nen
1550 4164 1580 4214 ut
1594 4157 1709 4225 lentas,

61 4250 127 4308 lutis
141 4250 237 4318 ΜΟ,
252 4252 384 4326 mysteria
402 4253 481 4310 bonae
495 4251 659 4325 veluntatisg
687 4249 863 4323 benignitatis
879 4266 965 4363 onec
982 4257 1124 4322 quantum.
1139 4249 1238 4305 Sedere
1257 4249 1369 4320 Tironi,
1390 4248 1435 4305 aed
1454 4246 1598 4304 insidentis
1615 4245 1708 4302 bene-

62 4356 173 4408 srcana,
194 4357 256 4416 quas
278 4343 372 4399 clausa
397 4342 566 4410 mortalibus,
588 4339 669 4399 οίίεῐα
683 4339 749 4412 ipsis
771 4339 863 4396 electis
914 4340 985 4397 licie.
1009 4339 1135 4396 iudicant
1160 4348 1188 4393 et
1202 4337 1255 4409 ipsi
1280 4354 1344 4395 cum
1371 4337 1573 4410 tranquillitate,
1588 4334 1638 4393 sed
1652 4350 1708 4393 see

61 4438 192 4504 suspecta
215 4438 287 4487 sunt.
317 4432 347 4489 lu
365 4431 476 4504 quidem
499 4429 712 4497 antennisque
736 4428 862 4487 desinant
915 4430 948 4484 ad
964 4444 1116 4485 mensuram
1140 4428 1286 4485 modumve
1308 4427 1382 4498 pacis
1407 4426 1537 4499 pacantis,
1562 4425 1710 4498 pacisque

60 4518 171 4589 timere,
195 4519 260 4576 dunt
272 4521 387 4578 eaelum
405 4520 489 4593 digne
507 4535 598 4576 amare
612 4518 703 4576 idonei
718 4517 863 4575 inveniuu·
914 4525 1171 4588 exsuperatomnem
1179 4532 1297 4574 mosum.
1306 4516 1483 4574 munirentur
1491 4514 1708 4582 nantuadenes,
1812 4532 1816 4537 ·

72 4624 120 4665 ur.
915 4606 964 4663 sud
977 4607 1028 4662 snb
1041 4605 1159 4663 Domine
1176 4605 1359 4672 dominantur,
1374 4604 1496 4662 serviunt
1509 4604 1623 4675 pariter.
1636 4598 1709 4669 Quid

99 4700 143 4756 te.
160 4697 278 4755 Cernere
293 4706 334 4755 est
356 4699 383 4754 in
411 4696 454 4754 bis
477 4696 526 4772 qni
560 4698 693 4769 Serapbiu
717 4696 857 4770 appellan-
914 4697 1013 4753 beced
1027 4711 1171 4762 summum,
1185 4695 1391 4766 sempiternum,
1410 4693 1605 4767 singulareque
1619 4688 1707 4747 desti

59 4794 115 4854 tur,
149 4787 288 4857 quemodo
305 4794 375 4840 amet
405 4786 454 4860 qui
488 4786 562 4843 unde
588 4794 661 4843 amet
684 4800 740 4843 nen
768 4785 860 4852 habat,
915 4785 990 4840 nium
1013 4785 1164 4842 ‘li‘raeaunt
1179 4784 1344 4854 Prisrcipatns
1358 4793 1386 4837 st
1402 4788 1500 4854 regunt
1517 4798 1524 4835 ε
1541 4779 1588 4837 sel
1603 4794 1709 4853 regum

59 4874 269 4948 sedeatetqui
285 4873 352 4931 nibil
369 4875 465 4932 borum
481 4891 542 4949 que
571 4873 663 4932 iecerit
689 4872 747 4930 odit
768 4888 862 4946 :quea
916 4875 1080 4946 turetipsi,
1103 4875 1188 4931 itaut
1211 4874 1382 4947 regensium
1403 4886 1458 4930 oen
1481 4870 1584 4939 norint,
1608 4864 1708 4944 uragu

58 4963 206 5020 sdvendes
219 4963 293 5033 lecit,
308 4963 703 5037 quemedelevaat,quemede
719 4964 859 5035 provebat,
914 4963 1044 5020 desierint
1070 4961 1202 5019 vreoetltt
1225 4962 1253 5017 in
1274 4961 1452 5019 potestatibus
1472 4956 1607 5015 tortitudo
1632 4958 1707 5015 ssed

56 5053 199 5128 quomedo
219 5056 401 5125 amplexetur,
422 5053 559 5128 quomode
587 5052 688 5109 delicta
710 5051 802 5109 electe
813 5053 861 5122 jn·
915 5052 959 5124 qni
974 5052 1074 5107 debent
1094 5050 1167 5121 quod
1189 5049 1274 5106 lentes
1287 5058 1359 5114 sunt,
1375 5058 1403 5103 et
1417 5047 1494 5103 aliter
1516 5053 1560 5103 est
1577 5045 1666 5113 tertie
1679 5056 1708 5103 et

57 5141 183 5198 sensuris
192 5143 259 5213 (etl),
272 5154 300 5200 et
312 5143 401 5216 paleas
414 5141 627 5218 ignorantiarum
642 5141 704 5210 ejus
718 5139 792 5213 ignis
816 5139 862 5198 ille
916 5141 992 5211 plus;
1003 5154 1054 5195 nec
1066 5144 1120 5192 tarn
1130 5135 1296 5208 [numquam
1310 5136 1371 5210 ipsa
1384 5135 1514 5193 lentitudo
1522 5134 1708 5203 attinentes

95 5285 157 5356 (eil
172 5286 211 5341 Es
225 5285 267 5341 hia
284 5286 375 5344 verbis
397 5292 481 5357 patet,
496 5282 665 5342 Berusrdum
693 5288 856 5343 ammones
915 5282 979 5339 ltoee
993 5280 1077 5337 insius
1091 5280 1119 5336 iu
1133 5279 1289 5354 praelatione
1303 5279 1337 5337 sd
1353 5278 1509 5339 temumill.

57 5356 90 5415 in
105 5354 175 5413 ieato
204 5355 332 5414 Omnium
354 5358 515 5415 Sanctorum
541 5370 596 5412 nen
624 5355 662 5411 its
676 5354 796 5411 senmssa
827 5356 861 5412 de
949 5352 1008 5425 (dd)
1021 5350 1706 5424 lnquibusdarn,vtsglccloejtseentrstia,sedimen·

58 5427 142 5486 alteri
157 5427 216 5500 ilio,
231 5429 307 5501 quasi
328 5428 467 5485 intellectu
481 5437 528 5484 aut
551 5425 605 5484 fide
630 5425 658 5483 id
672 5425 724 5483 sibi
749 5438 861 5485 consta-
915 5427 996 5495 dese;
1011 5424 1055 5481 bic
1071 5422 1143 5482 enim
1158 5425 1247 5499 agitur
1259 5425 1294 5480 de
1306 5423 1409 5482 electis.

59 5507 105 5557 ret
119 5516 127 5555 :
143 5499 192 5554 sed
206 5509 307 5556 tantum
326 5500 462 5573 opinative
481 5497 645 5556 sententiani
663 5510 741 5555 susm
760 5497 861 5557 dixisse
