3728 5940
105 209 172 270 1065
578 208 767 271 rnacrtrtts
787 210 827 268 btt
847 208 1235 283 eunoutsusssaanttuttt.
1677 222 1746 287 1060

102 334 148 404 qni
159 334 269 391 dicebat
281 350 287 388 2
298 336 350 405 Qui
364 339 438 392 eruit
449 350 498 391 noa
513 333 546 389 de
554 339 693 406 potestate
705 335 894 397 tenebrarum,
911 348 934 426 Α
988 337 1029 390 lb.
1060 336 1166 390 l'tirmm
1180 354 1232 408 rgo
1257 337 1378 393 inveniar
1392 340 1419 394 in
1444 343 1486 398 bis
1513 348 1618 416 spoliis,
1644 351 1746 423 quibus

100 427 127 479 et
141 425 292 480 transtulit
304 426 332 479 in
344 440 461 496 repetunt
472 424 540 480 rittt
549 423 894 495 obrttatissoaeoettossr,
951 424 1071 494 sputum·
1087 435 1148 479 suut
1163 427 1305 481 contrariu·
1321 437 1478 500 potestates,
1495 434 1632 493 traductus
1645 448 1672 494 et
1686 441 1747 511 ipse

102 513 157 578 13).
174 515 329 585 llancergo
344 512 474 567 Dominus
498 530 531 567 ne
556 513 584 568 in
607 528 636 567 se
659 512 897 585 quio.·n1nagavtt
952 512 976 566 iu
1000 515 1201 583 possessionem
1226 516 1354 571 Domiuil
1381 518 1472 576 Simo
1497 523 1638 580 insecutus
1653 528 1747 584 baben

100 599 201 656 diaboli
223 609 397 673 potestatem,
414 602 483 656 sicut
506 617 555 657 nec
575 601 659 667 Pilati,
682 601 728 672 qui
743 602 896 657 membrum
950 603 1086 673 arguerit,
1111 605 1181 674 cpuol
1203 606 1358 659 recesserim
1374 608 1441 661 clun
1456 610 1490 663 ab
1505 627 1547 677 eo,
1570 613 1660 668 audiat
1673 616 1746 672 clam

102 698 163 742 erat
175 689 288 744 diaboli.
303 691 347 744 bit
362 690 506 761 siquidem:
529 692 589 747 Non
604 690 717 749 baberes
728 693 897 764 potestatem
951 706 995 743 ma
1024 692 1174 748 accessisse
1188 693 1222 746 ad
1238 710 1309 759 eum,
1326 707 1352 749 et
1375 696 1411 750 ob
1432 698 1483 754 boc
1502 700 1571 755 clam
1587 706 1745 760 recessisse.

103 779 308 843 inruentium,
325 781 382 836 eriri
398 781 466 834 dolo
484 780 535 834 tibi
550 781 652 851 suisset
671 781 790 852 desuper
804 781 895 849 (loun.
953 779 1073 848 subjecit
1093 797 1136 834 me
1152 781 1188 834 illi
1214 797 1294 837 consu
1311 784 1441 840 secretior
1467 791 1571 857 pcccati
1590 807 1596 844 :
1618 792 1749 850 subduxit

105 883 164 933 xm,
182 870 238 935 tt).
258 867 336 936 Quod
358 869 380 922 si
391 869 418 922 in
432 869 516 923 viride
531 869 634 940 lignum
649 869 675 923 iu
700 878 802 924 tautum
817 884 897 941 gras·
951 866 1047 921 mailli
1071 869 1140 923 ratio
1164 870 1320 926 occultioris
1337 873 1468 940 justitias.
1485 879 1539 931 Αυι
1555 879 1578 932 si
1592 880 1678 952 gratis
1696 898 1746 937 ve-

103 964 163 1010 sata
179 964 220 1011 est
234 964 286 1011 ista
299 957 418 1027 desuper
428 958 491 1012 data
504 967 634 1029 potestas,
647 956 897 1029 aridumquomodo
952 956 1095 1010 numdatus
1118 974 1188 1023 sum,
1205 960 1287 1030 gratis
1315 978 1370 1015 non
1389 963 1526 1019 rodimur?
1545 966 1573 1022 Si
1587 971 1674 1024 Assur
1688 972 1748 1027 siue

104 1062 157 1100 non
178 1046 226 1100 luit
246 1062 313 1100 ausa
336 1047 519 1117 contingere?
540 1047 596 1102 Nee
615 1047 744 1116 injustam
758 1055 823 1118 puto
846 1043 898 1098 iste
953 1060 1037 1102 causa
1066 1046 1247 1102 calumniatos
1269 1058 1310 1103 est
1341 1051 1421 1117 mibi,
1444 1053 1502 1109 sino
1531 1071 1614 1112 causa
1636 1074 1748 1117 cauum

105 1135 260 1189 causabitur
275 1143 434 1206 potestatem
452 1135 542 1189 datam
567 1135 694 1206 desuper.
717 1136 808 1189 Discat
831 1149 898 1202 ergo
954 1135 1035 1206 exigit
1055 1135 1200 1189 evasionis.
1217 1135 1294 1203 Quod
1313 1139 1335 1191 si
1355 1139 1461 1208 dixerit,
1475 1145 1551 1198 Pater
1570 1156 1633 1201 tuns
1646 1149 1749 1208 addixit

106 1223 246 1289 diabolum
265 1239 318 1278 non
335 1225 422 1279 solum
436 1232 609 1295 potestatem,
628 1225 675 1279 sed
691 1233 719 1278 et
729 1224 833 1292 justam
849 1222 898 1274 ba·
955 1233 999 1290 te;
1016 1224 1196 1294 respondebo,
1213 1225 1265 1279 Sed
1281 1225 1363 1282 irater
1389 1245 1467 1284 meus
1482 1232 1595 1288 redemit
1622 1253 1675 1292 me.
1696 1238 1751 1295 Cur

107 1315 199 1369 buisse
223 1314 250 1367 in
279 1313 427 1369 homines:
452 1301 651 1384 cousequca‘ter
674 1322 700 1367 et
724 1314 775 1367 boc
797 1310 898 1377 videat,
955 1328 1008 1365 uon
1024 1313 1133 1368 aliunde
1145 1314 1257 1382 justitia,
1275 1331 1338 1371 cum
1350 1317 1458 1373 aliunde
1475 1324 1591 1376 reatus?
1605 1325 1681 1381 Alius
1703 1328 1751 1400 qui

104 1403 213 1458 senisse
231 1404 324 1472 utique
344 1399 429 1458 659
452 1402 477 1455 in
502 1418 583 1457 carue
599 1401 646 1456 Dei
669 1401 764 1455 Filium
790 1407 900 1468 propter
956 1411 1128 1470 peccatorum
1146 1403 1294 1468 constituit,
1311 1405 1381 1458 alius
1395 1407 1441 1476 qui
1448 1406 1578 1479 justitient
1591 1426 1607 1464 a
1620 1424 1750 1485 peccat03

105 1491 261 1548 liberandos
277 1491 411 1545 bomioes.
435 1490 568 1545 Caeterum
592 1490 641 1544 etsi
660 1489 762 1558 justam
784 1487 899 1542 dicimus
955 1499 1022 1543 ater
1052 1489 1077 1542 iu
1103 1491 1216 1556 somine,
1236 1491 1305 1548 alter
1329 1493 1518 1568 insanguine.
1544 1503 1585 1554 An
1608 1512 1751 1571 peccatum

102 1580 392 1652 diabolipotestatcm,
413 1588 612 1634 nontamonet
631 1575 899 1634 antecantamenta
955 1578 980 1630 in
1012 1577 1116 1632 semine
1144 1580 1305 1649 peccatoris,
1336 1590 1362 1635 et
1391 1599 1445 1638 non
1469 1585 1574 1654 justitia
1599 1589 1626 1643 in
1653 1592 1752 1649 Christi

106 1686 159 1724 non
185 1669 308 1726 diabolus
328 1669 375 1740 qui
396 1668 513 1731 invasit3
530 1684 583 1723 uon
604 1668 685 1722 beura
709 1666 756 1736 qui
777 1664 897 1719 meruit:
917 1624 939 1703 Β
957 1665 1111 1737 sanguinat
1126 1665 1177 1721 Sed
1193 1669 1309 1736 justitia,
1330 1670 1440 1742 inquiet,
1457 1673 1492 1728 sit
1506 1677 1585 1744 cujas
1605 1687 1648 1734 est
1663 1697 1671 1736 t
1687 1682 1750 1753 quid

106 1760 153 1814 sed
171 1760 261 1828 justus
280 1759 412 1813 Dominus
427 1758 473 1828 qui
488 1755 623 1825 exposuit.
640 1757 699 1810 Non
713 1755 785 1808 euim
799 1769 816 1807 a
832 1763 902 1824 pote·
956 1756 990 1808 aa
1006 1762 1032 1807 ta
1043 1756 1057 1808 t
1070 1754 1145 1809 Esto.
1161 1756 1212 1810 Sed
1220 1758 1263 1838 ,sit
1277 1758 1360 1812 etiam
1374 1760 1455 1832 culpa
1469 1763 1548 1832 cajus
1559 1776 1601 1821 est
1617 1784 1624 1821 :
1642 1769 1707 1840 quid
1718 1772 1752 1826 ad

106 1855 186 1915 state,
199 1847 278 1901 seda
299 1846 435 1900 voluntate
449 1847 539 1914 justus
554 1845 703 1913 injustusve
719 1842 779 1913 quis
794 1841 900 1896 dicitur.
956 1843 1079 1898 me‘lbn
1101 1845 1204 1913 justitia
1221 1846 1286 1915 justi
1314 1864 1397 1919 super
1419 1865 1480 1905 eum
1497 1852 1554 1921 erit,
1573 1863 1600 1911 et
1628 1857 1753 1929 impietas

107 1940 164 1992 lloo
177 1951 242 2007 ergo
256 1934 357 1989 diaboli
372 1934 510 2005 quoddam
524 1933 552 1987 in
568 1932 704 1986 bominem
713 1931 769 2000 jus,
782 1931 833 1985 etsi
847 1946 903 1983 nou
956 1931 1033 2003 impii
1048 1948 1101 1987 uon
1115 1933 1167 1988 erit
1181 1950 1261 2004 super
1274 1951 1336 1989 eum
1348 1937 1361 1991 t
1371 1937 1432 1993 Non
1447 1942 1575 1998 convenit
1588 1943 1672 2000 lilium
1692 1963 1754 2019 por·

104 2042 168 2095 pure
182 2024 356 2097 acquisitum,
374 2023 421 2077 sed
439 2022 562 2094 nequiter
577 2027 757 2091 usurpatum3
772 2022 844 2072 iusta
859 2023 901 2072 ta·
959 2029 1015 2075 tare
1035 2021 1206 2093 iniquitatem
1220 2024 1324 2094 putris,
1340 2035 1368 2081 et
1393 2026 1518 2084 fraternas
1533 2032 1593 2088 lieri
1616 2045 1755 2092 exsortem

106 2131 169 2170 men
199 2115 371 2185 permissum.
393 2111 437 2167 Sic
460 2111 552 2182 itaque
577 2112 659 2165 bomo
682 2111 753 2180 juste
778 2108 902 2179 captivus

108 2205 258 2270 tenebatur,
280 2209 414 2256 attamen
428 2216 479 2255 nec
498 2200 659 2265 labamine,
675 2215 724 2254 nec
746 2198 773 2252 iu
795 2197 903 2252 diabolo

109 2294 155 2348 itta
169 2299 243 2348 esset
256 2291 370 2361 justitia,
388 2290 436 2345 sed
451 2290 478 2344 in
492 2291 557 2344 Deo.

419 2378 534 2434 CAPUT
548 2380 593 2435 Vl.

111 2473 141 2527 lu
158 2487 240 2542 opere
251 2470 425 2526 liberationis
440 2468 572 2524 bumana
583 2485 640 2524 noo
650 2469 742 2526 solam
751 2467 905 2523 rumericor·

254 2558 340 2622 diane,
352 2557 400 2615 sed
418 2562 446 2612 et
461 2559 611 2627 justitiam
626 2557 760 2614 relucere.

147 2651 191 2703 15.
205 2649 281 2702 toste
296 2647 377 2720 igitur
391 2647 473 2699 bomo
494 2644 629 2711 addictus,
646 2645 694 2701 sed
718 2641 904 2700 misericordi·

956 2109 1079 2179 justitiae.
1100 2111 1178 2168 Nunc
1193 2127 1258 2184 ergo
1273 2128 1323 2184 per
1338 2116 1476 2171 bominem
1491 2135 1575 2189 mors,
1589 2133 1616 2180 et
1633 2139 1686 2194 per
1700 2126 1751 2182 bo·

957 2199 1057 2254 minem
1074 2200 1310 2257 nostrarum
1326 2205 1561 2266 traddomomnes
1577 2214 1752 2282 tremuntur,

959 2290 1000 2344 itu
1012 2293 1040 2345 et
1056 2292 1084 2344 iu
1104 2289 1215 2347 Cleristo
1231 2292 1452 2361 mulcebantur
1462 2298 1487 2364 (1
1501 2298 1561 2354 Cor.
1573 2315 1621 2367 xv,
1633 2303 1677 2370 at,
1689 2305 1735 2375 11)
1747 2323 1753 2359 :

963 2377 1096 2447 quonium
1112 2394 1165 2433 uon
1181 2378 1220 2435 sic
1239 2378 1279 2434 illi
1294 2381 1405 2449 attineo,
1422 2389 1451 2437 ut
1473 2400 1528 2439 non
1550 2398 1576 2443 et
1590 2387 1644 2442 isti.
1665 2390 1693 2445 Si
1716 2392 1757 2448 illi

961 2482 1012 2537 per
1026 2481 1136 2521 carnem
1158 2481 1165 2534 3
1186 2474 1213 2521 et
1225 2482 1276 2536 per
1291 2465 1371 2522 fidem
1386 2469 1449 2526 huic
1466 2488 1472 2526 :
1490 2480 1516 2527 et
1546 2474 1569 2528 si
1595 2475 1710 2533 inlectus
1722 2495 1756 2536 ex

959 2555 1005 2609 illo
1021 2554 1148 2626 originali
1176 2554 1417 2630 concupiscentia&
1435 2558 1518 2614 etiam
1547 2562 1647 2619 Christi
1668 2568 1757 2638 gratia

960 2643 1097 2714 spi-iurati
1110 2643 1237 2714 perinsus
1249 2660 1320 2699 sum.
1333 2646 1404 2714 Quid
1414 2647 1481 2703 mibi
1490 2651 1553 2721 plus
1568 2651 1715 2726 imputatur
1723 2658 1757 2713 de

111 2743 152 2792 ter
167 2736 318 2806 liberatus,
335 2735 374 2790 sic
389 2742 480 2790 tamen
495 2732 715 2798 misericorditer,
741 2740 770 2788 ut
784 2747 839 2786 nun
858 2730 906 2784 de·
961 2731 1178 2803 praevaricatore
1201 2733 1215 2787 1
1232 2733 1260 2788 Si
1277 2737 1427 2805 genoratio,
1458 2742 1695 2810 reponeretiunem
1709 2762 1757 2818 op-

112 2823 194 2882 tuerit
206 2823 311 2893 justitia
326 2823 450 2895 qttaedttm
466 2830 491 2878 ct
506 2822 533 2877 in
552 2822 613 2893 ipsa
627 2821 786 2878 liberatione
809 2837 816 2874 z
838 2794 943 2892 quo-0
965 2838 1036 2892 pono
1054 2838 1060 2875 :
1077 2820 1128 2875 nisi
1152 2823 1224 2894 quod
1251 2823 1402 2894 spiritualis
1421 2835 1463 2881 est
1488 2827 1550 2898 ista,
1567 2830 1615 2886 illa
1627 2835 1756 2905 carnalis,

111 2914 184 2967 niam
202 2914 253 2968 boc
272 2929 381 2984 (proquo
396 2911 444 2967 luit
457 2913 490 2966 da
505 2911 690 2966 misericordia
713 2908 861 2977 liberantis,
878 2917 906 2962 ut

113 3001 196 3073 lotrad
213 3001 383 3072 congruebat
398 3000 522 3055 remediis
537 3000 682 3067 liberandi)
696 2999 796 3068 justitia
820 2998 908 3069 magis

110 3099 206 3147 contra
233 3091 399 3155 invasorem,
419 3105 499 3161 quam
524 3089 644 3159 potentia
672 3094 803 3144 uteretur.
836 3086 907 3155 Quid

112 3195 230 3251 namque
244 3195 274 3235 ex
291 3197 320 3234 so
334 3193 416 3252 agere
430 3185 546 3249 poterat,
560 3186 589 3233 ut
613 3178 697 3233 semel
716 3177 845 3232 amissam
860 3176 906 3244 jn·

112 3269 214 3324 stitiam
239 3275 414 3339 recuperaret
437 3269 517 3322 bomo
540 3284 635 3323 sersus
654 3267 778 3338 peccati,
801 3266 908 3320 uinctus

117 3357 236 3413 utabotit
251 3357 398 3431 assignata
412 3364 454 3411 est
475 3356 500 3412 oi
519 3356 633 3428 proinde
646 3356 741 3423 aliena,
757 3355 803 3427 qui
824 3354 908 3411 caruit

114 3461 181 3511 sua;
196 3447 292 3516 etipsa
306 3447 345 3501 sic
361 3454 413 3500 est.
431 3445 508 3500 Venit
522 3443 649 3517 princeps
665 3445 746 3515 buJus
761 3444 864 3508 muudi,
880 3451 909 3498 et

120 3534 146 3587 in
163 3533 301 3588 salvatore
316 3549 370 3588 non
385 3534 487 3589 invenit
503 3535 653 3605 quidquam
670 3552 676 3588 ε
693 3543 721 3589 et
743 3550 805 3589 cum
829 3533 910 3587 nibil·

116 3623 226 3702 ominus
245 3621 382 3676 innocenti
396 3637 493 3676 manus
508 3621 608 3690 inJecit,
623 3621 772 3690 justissime
786 3636 856 3690 quos
870 3628 910 3674 te-

118 3711 199 3765 nebat
214 3709 304 3764 amisit
321 3728 327 3764 :
345 3709 453 3781 quaudo
475 3708 499 3762 is
524 3709 569 3780 qni
592 3710 671 3764 morti
695 3708 760 3762 nibil
783 3705 908 3773 debebat,

116 3805 230 3869 accepta
251 3797 345 3852 mortis
369 3797 487 3868 iniuria,
511 3797 574 3865 Juru
597 3796 681 3863 illum,
708 3796 755 3868 qui
777 3794 910 3852 obnoxius

961 2927 1010 2965 nec
1026 2912 1126 2981 patitur
1141 2910 1209 2966 ratio
1224 2913 1359 2983 aequitatis
1381 2924 1411 2970 ut
1424 2931 1456 2970 er
1472 2919 1734 2990 aequotconteadant
1749 2941 1755 2982 :

961 2999 1009 3055 sed
1023 2999 1114 3055 vincat
1128 3015 1241 3055 necesse
1256 3009 1298 3055 est
1312 3002 1424 3073 spiritus
1440 3019 1562 3074 carnem,
1574 3017 1602 3063 et
1617 3009 1653 3063 sit
1667 3010 1758 3069 aldca-

960 3087 1019 3141 cior
1030 3104 1123 3154 causa,
1134 3090 1213 3158 cujus
1222 3090 1313 3160 potior
1327 3101 1367 3146 est
1376 3098 1403 3147 et
1412 3100 1527 3166 natura;
1539 3112 1593 3166 quo
1606 3098 1669 3169 plus
1679 3100 1757 3156 vide-

961 3177 1025 3233 licet
1038 3177 1125 3248 prosit
1135 3179 1275 3248 genuum
1290 3180 1419 3249 secunda,
1432 3199 1515 3255 quam
1524 3185 1613 3256 prima
1622 3190 1756 3246 nocnerit.

961 3265 1031 3320 Sanc
1047 3266 1168 3337 pervenit
1184 3267 1311 3322 delictum
1327 3270 1360 3322 ad
1377 3286 1429 3338 me,
1442 3273 1489 3327 sed
1500 3275 1624 3345 pervenit
1633 3284 1661 3332 ct
1670 3279 1760 3353 gratia

964 3352 1095 3411 65311
1106 3371 1160 3411 non
1173 3356 1404 3427 sirutdelictom,
1419 3360 1462 3416 tto
1471 3364 1500 3418 et
1509 3362 1625 3420 donum.
1634 3366 1762 3440 Nourja·

963 3443 1068 3500 dicium
1080 3462 1117 3501 er
1126 3462 1183 3502 runo
1194 3446 1225 3501 ire
1234 3447 1610 3522 corrdenrnotiouem;pretio
1619 3459 1761 3513 ootemex

964 3534 1066 3587 inultis
1081 3533 1194 3589 delictis
1218 3538 1247 3587 iu
1260 3538 1499 3605 justificationem
1515 3540 1605 3609 (Rom.
1619 3559 1647 3608 v,
1669 3544 1759 3615 lb).A

964 3618 1052 3691 primo
1063 3620 1172 3674 bomine
1186 3622 1762 3704 manaritdelictum,asummoeoeloegrcs·

968 3707 1123 3780 siogratiae.
1142 3708 1293 3779 Utrumque
1303 3725 1317 3762 a
1327 3721 1449 3779 parente,
1470 3712 1536 3767 illud
1547 3730 1563 3768 a
1573 3716 1673 3786 primo,
1685 3719 1762 3776 istae

964 3811 1081 3850 summo.
1091 3795 1210 3851 Terrena
1217 3796 1343 3851 nativitas
1357 3799 1494 3869 perditme
1507 3807 1697 3863 :etuonmulto
1707 3824 1762 3864 ma-

118 3897 183 3955 erat,
198 3895 226 3944 et
251 3887 348 3942 mortis
377 3886 479 3953 debito,
507 3896 534 3941 et
556 3886 654 3942 diaboli
679 3885 758 3940 sotrit
779 3883 909 3939 dominio.
965 3884 1008 3955 gis
1016 3884 1154 3953 generatio
1170 3885 1289 3940 coeleslis
1301 3899 1445 3944 conseruat
1458 3904 1502 3944 ¹¹¹⁰
1513 3890 1527 3945 i
1538 3892 1596 3948 N⁰0
1610 3910 1708 3953 b'es00r
1721 3898 1761 3956 ⁸10

112 3977 173 4045 Qua
189 3977 260 4032 enim
268 3975 372 4044 iustitia
381 3974 408 4028 id
419 3976 540 4030 secundo
550 3974 812 4048 bomoexigereturt
824 3973 909 4027 llomo
965 3983 1058 4028 erutus
1074 3972 1110 4028 de
1126 3981 1260 4044 potestate
1290 3975 1465 4031 tenebrarum
1483 3981 1579 4050 repelli
1594 3997 1611 4036 a
1625 3983 1702 4040 Patre
1715 3985 1761 4042 lu-

115 4065 249 4139 siquidem
264 4065 310 4138 qui
325 4064 427 4131 debuit,
444 4065 526 4118 bomo
536 4064 582 4134 qui
602 4061 690 4119 solvit.
707 4063 810 4118 Nomai
820 4078 907 4129 onus,
964 4061 1077 4130 minum,
1107 4059 1270 4132 justificatus
1297 4063 1383 4134 gratis
1412 4065 1438 4119 in
1454 4068 1586 4140 sanguiue
1601 4071 1661 4126 Filii
1679 4073 1759 4144 ejus.

119 4156 214 4227 iuquit,
222 4171 274 4228 pro
285 4155 413 4213 omnibus
422 4156 615 4218 mortomar,
628 4169 692 4225 erpo
702 4152 911 4209 omnesmortoi
926 4138 949 4216 D
963 4152 1066 4222 Nempe
1079 4151 1138 4222 ipse
1153 4151 1201 4223 qui
1212 4150 1342 4220 justificat
1359 4171 1365 4206 :
1386 4153 1448 4224 quis
1462 4165 1504 4210 est
1519 4157 1565 4228 qui
1581 4160 1762 4220 condemnati

114 4249 182 4301 sont
196 4245 238 4314 (11
253 4245 313 4300 Cor.
330 4260 356 4310 v,
374 4245 418 4311 11)
436 4261 442 4296 ;
466 4251 495 4297 ut
514 4241 634 4297 uidelicet
657 4239 807 4297 satisfactio
831 4240 911 4294 unius
969 4242 1030 4296 Non
1040 4241 1356 4309 condemnabitjustum,
1367 4242 1413 4314 qui
1425 4243 1553 4300 misertus
1562 4256 1604 4303 est
1612 4252 1760 4320 peccatori.

116 4333 242 4389 omnibus
257 4331 416 4404 imputetur,
433 4330 503 4387 sicut
518 4330 639 4385 omnium
658 4337 770 4401 peccata
785 4346 855 4384 unus
868 4329 912 4384 ille

117 4420 248 4493 portarit3
265 4435 315 4475 nec
329 4419 396 4476 alter
407 4419 463 4488 iam
472 4417 624 4474 inueniatur
635 4417 681 4490 qui
691 4416 814 4473 loreleeit
825 4417 911 4487 (185),

118 4511 186 4565 alter
200 4509 246 4581 qui
265 4507 417 4564 satisfecit:
435 4507 499 4580 quia
514 4514 595 4578 caput
611 4513 639 4562 et
653 4522 754 4578 corpus
776 4522 848 4561 unus
871 4512 913 4560 est

116 4599 249 4655 cbristus.
265 4595 403 4652 Satisleoit
416 4611 483 4668 ergo
497 4603 579 4667 caput
596 4611 646 4667 pro
670 4595 810 4662 membris,
832 4594 912 4650 Chri·

117 4696 176 4742 stus
190 4702 242 4758 pro
256 4685 409 4743 visceribus
424 4685 491 4754 suis,
510 4685 618 4757 quando
629 4685 706 4754 juxta
734 4684 910 4757 Evangelium

118 4776 261 4848 Pauli,quo
278 4775 448 4832 convincitur
462 4774 633 4830 mendacium
647 4773 717 4829 Petri
731 4775 818 4844 (186),
834 4788 911 4827 νυον-

118 4872 180 4918 tuus
195 4880 244 4934 pro
262 4865 341 4919 nobis
360 4866 566 4935 eoauieificouit
580 4862 701 4933 nescibi,
717 4861 913 4918 donoosnobis

965 4331 1070 4384 lustum
1099 4346 1143 4383 me
1170 4329 1296 4395 dixerim,
1318 4331 1363 4384 sed
1392 4330 1464 4388 itlius
1488 4333 1602 4404 justitia.
1629 4336 1762 4408 Quaenam

966 4418 1764 4493 ipsatrtntsteperetutstos,adjustitiamomntcretmtt

967 4510 1056 4580 (Rom.
1069 4524 1098 4574 x,
1116 4508 1143 4577 t)
1151 4549 1156 4561 .
1165 4507 1288 4578 Denique
1298 4511 1347 4580 qai
1355 4512 1456 4581 foetos
1466 4518 1506 4569 est
1517 4514 1763 4590 nobisiuquitjo·

968 4597 1080 4653 stitioo
1096 4597 1148 4653 Deo
1172 4597 1257 4654 Patre
1273 4596 1299 4666 (l
1313 4599 1374 4656 Cor.
1399 4615 1417 4667 t,
1442 4603 1498 4665 ³0).
1519 4600 1587 4669 Qoae
1609 4620 1675 4680 ergo
1696 4606 1762 4662 mibi

967 4685 1071 4756 justitia
1090 4685 1159 4741 laeta
1189 4691 1240 4751 est,
1256 4701 1318 4741 mea
1345 4702 1400 4742 non
1423 4690 1487 4744 est?
1505 4689 1534 4745 si
1565 4706 1627 4749 mea
1641 4694 1764 4753 traducta

968 4775 1057 4844 culpa,
1087 4790 1137 4827 νυν
1163 4789 1216 4828 non
1246 4784 1350 4829 etmea
1380 4777 1624 4849 indultajustitia‘l
1650 4783 1685 4838 Et
1697 4798 1763 4841 sone

967 4862 1032 4916 mibi
1046 4862 1128 4916 tutior
1143 4861 1251 4927 donata,
1269 4879 1349 4933 quam
1366 4864 1467 4919 inuata.
1488 4867 1557 4923 Nam
1581 4869 1633 4925 ista
1650 4871 1761 4944 quidem

119 4953 215 5011 omnio
229 4953 810 5025 delictudelensquododoersomnorcrot
822 4950 912 5006 eldre-
970 4951 1086 5025 gloriam
1106 4951 1197 5012 babet,
1215 4951 1261 5006 sed
1292 4967 1345 5006 non
1367 4954 1438 5024 apud
1458 4955 1565 5011 Deum:
1587 4958 1633 5014 illa
1655 4969 1760 5028 arrum,

117 5043 256 5115 propbrtm
280 5040 396 5105 decreti,
412 5042 482 5112 quod
501 5043 562 5096 eret
579 5039 758 5095 eontrarium
776 5039 869 5105 uobis;
885 5043 913 5095 et
972 5056 1033 5094 cum
1050 5041 1082 5092 sit
1095 5037 1305 5107 salutisettioax,
1323 5048 1384 5095 mab
1395 5042 1463 5097 riom
1472 5060 1527 5099 non
1537 5046 1618 5102 babet
1628 5048 1763 5119 gloriandi

116 5133 211 5203 ipsam
220 5131 290 5185 tulit
304 5131 337 5186 de
348 5129 570 5200 rnediopffipeus
581 5127 653 5183 tttod
662 5129 914 5200 mucieespoliorts
976 5128 1024 5183 uisi
1034 5129 1062 5182 in
1072 5127 1198 5181 Domino.
1211 5129 1278 5183 Num
1287 5132 1441 5199 etsijoator
1449 5135 1541 5202 terere,
1553 5134 1714 5207 inqui·,non
1725 5140 1763 5198 le·

120 5222 299 5293 principatus
313 5222 341 5275 et
354 5217 625 5292 potestateelcoloss.
637 5232 668 5272 rr.
684 5219 787 5284 13,11).
970 5220 1035 5274 turbo
1046 5220 1130 5288 rapat
1143 5217 1201 5286 (leb
1212 5232 1240 5280 x,
1256 5218 1316 5287 to),
1334 5234 1367 5273 na
1376 5219 1501 5276 videlicet
1515 5238 1676 5294 responsum
1691 5228 1764 5285 acci·

153 5404 230 5475 (1811)
260 5400 289 5456 ld
305 5408 347 5456 est
363 5399 486 5466 attendit,
504 5397 633 5469 peccarit,
648 5400 726 5470 quasi
749 5401 844 5470 tbcere
857 5402 946 5471 soros,
962 5397 988 5452 id
1005 5406 1045 5453 cst
1062 5405 1137 5452 extra
1154 5395 1295 5466 rationem,
1311 5414 1343 5452 ex
1361 5397 1499 5456 Glossario
1513 5401 1650 5475 Cangiaao
1664 5415 1690 5462 et
1703 5407 1763 5466 aliis

153 5504 227 5578 (186)
242 5499 387 5557 Abaelardi.
591 5574 594 5581 Ι

228 5602 350 5659 Persou.
366 5597 523 5657 cbxxxtt

1589 5603 1624 5659 31
