3728 5940
636 157 667 218 S.
694 156 1017 257 muttutaaststs
1034 158 1353 220 cltum-latitatis
1756 158 1827 220 lost

603 538 659 639 8.
693 535 1386 643 mandabamus

424 772 509 879 Ab
532 771 847 882 HUGONEM
880 775 960 879 DE
997 773 1243 884 scitoto
1281 774 1560 885 victoris

641 999 890 1081 nassum
917 999 1009 1083 sun
1035 999 1345 1113 antoninus,

403 1276 405 1279 .
478 1199 523 1256 DE
538 1196 705 1257 admistio
717 1195 878 1266 cursous
891 1195 1153 1268 obusttou'ffllls
1167 1197 1212 1257 ΑΒ
1225 1196 1301 1255 taso
1319 1196 1530 1257 raotosms

421 1530 509 1592 oab
527 1529 719 1589 PllAEFl'llO.
985 1529 1110 1625 gprimo
1125 1529 1158 1586 de
1174 1531 1301 1603 temporis
1313 1530 1422 1604 quidem
1447 1532 1604 1608 praefixione
1619 1536 1720 1595 durum
1741 1541 1823 1599 nimis

208 1627 237 1684 Si
254 1626 303 1683 tibi
317 1625 411 1683 videor
426 1623 529 1679 tardius
544 1619 723 1691 rescripsisse,
739 1619 808 1675 scito
833 1633 876 1674 me
898 1618 972 1674 tarde
1024 1627 1215 1690 austerumque
1243 1618 1357 1689 videtur,
1389 1621 1566 1682 dividelicet
1590 1626 1704 1684 verbum
1733 1630 1822 1688 adbuc

170 1731 279 1790 quoquc
291 1713 426 1785 accepisse
450 1712 482 1766 ad
506 1709 579 1783 quod
606 1708 795 1766 rescriberem.
819 1709 885 1763 Nam
898 1706 972 1780 quod
1024 1707 1209 1764 absconditum
1225 1708 1377 1780 palamjam
1392 1719 1498 1782 noceat,
1521 1719 1549 1768 et
1566 1722 1628 1770 ante
1640 1716 1728 1785 judex
1743 1719 1821 1776 leriat

171 1806 297 1870 miseras,
324 1818 378 1858 non
393 1800 523 1857 continuo
542 1799 577 1855 ad
592 1814 636 1854 mc
658 1813 746 1868 usque
768 1798 901 1868 perlatum
916 1804 968 1867 est,
1023 1811 1101 1867 quam
1116 1795 1247 1866 minetur3
1259 1799 1386 1872 quodque
1402 1798 1508 1856 iuterim
1523 1802 1550 1857 in
1567 1804 1685 1861 tenebris
1698 1807 1823 1880 loquitur

70 1949 79 1967 „
170 1896 218 1951 scd
233 1890 380 1949 Pontiniaei
399 1890 444 1945 diu
459 1897 521 1945 ante
535 1896 679 1945 retentum.
696 1887 780 1942 Porro
806 1885 851 1942 ubi
866 1886 967 1958 accepi,
1023 1885 1092 1940 etin
1110 1901 1187 1941 'eure
1209 1885 1341 1958 Salvator,
1371 1890 1492 1945 nondum
1512 1890 1622 1962 quidem
1637 1895 1731 1962 salvet,
1758 1898 1821 1969 quia

169 1999 273 2038 moram
288 1981 399 2035 minime
416 1980 466 2035 leci
479 1979 504 2033 in
520 1976 702 2033 rescribendo.
714 1975 887 2033 Caeterumid
909 1974 971 2032 bre·
1022 1974 1144 2030 nondum
1172 1986 1292 2047 apparet,
1326 1978 1428 2046 etjam
1453 1978 1583 2035 mundum
1605 1981 1715 2055 impleat
1750 2001 1819 2042 con-

170 2071 239 2137 vius,
255 2076 396 2143 quamtus
420 2068 488 2122 lorte
505 2065 666 2136 deposcebat
693 2063 805 2120 intentio
821 2083 829 2120 ε
844 2065 891 2118 scd
914 2077 969 2118 nou
1022 2063 1165 2121 damnatis.
1181 2065 1256 2119 ltane
1270 2081 1335 2136 ergo
1350 2066 1463 2123 verbum
1487 2069 1581 2125 ιιΙιιιίι
1603 2082 1631 2127 ιι
1653 2084 1819 2147 praeceptum

169 2163 247 2231 plane
261 2173 342 2229 quam
371 2171 431 2211 ntea
453 2153 594 2225 occupatio
621 2153 729 2208 sineret.
759 2152 858 2209 Curavi
882 2161 967 2208 tamen
1021 2149 1083 2207 vitae
1097 2167 1152 2206 non
1167 2151 1241 2222 prius
1259 2153 1342 2209 uitam
1356 2155 1495 2211 restituere
1520 2157 1615 2229 valuit,
1636 2177 1716 2233 quam
1739 2180 1818 2221 mor-

169 2263 204 2303 ue
218 2256 243 2303 te
257 2260 394 2318 utcunque
418 2244 512 2299 lateret
539 2241 670 2315 quidquid
690 2256 772 2312 super
795 2241 969 2314 interrogatis
1022 2244 1076 2293 tem
1097 2238 1238 2310 inflixerit;
1254 2240 1335 2314 idque
1357 2258 1389 2299 eo
1414 2243 1616 2316 innocentibus,
1647 2265 1701 2321 quo
1727 2260 1756 2308 et
1783 2269 1817 2309 na

167 2351 218 2409 ege
233 2334 372 2401 sentirem,
397 2341 443 2388 tuo
468 2346 533 2386 sane
556 2331 650 2386 eadem
673 2346 736 2385 mea
750 2345 831 2385 sense
852 2336 880 2384 et
900 2329 967 2397 otio,
1021 2327 1170 2386 scientibus
1183 2328 1272 2386 adbuc
1286 2331 1454 2388 voluntatem
1472 2334 1580 2390 Domini
1594 2335 1659 2391 suli
1672 2339 1744 2395 Num
1753 2358 1817 2414 gen·

168 2431 194 2479 et
212 2423 320 2498 ingenio
336 2421 442 2493 plenius
460 2421 602 2477 astruenda
616 2418 779 2491 relinquens,
794 2418 817 2474 si
834 2418 872 2473 ita
884 2432 967 2489 opor·
1021 2422 1074 2471 tem
1102 2415 1271 2490 ignorantem
1287 2426 1314 2475 et
1324 2419 1427 2488 justam
1442 2421 1484 2492 (ut
1503 2437 1564 2477 cum
1582 2424 1688 2482 etnicho
1712 2427 1814 2500 loqua-

168 2529 225 2578 pere
240 2509 411 2586 cognoveris.
424 2509 481 2565 Neo
495 2507 589 2564 dubito
605 2507 639 2562 ad
659 2523 766 2563 manum
787 2506 835 2562 tibi
849 2522 910 2562 csse
923 2522 967 2561 ra·
1022 2505 1094 2576 ntur]
1109 2504 1200 2561 debuit
1212 2505 1365 2565 interficere
1379 2507 1559 2583 Deusildeo.
1569 2527 1619 2581 xx,
1636 2514 1674 2585 d.)
1699 2515 1768 2584 Quis
1778 2518 1819 2573 ita

168 2600 255 2657 tiones
269 2608 365 2666 certas,
381 2609 407 2653 et
422 2612 556 2670 congruas
569 2595 750 2663 auctoritates,
775 2597 876 2669 quibus
889 2593 967 2652 facile
1018 2592 1104 2663 sapiat
1118 2592 1132 2648 i
1145 2593 1205 2649 Non
1215 2593 1341 2667 equidem
1355 2596 1415 2652 vilae
1426 2600 1581 2657 concordat.
1596 2603 1716 2670 ductori,
1725 2615 1818 2660 morte

166 2688 194 2745 id
208 2688 309 2761 possis.
333 2688 358 2742 ιι
371 2701 448 2759 ergo,
465 2685 544 2754 cujus
567 2700 611 2740 me
625 2684 788 2757 respondere
806 2684 966 2741 assertioni·
1019 2680 1158 2749 nimirum,
1172 2699 1255 2755 quam
1279 2685 1458 2744 exterminare
1486 2675 1620 2758 venerat,'
1633 2690 1673 2747 uti
1695 2708 1761 2750 mox
1789 2694 1818 2750 in

167 2775 357 2845 husjubes,ct
375 2789 473 2830 nomeu
487 2781 571 2844 taces,
596 2772 646 2827 tibi
666 2764 861 2829 'novemtame
885 2788 968 2843 super
1020 2768 1098 2827 initio
1107 2771 1211 2828 uiarum
1227 2789 1340 2830 suarum
1362 2775 1397 2831 ad
1425 2776 1609 2850 praejudicium
1632 2781 1735 2848 saculi
1759 2798 1817 2840 ιιι-

167 2864 298 2921 consultis
310 2863 383 2935 quod
395 2861 481 2918 sentio
496 2861 607 2932 dictum,
623 2875 677 2916 uon
693 2859 743 2916 sibi
758 2859 965 2929 contradictum,
987 2838 1088 2917 Blestc
1103 2860 1191 2917 adbuc
1205 2863 1419 2920 recentissimum
1430 2864 1580 2938 ignorantis
1595 2867 1723 2926 edictum.
1736 2871 1820 2929 Naias

167 2952 271 3009 etiamsi
283 2952 348 3025 quid
363 2951 438 3008 aliter
460 2952 494 3007 ab
512 2950 572 3023 ipso
594 2949 724 3021 sapimus.
739 2951 808 3006 Nam
822 2950 845 3005 si
870 2965 963 3008 uerum
1019 2956 1062 3005 est
1073 2949 1198 3021 prolecto
1217 2952 1317 3009 sentire
1333 2953 1367 3009 de
1385 2955 1507 3010 omnium
1531 2954 1659 3030 largitore
1673 2957 1815 3029 bonorum,

120 3107 128 3126 .
168 3057 218 3098 nos
240 3040 371 3114 sapimus,
393 3039 490 3098 veritam
504 3039 529 3094 ai
548 3037 716 3108 contradicit,
742 3054 797 3096 non
825 3053 885 3098 nos.
909 3038 964 3095 Sed
1018 3041 1093 3110 quod
1116 3046 1170 3095 tam
1193 3040 1292 3096 malum
1322 3041 1488 3113 principium
1516 3045 1622 3101 dederit
1650 3047 1812 3106 adveniens.

165 3132 237 3188 enlm
265 3131 288 3187 si
317 3146 372 3185 nun
397 3128 572 3186 confunditur
595 3127 767 3201 acquiescere
794 3127 907 3195 veritati,
935 3135 963 3184 et
1017 3125 1130 3184 llinime
1147 3143 1258 3200 prorsus
1278 3129 1304 3184 id
1320 3126 1407 3186 Μ
1429 3145 1482 3205 ego
1505 3131 1623 3204 cuipiam
1650 3133 1685 3191 de
1703 3134 1812 3194 Christo

165 3220 262 3278 veritas
288 3235 350 3276 cum
382 3233 415 3275 eo
445 3217 525 3289 sapit,
554 3221 582 3272 ιι
605 3232 665 3273 nos.
694 3215 742 3273 Sin
768 3225 868 3285 autem,
900 3233 962 3273 ser·
1017 3218 1193 3289 assenserim,
1208 3217 1281 3287 quod
1296 3217 1384 3291 magis
1398 3219 1432 3273 sb
1451 3219 1617 3277 Antichristo
1641 3221 1741 3279 merito
1756 3223 1809 3279 ior·

165 3324 232 3367 vum
251 3308 300 3364 Dei
327 3319 415 3363 tamen
444 3321 499 3362 non
530 3313 638 3377 oportet
663 3303 779 3378 litigare,
802 3307 849 3362 scd
874 3305 963 3380 magis
1021 3302 1146 3370 midatur,
1162 3304 1226 3375 quia
1249 3303 1372 3360 videlicet
1394 3315 1420 3361 et
1440 3305 1498 3376 ipse
1517 3309 1651 3377 paraverit
1685 3311 1811 3383 sagittam

163 3397 309 3469 patientem
324 3410 382 3451 essa
408 3394 442 3448 ad
456 3409 550 3449 omues
574 3395 613 3464 ill
630 3395 698 3450 lim.
722 3408 753 3462 ιι,
777 3392 962 3467 attldeoque
1015 3392 1133 3449 suamiu
1147 3395 1281 3463 pharetra,
1308 3402 1338 3448 ut
1359 3393 1501 3465 sagittaret
1528 3394 1556 3451 in
1582 3396 1698 3455 obscuro
1728 3411 1811 3460 rectos

165 3485 377 3558 conquerimus
403 3498 510 3556 pugnas
526 3482 685 3556 verborum3
706 3481 840 3540 novitates
852 3499 962 3557 quoque
1015 3480 1105 3538 corde.

164 3591 261 3634 vocum
283 3573 362 3645 juata
379 3571 554 3645 apostolicam
577 3570 727 3629 doctrinam
741 3573 883 3629 evitamus.
912 3575 961 3629 Pa·
1050 3571 1076 3625 2·
1094 3568 1194 3638 Quanti
1208 3583 1325 3641 namque
1338 3568 1445 3626 interim
1461 3579 1520 3631 toto
1533 3576 1598 3631 orbe
1615 3576 1812 3651 conbaptizati

165 3680 226 3721 rum
240 3672 342 3720 mutum
364 3661 528 3734 opponimus
547 3660 702 3728 sententies,
718 3678 748 3718 ac
772 3662 853 3719 uerba
866 3662 960 3735 prole·
1013 3657 1176 3727 moriuntur,
1190 3657 1312 3730 proiecto
1327 3659 1492 3733 ignorantes,
1508 3664 1572 3736 quid
1588 3681 1648 3720 cum
1663 3665 1812 3725 Nicodemo

163 3752 261 3822 rimus,
277 3759 303 3806 ιι
312 3765 367 3805 nou
382 3758 473 3806 nostra
492 3765 500 3803 a
516 3764 567 3804 nec
584 3739 655 3806 enim
674 3748 853 3820 sapientiores
865 3765 960 3806 sumus
1011 3746 1177 3804 Jesusuoctu
1184 3758 1341 3820 secretoque
1350 3749 1538 3808 confabuletur
1548 3751 1640 3821 lQuid
1650 3757 1740 3828 ergo?
1755 3773 1814 3815 nec

163 3855 245 3913 quam
258 3846 346 3910 patres
361 3837 455 3894 nostri.
471 3837 599 3893 Abundat
620 3853 685 3893 sane
698 3837 726 3892 in
744 3854 794 3894 suo
816 3853 898 3894 sensu
913 3837 959 3907 qui
1012 3835 1077 3890 dum
1091 3836 1335 3909 lexpromutgatur,
1345 3845 1373 3892 et
1382 3838 1435 3908 jam
1447 3840 1812 3910 praevaricantcstenenturi

161 3929 218 3987 cult
231 3936 360 3999 quantum
375 3926 442 3996 vult,
465 3925 611 3982 dummodo
636 3940 687 3981 uos
703 3925 820 3998 patiatur
842 3924 870 3980 in
884 3923 960 3981 Seri·
1013 3924 1201 3999 thuomodo,
1213 3923 1699 4001 inquit,credentiaaeamqaemnon
1710 3932 1811 3990 audie·

53 4003 56 4010 ’
161 4024 306 4092 pturarum
322 4015 447 4073 sensibus
460 4015 609 4083 abundare,
637 4013 774 4088 quomodo
788 4012 853 4070 dicit
879 4013 956 4086 Apo·
1011 4013 1247 4087 rectiqaomaatc
1258 4014 1517 4074 mroaadteatsiaa
1530 4019 1812 4094 praesentatque-

161 4109 247 4166 atolus
260 4123 268 4161 ε
279 4107 339 4164 nm
350 4105 423 4179 quod
431 4103 608 4176 sufficientes
617 4105 709 4161 cimaea
715 4103 840 4176 cogitare
849 4101 958 4176 aliquid
1012 4103 1206 4168 modenulam
1217 4103 1415 4177 praedicabunt
1428 4104 1486 4163 cisi
1495 4107 1763 4181 mittcnlorl(ltom
1778 4126 1810 4186 x,

160 4213 179 4255 o
198 4196 289 4264 cobis,
303 4197 484 4268 tonqcomac
498 4192 593 4264 aeoliis,¹
603 4194 650 4251 sed
664 4191 843 4266 sufficieutia
855 4196 955 4254 nestro
1012 4192 1056 4258 tt,
1072 4195 1130 4263 lo).
1151 4192 1271 4249 Necdum
1285 4193 1417 4265 iniuncta,
1430 4195 1547 4251 necdum
1563 4195 1681 4270 vulgus
1692 4200 1811 4257 necdum

160 4303 197 4346 ex
211 4287 263 4343 lieo
277 4288 318 4341 cst
331 4282 371 4356 (tl
389 4284 449 4340 Gor.
467 4298 509 4349 ru,
524 4284 564 4354 b).
969 4240 992 4322 e
1011 4280 1081 4338 servi
1092 4280 1184 4336 addim
1192 4280 1348 4352 pradicatio
1358 4287 1417 4338 est:
1433 4290 1460 4338 et
1472 4283 1547 4352 juata
1561 4283 1632 4358 pigri
1646 4299 1677 4342 ac
1691 4302 1811 4361 nequam

410 4368 524 4430 CAPUT
543 4370 687 4430 Plllillibl.
1009 4367 1168 4426 manniam
1191 4377 1248 4426 tam
1268 4369 1354 4427 durus
1368 4374 1411 4427 est
1428 4369 1570 4442 Dominus,
1589 4383 1619 4429 ut
1627 4373 1811 4433 necdumsata

161 4465 223 4526 lloc
233 4463 366 4537 obligasse
379 4463 685 4537 Baplbmum,echo
704 4461 876 4534 dictumsut't
889 4463 958 4522 llic·
1009 4456 1066 4529 jam
1088 4465 1188 4514 metere
1202 4457 1276 4525 uelit,
1296 4468 1392 4517 etnon
1418 4474 1513 4531 sparsa
1543 4460 1696 4536 colligere?
1712 4465 1808 4525 Absit.

302 4552 391 4620 deno,
407 4553 481 4609 anat
495 4554 557 4628 quia
571 4555 703 4628 reactus,
718 4559 797 4608 »etc
1011 4545 1234 4622 Sedaudimtgis
1248 4545 1331 4619 hujus
1352 4547 1393 4606 rei
1410 4551 1559 4610 imitatem.
1574 4550 1646 4621 Quid
1669 4567 1737 4609 anos
1761 4566 1809 4612 est

196 4647 223 4701 l.
238 4641 441 4714 Scribisitaqua
459 4640 604 4716 quemdam
627 4653 751 4696 asserere
770 4638 957 4712 nescioquem
1009 4636 1139 4714 ttagister
1160 4637 1312 4694 iucoeloet
1325 4639 1448 4709 interra,
1463 4640 1550 4715 siqui
1564 4639 1810 4717 megistartantum

163 4733 239 4805 (nam
255 4748 309 4789 uon
329 4730 465 4803 nominas)
481 4745 515 4787 ex
543 4744 598 4802 quo
623 4728 740 4802 primum
754 4728 884 4786 dictums
902 4729 957 4785 Do-
1008 4725 1038 4784 in
1051 4724 1135 4784 lsrael
1147 4733 1215 4800 erat,
1232 4725 1357 4784 familiari
1378 4728 1535 4803 privatoque
1551 4729 1686 4806 colloquio
1710 4731 1809 4791 trade·

159 4826 233 4880 mino
248 4821 346 4895 legitur
362 4839 369 4876 ι
386 4821 447 4878 lltsi
465 4822 527 4893 quis
548 4822 667 4877 renatas
681 4819 770 4891 suerit
784 4835 822 4876 aa
835 4834 909 4892 aquo
928 4823 957 4877 et
1010 4818 1057 4873 btt
1069 4816 1143 4889 quod
1158 4815 1291 4886 traderet;
1307 4817 1420 4875 docebat
1434 4819 1506 4892 quod
1522 4818 1641 4887 doceret,
1656 4834 1711 4877 non
1729 4822 1807 4893 quod

159 4914 270 4989 Spiritu
286 4915 393 4978 saneto,
414 4928 472 4968 non
494 4912 616 4968 introiit
634 4911 667 4966 in
685 4924 808 4982 reguum
822 4910 956 4965 colorum
1010 4905 1131 4979 exigeret
1144 4913 1171 4961 ιι
1191 4904 1226 4960 ab
1239 4905 1405 4973 absentibus,
1427 4923 1480 4965 uon
1495 4909 1567 4965 uude
1577 4911 1764 4980 praescriberet
1778 4919 1807 4969 et

159 5004 254 5077 (loon.
264 5016 306 5068 ru,
318 5001 363 5073 5);
376 5017 409 5058 ea
419 5015 451 5057 ιο
460 5000 596 5057 neminem
607 5001 710 5073 absque
721 4999 817 5057 eodem
827 5007 956 5073 percepto
1010 4995 1052 5051 uis
1065 4993 1111 5067 qui
1124 5010 1177 5050 non
1192 4996 1340 5053 audierant.
1356 4996 1441 5052 Valde
1453 4997 1556 5069 quippe
1575 4997 1674 5068 injuste
1686 4999 1808 5076 exigitur

95 5132 107 5145 .
158 5093 296 5152 actualiter
310 5090 410 5150 visibili
437 5098 616 5162 sacramento,
644 5090 687 5148 uel
700 5089 759 5160 ejus
781 5089 838 5147 vice
854 5097 956 5162 marty-
982 5083 986 5088 '
1009 5081 1141 5149 obeditio,
1156 5082 1203 5138 nbi
1219 5098 1273 5140 non
1284 5086 1420 5155 precessit
1433 5085 1546 5145 auditio.
1556 5085 1648 5160 Neque
1663 5087 1737 5145 cuim
1749 5092 1807 5151 tale

158 5183 210 5251 rio,
231 5183 368 5240 ullatenus
393 5181 515 5253 potuisse
533 5180 646 5249 salsari;
663 5180 712 5237 sed
738 5178 789 5235 etsi
804 5179 873 5236 lorte
888 5178 955 5234 illud
1007 5182 1050 5231 est
1058 5173 1121 5242 hoc,
1136 5174 1210 5248 quod
1224 5182 1251 5230 st
1260 5175 1362 5249 absque
1382 5174 1595 5249 promulgatione
1609 5179 1741 5236 naturalis
1765 5180 1809 5241 lex

158 5271 297 5346 quispiam
309 5286 372 5328 cnm
383 5285 448 5329 tara
457 5270 511 5328 lide
525 5277 552 5327 ιι
564 5269 725 5328 contritione
736 5269 826 5328 cordis
840 5277 954 5340 expeto·
1007 5261 1134 5338 ignorare
1148 5279 1203 5321 nou
1217 5267 1326 5336 sineret,
1337 5264 1425 5338 qualo,
1439 5265 1515 5323 verbi
1537 5267 1633 5340 gratia,
1654 5267 1723 5325 illud
1736 5279 1782 5326 est
1800 5289 1809 5331 a

159 5370 209 5432 ret,
242 5362 289 5420 sed
310 5369 465 5436 praeuentus
490 5360 587 5418 mortis
614 5360 726 5420 articulo
749 5358 856 5434 assequi
882 5357 955 5432 quod
1011 5353 1088 5424 Quod
1105 5354 1156 5411 libi
1170 5371 1227 5412 raca
1241 5357 1369 5427 uisfieri,
1383 5358 1680 5433 aliineseccrisllob.
1694 5362 1809 5435 nmio).

159 5459 270 5524 cuperet
298 5466 352 5509 nen
375 5451 486 5522 valeret,
511 5457 599 5507 tamen
625 5449 734 5508 omnino
758 5447 888 5506 damnari.
904 5445 955 5505 Ubi
1007 5443 1148 5503 Factitium
1169 5444 1255 5520 magis
1269 5446 1469 5520 quodammodo
1485 5457 1537 5518 cst,
1554 5455 1581 5507 ct
1603 5465 1660 5510 non
1682 5450 1809 5510 nuurale
