3728 5940
104 180 162 248 125

855 183 1032 252 stimuum

103 337 190 399 reret,
205 326 263 384 suis
277 334 384 385 nostras
398 336 525 404 tanquam
540 331 621 389 vestri
641 331 780 390 familiaris
803 330 910 391 litteras
927 330 951 410 fl
969 317 1016 390 (lii
1026 325 1131 375 mlum
1142 318 1175 375 ld
1191 319 1758 395 1106ῖῦὙθῧῖθιθῐῦιῑιῐῦήθθῦῑῑιῦῑθῑιθῦ

99 406 222 490 iungere
246 416 364 490 curavit,
390 433 440 474 suo
463 434 575 491 spamus
601 421 712 493 negotio
742 421 905 495 profuturas.

103 505 154 562 Cui
166 521 229 561 cuni
243 521 299 561 non
315 522 424 577 possem
439 524 537 579 negare
552 512 624 582 qnod
648 511 745 578 vellet,
770 510 797 567 id
819 511 907 569 solum

102 604 202 652 vestre
216 595 387 653 Reverentiie
401 596 568 656 familiariter
588 600 759 673 breviterque
783 599 908 657 intimari·

101 684 170 740 dum
185 684 280 756 putavi
307 683 369 756 quia
385 686 407 740 si
422 687 552 744 adversus
566 689 721 762 episcopum
742 697 907 764 quaerentem

101 791 167 846 quae
181 783 247 830 sunt
260 774 325 829 lesu
340 773 451 841 Christi,
465 775 589 832 homines
613 794 643 833 se
667 778 742 851 ipsos
766 784 905 850 amantes,

101 871 131 920 et
141 878 205 936 quie
218 878 269 918 sus
282 873 345 919 sunt
357 874 511 936 quaerentes
525 864 675 937 audieritis,
685 868 737 925 boc
746 883 797 924 nec
811 875 906 925 restria

102 949 232 1024 congruit
245 949 382 1025 dignitati,
397 967 448 1007 nec
463 950 561 1009 officio.

366 1057 535 1115 tavistoch
548 1059 658 1117 Xlef..

197 1160 234 1202 ιι
244 1159 380 1203 ιτιοιιιι
393 1145 469 1218 (ιιι)
483 1162 651 1205 τιιιιιιιιι
662 1162 824 1206 srisoormi.

103 1253 241 1309 etonem
249 1254 422 1326 episcopum,
432 1254 482 1326 qui
491 1256 523 1310 ih
532 1253 627 1311 morbo
637 1258 904 1328 mortemcoqitum,

140 1324 906 1402 muniusuudistrrbucruticpeuperes,restitutumue·

142 1395 268 1452 letudirii
276 1396 400 1462 soletur,
416 1400 445 1452 et
460 1397 569 1454 laudet.

963 409 1086 469 redderet
1100 407 1258 479 gloriosum.
1274 408 1325 477 Qui
1340 407 1467 464 nimirum
1482 425 1542 465 cuni
1571 410 1607 466 sit
1628 410 1759 467 mirabilis

961 502 989 558 iii
1003 499 1141 568 majestate
1154 512 1214 562 sua,
1229 496 1307 552 etiam
1322 496 1348 551 iu
1364 497 1465 553 sanctis
1480 497 1538 553 suis
1546 497 1683 570 gloriosus
1706 516 1758 570 ap·

962 603 1056 661 parere
1071 586 1203 660 dignatur,
1220 599 1254 639 ne
1265 585 1339 640 solus
1348 585 1445 641 babeat
1453 586 1576 657 gloriam.
1588 586 1650 658 lpse
1660 602 1758 659 nempe

962 679 1024 734 licet
1041 675 1076 732 sit
1094 674 1146 730 sibi
1171 671 1306 728 sufficiens
1329 673 1359 729 ad
1385 688 1492 730 omnem
1516 673 1755 751 magnificentiam,

961 765 1059 841 quaerit
1069 771 1162 849 tamen
1176 761 1290 835 gloriam
1305 770 1330 816 et
1345 761 1373 817 iii
1394 763 1505 829 sanctis,
1531 779 1584 818 nou
1607 771 1638 819 ut
1661 772 1758 836 augeat

961 855 1024 922 eibi,
1040 853 1088 909 sed
1101 860 1131 907 ut
1143 851 1200 906 suis
1212 850 1401 908 communicet.
1416 851 1497 907 Novit
1518 859 1608 908 autem
1622 852 1670 923 qui
1693 859 1758 910 sunt

960 946 1036 1014 ejiis:
1060 942 1108 997 sod
1133 939 1210 996 nobis
1233 955 1286 995 non
1312 939 1389 995 facile
1412 939 1592 1007 innotescunt,
1615 941 1668 996 uisi
1692 955 1756 996 cum

960 1033 1019 1106 ipse
1033 1030 1152 1088 revelare
1170 1027 1335 1100 dignabitur.
1361 1028 1465 1085 Scimus
1488 1044 1552 1084 sane
1574 1030 1608 1085 de
1629 1029 1754 1101 qualibus

960 1125 1089 1193 scriptum
1103 1125 1162 1174 est:
1179 1120 1212 1175 fra
1221 1118 1314 1176 lohere
1323 1119 1471 1175 liciniorum
1481 1133 1539 1175 nort
1550 1121 1632 1184 sunt,
1647 1122 1675 1175 et
1689 1135 1756 1175 cum

960 1208 1507 1281 hominibusconflcpetlobuctur(Paul.
1515 1207 1757 1279 temnebatque

958 1302 1037 1358 vobis
1051 1300 1111 1357 baec
1124 1298 1182 1372 ipss
1196 1297 1329 1353 sentenha
1347 1312 1400 1354 non
1422 1303 1564 1367 congruat,
1579 1294 1754 1350 nihilominus

958 1390 1038 1448 modo
1050 1387 1247 1460 cognoscimus.
1262 1387 1396 1457 Scriptum
1409 1400 1516 1457 qnoque
1534 1391 1594 1441 est:
1613 1385 1698 1453 Quem
1710 1383 1756 1440 dl-

139 1483 256 1554 Pauperi
279 1485 408 1558 episcopo
423 1501 525 1557 pauper
546 1487 643 1554 abbas,
658 1488 822 1559 paupertatis
836 1503 903 1546 con·
959 1481 1022 1551 litii
1030 1479 1165 1535 [diminui
1173 1476 1434 1560 corepiscopatus
1440 1472 1757 1542 “ufmomntmfillttm

102 1569 181 1642 sequi
195 1570 350 1643 praemium,
364 1572 435 1645 quod
451 1580 491 1628 est
507 1588 619 1650 reguum
639 1575 778 1631 coelorum.
958 1566 1251 1641 queinrecipr't(Prou.
1267 1579 1311 1633 iii,
1329 1568 1371 1627 tn,
1401 1569 1428 1620 et
1452 1562 1531 1618 ltebr.
1554 1578 1604 1627 iiii,
1621 1563 1658 1629 6).
1693 1560 1755 1617 Fla·

140 1661 166 1714 ι.
182 1658 333 1716 laudarem
349 1676 406 1725 vos,
422 1669 449 1715 et
470 1661 532 1732 jure
555 1661 709 1732 laudarem,
736 1663 759 1719 si
782 1678 836 1719 non
861 1677 905 1718 me
921 1637 943 1716 Β
957 1657 1084 1728 gellstum
1094 1655 1173 1710 video
1185 1651 1401 1718 demandatum,
1413 1658 1440 1704 et
1453 1649 1663 1745 aliud-suspicer
1674 1664 1755 1721 quarn

101 1755 243 1805 revocaret
255 1747 301 1802 illa
315 1748 460 1819 sententia,
475 1751 623 1807 Neminem
635 1751 795 1809 laudaveris
806 1753 904 1810 inuito
958 1756 1043 1797 unum
1058 1754 1117 1795 0⁸⁸0
1130 1754 1162 1794 0¹
1176 1736 1263 1792 slliss‘?
1278 1736 1361 1791 P⁰ff⁰
1375 1742 1553 1833 P⁰ff⁰0l¹⁰¹¹¹⁸
1575 1741 1672 1790 Vesifae
1696 1732 1753 1791 0¹⁸·

102 1855 157 1894 ιιι
171 1837 272 1910 (dccli.
289 1854 330 1905 xi,
346 1841 405 1912 30);
423 1839 555 1913 siquidem
568 1858 625 1896 rom
640 1841 718 1898 laude
728 1841 837 1917 dignam
847 1842 904 1914 egi.
957 1847 1015 1885 rum
1031 1829 1095 1883 satis
1109 1825 1215 1922 insigne
1237 1831 1370 1919 tenemus,
1383 1837 1468 1892 ipsam
1483 1837 1555 1877 nuno
1566 1828 1753 1918 paupertatem

104 1925 176 1982 stis:
192 1926 345 1983 sedeileus
368 1929 546 1984 adscribenda
558 1936 701 2000 est,aquo
721 1930 860 2004 accepistis
879 1938 907 1987 et
957 1926 1086 1974 heilram·
1107 1914 1211 1969 N⁰b¹¹¹⁸
1234 1925 1330 1966 felem
1351 1909 1446 1964 ¹¹¹¹¹¹¹¹³
1469 1914 1650 2008 P⁸¹¹P0f²³²1⁸i
1672 1922 1754 1979 (1¹¹⁸m

102 2015 186 2081 velle,
203 2023 230 2071 et
252 2014 382 2088 perficere
406 2019 481 2090 quod
507 2018 604 2074 merito
632 2019 797 2076 laudaretur.
820 2020 905 2076 Deum
958 2005 1017 2077 ipse
1040 2006 1112 2060 0⁰⁰⁸
1127 2017 1175 2058 ‘Ne
1193 1999 1388 2056 ⁰⁰¹¹l¹¹¹0¹¹d³¹¹⁸
1410 1998 1583 2071 Pf⁰Ph0²¹003
1606 2000 1659 2068 Ειθ
1677 2013 1752 2064 tvm·

102 2119 171 2177 ergo
184 2119 234 2177 per
246 2120 306 2171 vos,
322 2113 350 2161 et
367 2105 396 2161 in
422 2106 501 2164 vobis
526 2117 683 2181 operantem
706 2106 904 2181 glorificamus,
957 2095 1005 2161 ait,
1017 2096 1061 2151 vir
1087 2091 1180 2149 vident
1194 2090 1393 2163 ιιαιιιιθιῑῑιῗθιη
1405 2086 1687 2157 immitit-1112
1712 2084 1751 2157 ἢ·

103 2261 239 2322 chcrtio.
257 2263 333 2321 Unde
346 2267 475 2322 mendum
488 2266 630 2337 irrepsisse
644 2267 726 2339 liquet
740 2267 768 2323 in
784 2269 902 2326 'fabula-

104 2336 175 2392 rium
190 2335 404 2393 Sancti-Martini
417 2337 450 2393 de
465 2338 573 2409 Campis
587 2341 701 2395 relatum
715 2356 731 2394 a
745 2340 861 2397 Chesuio
875 2342 902 2397 iii

104 2407 177 2463 notis
192 2407 226 2461 ad
236 2408 424 2490 thalamum,
439 2410 485 2465 ubi
497 2411 633 2466 Nanasses
643 2411 666 2467 tt
677 2411 775 2467 Sancto
787 2413 902 2470 Nartino

102 2476 248 2536 ecclesiam
273 2480 308 2535 de
331 2479 473 2537 Choisiaeo
503 2481 601 2556 legitur
628 2483 796 2539 concessisse
830 2499 901 2540 auno

103 2552 185 2618 ιιιῦ,
200 2564 279 2620 quem
293 2565 343 2622 pro
358 2566 430 2607 anuo
442 2555 510 2608 tiss
519 2553 651 2608 mendose
666 2554 805 2609 inductum
819 2562 902 2610 testa·

104 2630 148 2676 tur
161 2619 283 2677 Historia
297 2622 419 2692 ejusdem
433 2623 548 2681 coenobii
563 2639 580 2679 a
593 2623 624 2678 P.
641 2624 751 2680 Narrier
763 2626 900 2698 evulgata.

101 2693 171 2763 Quae
186 2691 297 2764 quidem
311 2693 467 2751 observatio
483 2696 564 2750 ctiam
579 2695 659 2751 facile
674 2696 829 2766 persuadet,
842 2714 856 2752 e
878 2697 902 2752 i·

100 2779 219 2831 seopum
247 2764 418 2831 lfeldensem,
446 2768 524 2835 cujus
554 2767 717 2824 mentionem
749 2715 902 2825 Bernartius

102 2833 166 2890 facit
179 2834 269 2889 stetim
282 2836 315 2889 ad
332 2835 410 2893 initio
428 2837 549 2908 epistolae
563 2840 607 2902 42,
625 2837 659 2892 ad
683 2837 826 2895 ilenrieuiu
851 2840 900 2896 Se·

109 2920 269 2972 nonensem,
287 2922 341 2961 non
363 2924 422 2964 csse
432 2909 583 2963 Nanassem
594 2908 626 2974 fl,
640 2916 669 2963 ut
679 2909 754 2964 multi
765 2910 897 2965 hactenns

103 2976 206 3048 opinati
220 2987 298 3045 sunt,
313 2977 361 3033 sed
376 2978 521 3050 ipsummet
533 2979 726 3035 bruchardum.
742 2982 804 3037 Haec
827 2981 898 3036 enim

100 3047 216 3128 epistola
233 3048 335 3119 scripta
357 3057 400 3104 est
422 3057 454 3104 ad
477 3051 621 3106 ilenricum
636 3066 730 3106 recens
754 3052 787 3106 ab
811 3052 897 3110 aulico

102 3118 212 3173 rivendi
225 3135 325 3190 genere
337 3136 509 3187 conversum,
526 3130 554 3177 ut
568 3123 640 3178 clare
651 3121 769 3177 insinuat
783 3123 897 3178 bernar·

102 3190 155 3244 dus
168 3196 227 3245 tuni
251 3189 303 3260 bis,
330 3200 385 3246 tum
406 3191 467 3246 aliis
491 3193 596 3248 verbis:
616 3215 627 3245 i
651 3194 743 3264 Nuper
764 3203 895 3260 autem»

103 3259 213 3330 iuquit,
237 3261 372 3316 ‹uobisa
392 3261 489 3321 vestris
505 3265 625 3334 partibus
651 3263 714 3320 llere
728 3265 810 3334 coepit
832 3280 896 3320 aura

101 3331 258 3386 secundior.
273 3332 438 3389 Rumoribus
451 3332 580 3404 siquidem
601 3335 798 3391 recentioribus
822 3353 895 3391 nun-

102 3401 169 3458 tiata
191 3412 254 3457 eunt
279 3404 402 3461 dcvobis
424 3404 505 3462 solito
529 3405 634 3472 latiora,
660 3424 675 3458 s
699 3409 771 3477 quod
794 3406 896 3465 scilicet

101 3472 304 3529 Caruoteusise
325 3474 411 3547 iscopi
426 3477 547 3532 consiliis
561 3477 643 3532 vitani
657 3478 683 3533 in
699 3478 804 3546 melius,
825 3478 897 3534 insti-

101 3544 207 3610 tuisset,
224 3551 255 3598 ut
267 3545 294 3599 in
308 3561 337 3600 ra
351 3547 478 3603 declarat.
495 3548 577 3619 Atqui
592 3550 662 3604 lieno
678 3549 797 3619 praesulis
812 3549 898 3605 Seno-

100 3614 196 3670 neusis
222 3615 398 3672 mutationem
424 3616 532 3674 lionorii
560 3619 582 3674 ll
610 3627 732 3689 tompore
753 3619 897 3692 contigisse

100 3693 207 3741 constat
220 3694 278 3741 tum
293 3702 326 3741 ex
340 3687 419 3759 epist,
437 3691 481 3759 te,
503 3690 536 3743 ad
560 3691 649 3761 ipsuin
671 3691 830 3757 Honorium,
854 3691 898 3746 cui

101 3755 245 3812 lienricum
272 3757 391 3815 maxine
417 3760 587 3816 commendat
612 3762 743 3817 adversus
772 3761 898 3818 budovici

100 3827 198 3885 Grossi
216 3826 417 3896 infestationem
430 3838 487 3886 tuni
500 3848 533 3888 eii
548 3831 667 3900 ipsarum
682 3847 765 3887 causa
783 3833 897 3888 infesta-

100 3900 215 3963 tionum,
230 3915 310 3970 quam
322 3916 376 3956 non
390 3901 470 3957 aliam
483 3901 567 3959 fuisse
582 3909 680 3984 praeter
698 3902 806 3959 hienrici
828 3919 896 3958 con-

99 3970 268 4036 versionem,
297 3969 405 4028 disertis
432 3973 523 4029 verbis
552 3971 652 4029 ibidem
679 3971 784 4029 asserit.
813 3972 896 4041 «Qui

99 4048 160 4108 sut,
180 4058 194 4091 s
210 4039 305 4166 iqquit,
325 4062 338 4094 s
352 4042 482 4098 inhabita
496 4056 611 4117 actuque
638 4045 762 4100 secutori
773 4044 896 4100 honorati

103 4119 231 4166 suutesu
261 4113 336 4182 lines,
357 4114 468 4184 judicati
493 4114 597 4180 fideles,
623 4115 706 4170 babiti
734 4115 896 4172 familiares:

957 2234 1057 2306 publici
1069 2233 1139 2304 juris
1154 2231 1216 2287 fecit
1231 2231 1368 2288 severtius
1382 2230 1409 2285 iii
1424 2218 1552 2302 C'atslogo
1566 2230 1753 2310 episcopomm

956 2303 1201 2369 Matisconensium,
1214 2305 1240 2358 in
1252 2303 1411 2374 loceranno,
1426 2301 1439 2374 S
1455 2303 1481 2369 h,
1498 2302 1577 2372 cnjus
1592 2303 1637 2357 bic
1649 2299 1753 2372 aliquot

955 2379 1044 2451 apices
1058 2385 1251 2446 representare
1267 2374 1354 2428 lubet:

957 2491 969 2522 i
991 2467 1175 2524 Dilectissimo
1186 2467 1216 2520 o.
1234 2467 1262 2518 ct
1276 2464 1354 2535 putri
1367 2479 1419 2518 suo
1434 2461 1592 2518 venerando
1606 2461 1740 2532 pontifici

954 2539 1059 2596 hatoni
1073 2536 1187 2608 caputio
1201 2538 1231 2590 B.
1248 2533 1392 2590 Benedicti
1405 2534 1530 2603 feliciter
1544 2535 1687 2597 laurento,
1712 2534 1745 2588 P.

951 2610 1077 2683 pusillos
1091 2623 1187 2664 servus
1202 2605 1318 2674 Christi,
1334 2605 1458 2662 oblivisci
1471 2605 1608 2677 poputum
1622 2620 1709 2661 suum
1723 2606 1752 2662 et

954 2683 1069 2740 domum
1086 2681 1178 2752 putris
1193 2677 1251 2734 sui.

991 2790 1006 2823 a
1025 2771 1231 2826 Sacramentum
1245 2764 1377 2822 unctionis
1395 2772 1448 2821 ture
1467 2762 1666 2837 transmigratio
1689 2770 1749 2835 tua,

953 2843 1105 2900 venerande
1120 2848 1205 2909 pater,
1222 2854 1276 2892 non
1291 2837 1428 2892 dissolvit:
1450 2836 1497 2892 sed
1520 2850 1574 2907 quo
1598 2834 1685 2962 magis
1707 2847 1751 2916 ao·

952 2912 1028 2971 cedis
1042 2912 1075 2966 ad
1089 2908 1244 2976 Dominum,
1261 2923 1294 2963 eo
1314 2922 1421 2979 gemma
1435 2906 1474 2963 tui
1495 2907 1585 2962 meriti
1608 2906 1749 2977 puolirrus

953 2982 1089 3043 elucessit.
1104 2981 1226 3036 Lucerna
1244 2978 1287 3050 qui
1312 2993 1342 3048 pe
1358 2993 1392 3033 ne
1420 2993 1436 3032 a
1456 2977 1546 3034 ventis
1573 2978 1748 3047 exsuffletur,

951 3075 967 3114 a
995 3051 1089 3126 publio
1117 3053 1221 3106 sublata
1250 2996 1387 3104 meiiusin
1411 3048 1492 3103 domo
1511 3047 1598 3128 lucet3
1620 3057 1647 3103 et
1675 3047 1750 3104 navis

951 3141 1032 3202 quani
1046 3132 1192 3194 tempestas
1207 3121 1233 3175 iii
1248 3119 1372 3176 fluctibus
1389 3119 1516 3192 agitabat,
1538 3117 1648 3174 liubula
1682 3133 1749 3191 cry-

953 3209 1059 3270 ptarum
1075 3197 1197 3264 ingressa
1212 3201 1257 3248 tua
1273 3200 1377 3256 inanet;
1392 3200 1419 3245 et
1434 3204 1549 3260 persona
1568 3205 1627 3261 quae
1649 3189 1745 3245 mundi

952 3268 1073 3326 turbines
1087 3262 1205 3321 evadens
1220 3263 1329 3318 domum
1344 3261 1418 3334 pacis
1433 3260 1596 3331 ingreditur,
1616 3262 1748 3332 jacturam

951 3341 1063 3395 aliorum
1077 3334 1226 3406 respiciens
1241 3335 1276 3388 de
1299 3333 1492 3405 tranquillitate
1514 3348 1564 3388 sua
1586 3333 1748 3405 gratuletur.

951 3405 1226 3469 accessissemus,
1240 3405 1310 3461 sicut
1320 3406 1466 3460 Paternitas
1476 3413 1520 3459 tua
1530 3405 1613 3466 novit,
1624 3419 1748 3462 accessus

951 3493 993 3539 est
1002 3482 1035 3536 ad
1045 3479 1179 3535 coelestem
1190 3478 1327 3548 thronum,
1337 3482 1364 3532 et
1375 3474 1501 3532 cathedra
1514 3483 1610 3546 sponte
1621 3474 1748 3533 derelicta

953 3550 1065 3623 majoris
1092 3556 1134 3605 est
1154 3547 1291 3620 dignitatis
1318 3548 1437 3618 signum.
1470 3546 1508 3600 Ea
1529 3557 1619 3616 ropter
1654 3545 1749 3601 domos

952 3641 1014 3682 suas
1029 3621 1118 3693 plures
1133 3619 1267 3685 exierunt,
1279 3625 1306 3674 et
1318 3616 1413 3689 maiori
1425 3616 1490 3672 satis
1504 3562 1576 3672 felici
1585 3616 1749 3672 commercio

951 3693 1047 3752 lucrati
1062 3700 1133 3748 sunt.
1146 3692 1296 3766 Gregorius
1306 3691 1491 3744 Nazianzenus
1505 3687 1565 3743 sedi
1579 3704 1636 3743 ιιι
1649 3704 1750 3768 renuu-

952 3767 1031 3830 tians,
1047 3763 1102 3819 ruri
1118 3763 1199 3819 vitam
1213 3761 1338 3818 monaehi
1358 3760 1422 3833 egit.
1444 3761 1537 3815 fustus
1562 3759 1751 3834 Lugdunensis

951 3838 983 3892 ad
1000 3850 1119 3891 eremum
1133 3834 1288 3905 AEgyptium
1299 3831 1451 3887 declinavit.
1467 3829 1638 3887 Wilfrannus
1659 3829 1749 3887 Seno-

951 3905 1054 3972 nensis,
1070 3903 1209 3958 Frisouum
1224 3901 1376 3973 apostolus,
1398 3901 1561 3957 monasterio
1584 3899 1748 3956 Fontsuellae

952 3977 985 4032 ad
1001 3984 1149 4032 extremum
1164 3988 1193 4028 se
1220 3971 1339 4028 tradidit.
1367 3972 1437 4039 Quia
1455 3970 1484 4024 hi
1509 3970 1619 4041 quidem
1647 3971 1749 4027 meritis

952 4045 1123 4118 exigentibus
1136 4044 1220 4099 sacris
1235 4041 1424 4115 pulvinaribus
1437 4040 1617 4112 corporaliter
1639 4041 1749 4097 exiben-

954 4128 1016 4176 tur:
1033 4114 1186 4190 pontificale
1201 4131 1265 4170 vero
1279 4128 1377 4169 nomeu
1398 4111 1513 4185 sepultis
1535 4111 1616 4166 etiam
1638 4126 1749 4169 censer.

102 4182 185 4237 niodo
198 4180 304 4238 inimici
318 4184 380 4241 facti
394 4194 458 4241 sunt
471 4186 551 4258 digne
564 4201 614 4242 suo
626 4188 776 4243 sacerdotio
787 4198 902 4244 conver-⁶
954 4198 1043 4247 vatur.
1059 4189 1168 4244 Possem
1184 4194 1211 4241 et
1234 4184 1302 4242 alios
1322 4182 1478 4253 hujusmodi
1501 4182 1633 4240 adducere
1657 4182 1750 4265 plures

101 4260 206 4323 santes,
235 4263 275 4335 ct¹
284 4270 337 4333 per
364 4257 454 4312 omnia
480 4257 690 4313 honorificantes
718 4258 898 4315 ministerium
915 4250 938 4330 ss
955 4264 982 4318 iu
994 4259 1133 4316 medinm:
1149 4257 1195 4314 sed
1210 4255 1238 4313 in
1253 4257 1327 4312 omni
1342 4255 1425 4312 verbo
1437 4253 1560 4311 sufficere
1571 4262 1658 4323 potest
1667 4261 1749 4312 trium

101 4338 229 4378 suum...
245 4325 312 4380 ilinc
325 4337 352 4380 et
370 4342 442 4381 nuuc
463 4326 566 4383 domini
589 4328 754 4384 Senonciisis
777 4339 900 4386 constan-

102 4395 167 4449 tiam
181 4401 327 4451 concutere
342 4406 369 4453 ιι
381 4397 540 4454 labefactare
554 4411 673 4464 oonsiur,
690 4418 704 4450 n
721 4405 773 4455 etc.

136 4464 218 4537 (too)
249 4465 353 4537 Scripta
381 4470 453 4524 cirea
480 4472 606 4525 eumdem
631 4486 742 4527 annum.
771 4472 899 4527 Attouem

102 4535 192 4601 (alias,
222 4539 371 4610 hutonem)
399 4541 560 4597 monachum
589 4541 671 4596 fuisse
694 4541 899 4598 cluniacensem

101 4607 240 4662 affirmant
254 4622 366 4665 omues:
382 4612 430 4665 sed
454 4611 584 4682 quiante
607 4611 733 4683 adeptum
756 4614 899 4685 pontifica-

103 4685 170 4744 tum,
186 4678 267 4735 fscile
281 4681 457 4737 revincuntur
471 4697 503 4737 ex
520 4682 590 4737 Petri
604 4683 771 4740 Venerabilis
787 4683 900 4756 epistola

102 4751 145 4818 5⁰,
161 4748 209 4804 tib.
226 4753 260 4805 ιι
288 4751 369 4808 «Ubi
384 4763 433 4820 est,
455 4771 467 4802 s
492 4754 591 4824 inquit,
613 4754 747 4810 «devotio
773 4754 828 4825 illa,
853 4755 900 4810 ubi

103 4828 143 4876 est
157 4819 275 4877 affectus
289 4822 334 4879 ille
347 4823 415 4880 coelo
429 4827 602 4896 appropians,
616 4825 672 4879 imo
686 4826 773 4896 ipsum
789 4825 897 4894 ooelum,

102 4898 132 4944 ιι
143 4893 200 4961 jani
219 4891 369 4960 videbatur,
384 4910 558 4967 exsuperans,
572 4912 628 4969 quo
642 4903 667 4952 te
680 4898 748 4952 mihi
762 4911 816 4952 uon
838 4897 899 4954 dico

102 4959 129 5017 in
145 4963 267 5030 fratrem,
281 4965 339 5036 sed,
349 4972 379 5020 ut
391 4966 478 5022 verbis
492 4968 546 5022 tuis
561 4978 586 5022 te
600 4967 764 5023 familiariter
776 4977 898 5040 arguam,

101 5032 129 5087 iii
144 5031 231 5089 lilium
247 5049 279 5091 ac
298 5037 459 5093 monachum
482 5038 638 5096 devovisti?
662 5038 713 5095 Ubi
737 5038 804 5094 fides
826 5039 897 5110 data,

101 5104 147 5160 ubi
161 5111 217 5159 tem
238 5122 271 5161 us
282 5109 465 5170 coustitutum.
476 5109 521 5165 ubi
532 5109 702 5165 denominata
712 5109 782 5176 dies,
792 5114 900 5182 quando

98 5181 125 5230 te
138 5190 204 5231 mun
225 5193 271 5231 um
285 5179 421 5245 deserere,
449 5180 576 5235 humilem
591 5189 619 5236 et
640 5196 784 5252 pauperem
807 5182 899 5238 Jesum

99 5246 178 5319 sequi
198 5248 323 5304 sublimis
337 5250 424 5306 adbuc
436 5261 463 5308 et
479 5252 556 5307 dives
568 5253 711 5322 episcopus
721 5253 871 5310 devovisti?
884 5276 895 5305 i

99 5317 175 5374 idem
191 5319 273 5375 babet
297 5320 357 5375 libri
379 5324 468 5394 quarti
491 5322 605 5391 epistole
628 5326 710 5378 uit«
737 5322 815 5392 Quod
843 5341 897 5382 uon

99 5388 183 5455 dedu,
207 5410 220 5440 i
237 5390 334 5463 inquit,
352 5413 364 5442 ι
381 5392 507 5449 amicitie
517 5393 657 5464 juventus,
671 5394 897 5453 conferet-saltem

100 5468 236 5517 meatus.
254 5480 266 5513 s
284 5462 337 5517 Sed
351 5478 448 5520 omnen
464 5463 575 5520 omnino
588 5464 753 5523 difficultatis
775 5467 896 5524 umbram

954 4331 1146 4389 testimouium.
1176 4329 1309 4384 cetorum
1336 4327 1369 4382 ad
1396 4336 1431 4392 te,
1460 4326 1618 4384 charissime
1656 4335 1734 4398 pater

954 4404 1046 4459 stilum
1073 4412 1158 4466 verto,
1185 4408 1238 4456 ιιι
1259 4414 1291 4453 ue
1322 4397 1442 4454 felicitati
1473 4405 1545 4453 totus
1580 4399 1750 4481 congaudeo,

953 4490 1035 4544 quem
1055 4472 1219 4528 Senoneusis
1238 4415 1361 4526 {eclesia
1374 4468 1506 4526 decanum
1529 4475 1557 4524 et
1578 4470 1749 4551 archidiaco-

953 4561 1016 4599 num
1031 4543 1134 4608 habuit,
1147 4541 1303 4599 Trecassina
1321 4542 1401 4596 sedes
1425 4539 1578 4609 pontificem
1601 4541 1748 4621 gloricsum

953 4615 1078 4681 obtinuit,
1094 4613 1235 4670 cluniacus
1248 4613 1335 4670 civem
1348 4618 1499 4669 sanctorum
1522 4619 1549 4669 et
1572 4611 1748 4666 domesticum

954 4685 1003 4743 Dei
1016 4686 1121 4742 facit.»

989 4757 1064 4813 idem
1090 4757 1234 4828 episcopus
1261 4752 1511 4810 interfuitconcilio
1534 4752 1662 4831 Trecensi
1676 4765 1747 4832 anuo

954 4832 1033 4894 ιιιιι,
1049 4830 1198 4884 tumetium
1215 4826 1309 4884 Pisano
1323 4839 1394 4880 anno
1411 4827 1489 4889 stat,
1505 4823 1531 4877 iii
1550 4823 1637 4877 reditu
1660 4830 1747 4904 capite

951 4902 1085 4955 sauciatus
1098 4914 1184 4971 prope
1196 4898 1354 4953 tremulum
1365 4898 1476 4974 Pontem
1498 4893 1583 4975 ltaliae
1605 4894 1745 4965 oppidum,

953 4987 984 5026 oa
1004 4971 1128 5041 titusque
1142 4971 1274 5025 abductus
1288 4984 1349 5025 cum
1364 4966 1499 5037 plerisque
1514 4964 1662 5021 Galliarum
1676 4980 1748 5037 prae·

952 4987 1072 5099 sufibus:
1090 5044 1123 5096 de
1138 5058 1190 5113 qua
1204 5042 1315 5113 quidem
1332 5037 1429 5106 injuria
1448 5038 1541 5092 Petrus
1563 5035 1747 5093 Cluniacensis

952 5113 1042 5168 missis
1056 5113 1158 5184 litteris,
1175 5128 1274 5180 nempe
1288 5107 1400 5179 epistole
1416 5107 1449 5164 at
1463 5108 1510 5163 lib.
1527 5111 1554 5174 3,
1574 5109 1645 5181 apud
1663 5109 1746 5164 luno·

952 5187 1068 5241 centium
1084 5185 1271 5255 expostulavit.
1288 5180 1339 5235 Diu
1354 5187 1443 5233 tamon
1457 5178 1614 5252 supervixit,
1638 5181 1745 5236 demum

951 5255 1073 5312 Cluniaci
1089 5264 1211 5312 mortuus
1224 5267 1294 5308 anno
1310 5251 1389 5314 itte,
1409 5260 1505 5323 quarto
1527 5252 1655 5307 kalendas
1680 5266 1746 5322 sep·

952 5329 1076 5394 tenibris,
1090 5337 1119 5381 ut
1135 5334 1242 5380 nubitur
1256 5324 1284 5378 iii
1299 5321 1461 5380 Kalendario
1479 5324 1597 5382 coenobii
1621 5326 1746 5378 Artenia·

951 5398 1047 5452 rensis.
1063 5397 1131 5455 Vide
1145 5395 1325 5452 Cemusatium
1342 5392 1370 5449 iii
1398 5394 1585 5466 Promptuario
1608 5408 1744 5451 sacrarum

950 5469 1002 5522 ιιι
1042 5469 1136 5524 itatum
1150 5467 1317 5525 trecassine
1335 5467 1470 5540 dioecesis,
1493 5474 1522 5523 et
1541 5465 1691 5524 Severtium
1715 5467 1743 5521 iii

98 5531 186 5606 abigit
198 5531 313 5604 epistola
323 5533 395 5591 Petri
408 5534 543 5592 Peioris...
558 5537 668 5593 loannis
681 5536 785 5610 Rvaug.
805 5539 892 5595 Seno·
948 5540 1012 5596 Cata
1022 5553 1077 5613 ogo
1089 5540 1289 5613 Episcopomm
1301 5538 1474 5595 trecensium
1497 5546 1526 5594 et
1547 5537 1745 5610 episcoporum

99 5599 237 5662 amaad
251 5603 379 5664 cumdem
396 5605 523 5668 suonam
542 5606 781 5680 memoratoria,
807 5625 887 5682 mam
946 5609 1194 5672 sasimensium.
