3728 5940
100 224 154 286 aas
549 256 558 267 -.
580 216 733 281 armans
756 216 934 283 mecurio
951 207 1270 286 arnumnsartoa's.
1537 266 1540 271 .
1693 214 1749 291 sm

138 355 165 406 l.
199 353 256 406 tam
286 364 350 407 vero
378 347 561 405 necessarium
588 346 806 404 incommutabile
838 347 903 420 quid
955 349 1088 405 dum‘non
1102 349 1154 420 est)
1169 347 1218 405 1)ιί
1233 349 1576 426 regulacbaritasltequlae
1594 356 1680 412 sancti
1695 357 1749 413 lte-

100 444 185 514 accipi
198 437 289 497 508
300 439 378 495 selim
390 437 404 493 t
414 437 546 508 Equidem
556 435 594 490 nil
604 435 807 507 congruentius,
817 453 898 508 qnam
955 437 1055 493 nedicti
1077 438 1139 507 jure
1154 440 1330 508 preponitur.
1345 437 1409 493 listo
1433 438 1546 510 prolude
1559 453 1590 496 ut
1616 443 1748 502 interdurn

100 533 173 603 quod
188 529 282 588 diviua
299 529 336 585 ite
351 534 456 582 constat
469 535 496 580 et
510 532 610 582 eterna
634 523 737 581 ratione
752 523 897 593 lirmatum,
953 525 1065 600 Regale
1080 525 1167 580 littera
1179 525 1258 582 cedat
1271 542 1321 598 pro
1337 536 1456 600 tempore
1466 529 1665 603 chananeum
1680 533 1750 590 retlo

101 611 130 673 ut
149 618 222 675 nulla
241 631 370 673 excausa
384 613 479 686 possit,
495 612 587 669 veleb
605 611 666 683 ipso
683 613 751 683 Deo,
767 613 897 685 aliquate—
954 615 1121 671 necessitatis
1142 614 1201 687 (96)
1225 620 1367 689 exegerit:
1387 616 1456 672 absit
1479 628 1568 674 tamen
1582 628 1611 675 ut
1633 621 1750 679 bominis

100 723 152 761 nus
168 705 314 761 immutari.
331 704 387 760 Sub
407 703 458 758 hoc
476 717 580 775 genere
593 709 636 757 est
659 701 749 757 ornnis
764 701 810 756 illa
831 702 898 758 Ser·
953 704 1102 775 cujuspiam
1116 709 1246 760 scindatur
1265 706 1406 763 voluntati.
1431 706 1519 777 Super
1546 708 1657 766 fratrum
1685 725 1751 766 saue

101 796 191 850 monis
205 792 335 849 dominici
352 792 380 846 iu
399 797 490 846 moute
505 788 588 845 babiti
602 787 753 861 spiritualis
777 788 897 856 traditio,
954 791 1193 863 transgressiones,
1208 808 1264 847 non
1283 807 1366 865 snper
1375 795 1484 850 Petrum
1505 795 1663 854 traditiones
1686 812 1750 854 oon·

99 892 127 939 et
141 883 275 956 quidquid
289 883 324 936 ιι
337 878 491 946 dilectione,
515 877 676 945 bumilitate,
696 879 900 944 mansuetudine
953 880 1069 936 stituitur
1087 881 1132 953 qui
1147 882 1229 936 abbas
1254 879 1375 954 eligitur,
1397 883 1585 941 mandatorum
1611 885 1708 958 cultor,
1724 895 1751 942 ct

100 973 260 1044 ceterisque
275 967 435 1034 virtutibus,
448 977 501 1021 tam
516 966 543 1020 in
562 967 648 1031 Novo,
664 981 744 1039 quam
766 965 793 1021 in
808 964 901 1023 Veteri
954 969 1024 1023 ultor
1035 968 1175 1024 vitiorum.
1190 968 1312 1026 Arbitror
1327 986 1444 1043 nemque
1457 980 1564 1028 ιιιιιιιι
1578 972 1638 1028 illas
1652 975 1751 1031 obser·

100 1059 272 1115 l'estamento
297 1053 473 1130 spiritualiter
496 1053 694 1110 obseruandum
722 1054 898 1111 contraditur.
954 1059 1057 1114 santius
1073 1059 1243 1127 prelatorum
1260 1059 1411 1128 prudentiss
1423 1069 1450 1117 et
1465 1058 1527 1117 fidei
1546 1062 1671 1132 creditas,
1695 1080 1751 1128 non

101 1149 163 1204 llaec
177 1148 277 1221 quippe
292 1146 357 1201 tulin
372 1153 443 1212 sunt,
459 1158 520 1216 que
535 1156 585 1199 nee
600 1141 687 1208 liceat,
703 1159 752 1197 nec
777 1142 901 1214 expedint
955 1146 1079 1202 subditas
1091 1145 1236 1202 voluntati.
1252 1145 1321 1204 illuc
1333 1157 1375 1204 est
1389 1149 1461 1219 qnod
1475 1148 1547 1206 idem
1569 1150 1752 1225 legislatoris

100 1239 245 1310 aliqnando
260 1252 313 1293 nou
329 1235 432 1292 baberi.
447 1233 486 1289 Eo
498 1232 631 1306 siqnidem
646 1231 831 1302 immobiliter,
847 1247 900 1303 quo
956 1235 999 1289 bis
1013 1249 1074 1305 qnae
1086 1235 1176 1290 abbati
1198 1233 1378 1305 dispensanda
1391 1237 1510 1311 reliquit,
1526 1246 1604 1297 caute
1619 1256 1751 1315 nusquam

100 1337 128 1382 et
141 1327 298 1382 naturaliter
317 1328 397 1395 bona,
413 1337 550 1392 nunquam
574 1320 626 1375 nisi
645 1319 812 1387 iunocenter,
828 1338 900 1376 nnn·
955 1328 994 1394 (ut
1007 1326 1131 1397 memini)
1149 1326 1329 1393 voluntatem,
1356 1329 1404 1384 sed
1431 1341 1477 1384 aut
1495 1330 1751 1396 considerationem,

100 1431 181 1486 quam
196 1414 248 1470 nisi
263 1413 406 1493 salubriter
424 1419 470 1465 ant
484 1411 662 1482 imperantur,
678 1417 725 1463 aut
749 1410 900 1466 observan—
957 1423 1003 1471 ant
1016 1413 1229 1486 dispositionem,
1245 1422 1291 1471 ant
1301 1415 1509 1486 providentiam,
1525 1417 1753 1478 molestemus

103 1515 156 1558 tur.
177 1502 258 1558 Omni
282 1510 414 1574 tempore.
437 1497 511 1554 omni
533 1513 667 1570 P⁰l⁸01¹aer
691 1509 806 1554 mortem
830 1514 899 1555 con·
955 1504 1105 1570 arbitrium,
1122 1520 1169 1560 seu
1186 1505 1286 1576 aliquid
1302 1505 1458 1577 hujusmodi
1472 1511 1570 1578 ponit;
1596 1508 1689 1567 solens
1709 1512 1752 1566 ni·

101 1601 213 1663 tempta,
229 1590 362 1648 custodita
381 1586 497 1644 salutem
511 1598 667 1658 operantur.
693 1587 811 1643 Primam
835 1605 901 1664 ergo
956 1593 1053 1648 mirum
1068 1593 1207 1664 providum
1223 1592 1360 1664 fidumque
1379 1594 1604 1670 dispensatorem,
1631 1598 1752 1668 rationis,

100 1684 289 1738 necessitatem
304 1695 353 1735 sna
369 1678 465 1749 cuique
480 1675 544 1731 lacit
557 1676 583 1730 in
606 1675 788 1749 promittendo
801 1677 902 1735 volun-
916 1661 940 1741 fl
955 1681 1001 1738 ubi
1017 1681 1087 1737 lorte
1102 1682 1251 1751 dispensat,
1267 1680 1342 1755 sequi
1354 1680 1498 1751 judicium,
1519 1700 1574 1741 non
1594 1701 1650 1743 suoe
1663 1687 1752 1760 placi·

102 1777 160 1841 tas;
186 1769 342 1836 secundam,
369 1764 552 1839 praecipientis
579 1766 746 1832 auctoritas;
776 1766 900 1833 tertiam,
956 1781 1012 1826 turn
1026 1770 1183 1826 voluntatis.
1199 1770 1276 1828 Unde
1294 1777 1322 1827 ιι
1334 1759 1440 1828 intimat
1458 1773 1483 1829 ei
1498 1789 1553 1830 nou
1569 1777 1664 1842 semel,
1680 1778 1753 1851 quod

102 1858 230 1932 precepti
246 1856 376 1930 dignitas.
944 1860 988 1915 ιι
1003 1859 1250 1929 omnbusjudieiis
1260 1860 1318 1915 suis
1328 1859 1387 1917 Deo
1399 1862 1553 1919 redditurus
1563 1865 1598 1921 sit
1611 1867 1752 1922 rationem.

137 1951 164 2001 8.
177 1945 312 2002 Ditlerunt
325 1952 427 2012 autem,
443 1951 472 1999 ut
483 1945 539 2013 jam
555 1942 658 1999 dictum
673 1953 723 2008 est,
739 1941 901 2014 quibusdam
992 1950 1036 2004 to.
1052 1949 1126 2023 Lego
1140 1948 1263 2022 prolecto
1282 1949 1310 2003 in
1326 1948 1447 2021 Regula:
1466 1972 1478 2003 a
1496 1952 1559 2009 llaec
1573 1945 1753 2013 consideratio

101 2051 118 2090 ι
136 2053 165 2089 ιι
180 2034 291 2089 invicem
307 2031 436 2105 gradibus
452 2038 507 2090 tres
516 2032 576 2088 istas
587 2035 772 2098 necessitates,
789 2047 901 2088 uecnua
954 2053 1037 2108 penes
1054 2038 1179 2094 abbatem
1196 2037 1248 2109 sit3
1267 2057 1278 2088 ι
1296 2048 1324 2094 et
1337 2041 1390 2095 hoe
1403 2041 1447 2097 vel
1468 2040 1535 2097 illud
1549 2058 1610 2101 ιιι.)
1634 2045 1660 2101 ῑῃ
1687 2060 1753 2118 pm.

101 2140 198 2182 omnes
224 2121 346 2195 sequitur
375 2120 602 2178 immutabilitatis
625 2119 748 2180 fimuitas.
773 2121 841 2178 Nam
867 2138 901 2179 ex
953 2126 1081 2193 ridentia,
1108 2126 1150 2184 vel
1178 2126 1301 2193 arbitrio,
1315 2143 1364 2184 seu
1393 2128 1571 2200 dispositione
1589 2133 1695 2191 abbatis
1710 2134 1753 2205 (S.

102 2218 188 2288 prima
203 2214 311 2283 quidem
327 2211 401 2284 quod
415 2210 542 2279 ellieitnr,
555 2212 606 2266 etsi
621 2227 676 2266 non
688 2212 793 2282 penitus
802 2212 901 2267 immu-
956 2217 1096 2275 Benedicti
1112 2220 1172 2290 nep,
1189 2233 1250 2289 cap.
1266 2217 1305 2289 3).
1322 2216 1357 2272 Ut
1371 2230 1461 2275 eurem
1476 2237 1527 2292 pro
1545 2239 1596 2280 ,ua
1614 2224 1755 2283 votum

103 2306 194 2373 tabile,
211 2315 297 2359 tamen
310 2302 354 2359 nia
377 2303 506 2359 mutabile
530 2318 590 2358 esse
612 2311 718 2359 constat
733 2319 738 2358 :
756 2302 820 2358 dum
836 2300 901 2359 solis
954 2306 1055 2380 aliquid
1071 2313 1164 2378 mutet,
1181 2322 1224 2362 me
1238 2305 1276 2362 ibi
1292 2305 1392 2380 legisse
1407 2322 1462 2363 uon
1476 2306 1567 2364 recolo
1583 2308 1754 2382 :'quiuimo,

103 2394 168 2450 illud
182 2393 260 2448 liceat
273 2401 377 2447 mutare
394 2392 523 2462 praelatis,
546 2398 574 2446 ιι
589 2391 639 2447 hoc
659 2389 766 2447 nonnisi
782 2386 858 2446 'fideli
873 2398 901 2447 ιι
957 2415 969 2447 a
986 2395 1015 2450 ln
1030 2395 1165 2462 omnibus,
1183 2393 1306 2467 eloquit,
1322 2418 1333 2447 a
1350 2411 1445 2451 omnes
1463 2396 1619 2470 magistram
1633 2414 1754 2472 sequen,-

104 2485 227 2557 providat
244 2483 460 2555 dispensatione.
474 2481 555 2552 Quod
574 2496 640 2536 aero
659 2481 689 2536 lit
714 2496 747 2535 ex
765 2480 900 2553 sequenti,
955 2484 1148 2557 turliequlam,
1159 2500 1211 2540 nec
1222 2484 1257 2538 ab
1270 2497 1302 2539 ea
1317 2490 1417 2540 temere
1431 2483 1571 2542 devictura
1580 2501 1753 2563 quoquam.»

102 2590 163 2644 que
178 2583 205 2629 et
220 2574 306 2643 niujor
320 2573 383 2639 ista,
398 2571 582 2642 estpeneiam
597 2567 831 2625 incommutabile.
843 2569 900 2625 Soli
956 2571 1031 2645 Ergo
1041 2588 1092 2628 uec
1105 2573 1139 2627 ab
1153 2572 1213 2644 ipso
1226 2571 1357 2630 abbate«
1374 2571 1507 2642 Omnes»
1524 2573 1621 2647 inquit,
1639 2597 1652 2629 a
1668 2578 1756 2653 magi-

102 2662 203 2734 quippe
227 2662 284 2717 Deo
309 2675 372 2716 esse
395 2659 523 2715 mutabile
542 2657 669 2729 superius
691 2656 901 2712 demonstratum
955 2667 1039 2716 stram
1052 2669 1200 2732 sequantur
1217 2659 1388 2735 Regulam.»
1415 2658 1500 2718 Nemo
1514 2677 1579 2737 erqo
1603 2663 1681 2720 suam
1703 2681 1755 2725 ao·

101 2759 152 2808 est.
171 2751 254 2808 Porro
268 2749 342 2822 quod
358 2750 392 2804 de
415 2748 563 2806 norissima
584 2746 623 2817 lit,
639 2755 763 2819 tanquam
781 2746 902 2803 omnium
958 2751 1088 2807 lunmtcm
1103 2770 1109 2808 ι
1126 2749 1173 2807 ubi
1187 2766 1253 2808 sane
1264 2751 1449 2807 nec'abbatem
1462 2749 1550 2822 excipi
1562 2754 1640 2827 puto.
1651 2753 1757 2825 Videtis

103 2841 230 2906 maxima,
258 2838 369 2894 omnino
392 2835 613 2892 incommutabile
641 2844 692 2901 est,
715 2846 808 2907 utpote
831 2836 903 2906 qnod
958 2847 1085 2911 quantum
1102 2839 1254 2896 necessitati
1267 2838 1404 2913 tribuitur,
1422 2836 1757 2902 subtrahitnr'rcluntatil

103 2945 137 2986 ne
153 2928 205 3001 ipsi
219 2928 331 2998 quidem
345 2928 401 2985 Deo
415 2934 520 2983 mutare
534 2925 648 2982 liberum
664 2934 714 2981 cst.
729 2923 811 2993 Quod
820 2925 903 3000 igitur
918 2925 1025 3027 c'Quid
1036 2927 1115 2985 etiam
1130 2928 1144 2985 i
1157 2929 1255 2987 Nonne
1269 2928 1402 3003 regularis
1415 2929 1475 3001 ipsa
1486 2928 1629 3003 professio,
1649 2949 1703 3007 qna
1722 2926 1756 2991 ‘s'e

104 3019 170 3075 nulli
192 3017 333 3072 hominnm
357 3018 398 3072 las
421 3022 473 3081 est,
490 3015 539 3069 nisi
565 3015 630 3070 solis
644 3022 748 3072 mutare
772 3016 899 3089 praetatis.
955 3017 1046 3085 junior
1060 3017 1152 3073 subdit
1163 3021 1261 3090 sponte
1276 3016 1372 3085 Priori,
1388 3032 1465 3087 eque
1479 3018 1574 3092 alligat
1587 3029 1614 3076 et
1634 3019 1755 3080 Priorem

102 3108 213 3165 dicirix
232 3107 361 3163 mutabile
375 3120 495 3180 congrue
509 3113 598 3176 potest
617 3123 625 3160 ι
641 3106 713 3177 qnod
728 3106 780 3161 soli
795 3112 902 3162 constat
955 3102 1012 3175 (ιι)
1025 3104 1039 3160 t
1054 3104 1212 3161 Communis
1231 3103 1359 3174 equidem
1373 3102 1445 3176 pacti
1458 3107 1516 3175 pari
1536 3121 1600 3162 reor
1613 3103 1756 3183 utrumqne

103 3200 183 3254 licere
197 3197 266 3268 Deo,
281 3195 387 3252 dicatur
400 3209 470 3267 pene
494 3193 664 3250 immutabile
681 3210 688 3252 :
707 3195 781 3266 quod
796 3211 830 3252 ne
848 3194 900 3266 ipsi
952 3193 1113 3250 'necessitate
1128 3193 1224 3259 teneri,
1240 3190 1352 3265 fierique
1366 3193 1436 3250 duos
1456 3196 1602 3268 peronius
1625 3197 1756 3270 sponsio-

103 3286 222 3358 qnidem,
238 3285 344 3356 penitus
357 3282 526 3339 immutabile
541 3282 705 3341 nominetur.
956 3298 1019 3338 nem
1042 3274 1258 3338 adulteratrnm
1277 3281 1415 3340 debitores
1430 3300 1437 3338 ι
1454 3282 1540 3339 tidelis
1564 3286 1639 3342 'eure
1660 3302 1755 3355 unm,

413 3372 526 3429 CAPUT
545 3372 590 3429 tv.
953 3371 1071 3427 'alterum
1085 3368 1196 3428 humilis
1211 3369 1384 3430 obedientiae.
1399 3368 1535 3444 Quidnam
1549 3373 1634 3447 igitur
1645 3372 1758 3446 jttittto-

108 3465 180 3536 Quid
194 3465 323 3536 praetutia
337 3464 414 3519 circe
429 3462 671 3535 dispensationem
683 3462 796 3536 licqutoe
807 3462 901 3520 licent.
958 3459 1053 3514 luenti
1070 3459 1239 3530 relinquitur,
1252 3457 1299 3515 nbi
1318 3468 1345 3514 et
1357 3459 1485 3530 prelatus
1497 3460 1582 3517 debiti
1596 3461 1758 3522 necessitato

141 3559 168 3608 9.
188 3552 254 3623 Quae
269 3565 330 3606 cum
346 3550 384 3604 ita
398 3549 462 3618 sint,
479 3558 508 3605 nt
522 3548 556 3603 ad
571 3564 604 3604 ea
618 3550 737 3620 redeam,
752 3550 788 3605 ιι
806 3551 904 3622 quibus
957 3548 1085 3604 teneturt
1095 3546 1148 3604 Sed
1166 3555 1193 3602 et
1203 3547 1236 3603 de
1250 3545 1301 3604 boc
1311 3544 1375 3604 item
1390 3563 1445 3604 nou
1460 3564 1556 3620 parurn
1570 3548 1675 3623 praelati
1690 3568 1758 3627 pre-

105 3643 273 3715 potissimum
297 3638 425 3710 quaeritur
445 3643 520 3708 patet
547 3637 620 3708 quod
644 3652 742 3710 maqm
769 3653 801 3694 ex
832 3647 904 3708 parte
957 3636 1085 3692 scribitur
1099 3635 1334 3706 annunti-quod
1356 3636 1379 3691 is
1399 3636 1445 3708 qui
1464 3637 1617 3709 profitetur,
1642 3643 1758 3713 spondet

106 3733 237 3802 regularis
261 3725 369 3782 traditio
394 3726 486 3780 subest
504 3724 629 3797 ejusqui
649 3715 757 3796 prae‘ast,
781 3726 831 3780 etsi
849 3741 904 3782 nou
958 3724 1068 3796 quidem
1090 3722 1282 3791 obedientiam,
1307 3737 1361 3778 non
1381 3731 1471 3779 tamen
1489 3725 1683 3799 omnimodam,
1709 3729 1758 3786 aed

106 3817 248 3885 uoluntati,
265 3824 335 3871 certe
349 3812 515 3870 discretioni.
537 3812 590 3869 Sed
613 3813 704 3870 dicitis
720 3831 727 3868 :
749 3811 819 3882 Quid
838 3828 905 3888 erqo
958 3809 1136 3868 determinate
1158 3811 1306 3868 secundun
1328 3810 1481 3884 Regulam
1504 3829 1556 3871 uec
1569 3813 1661 3888 aliam,
1677 3833 1758 3891 quam

107 3905 270 3977 relinqantur
302 3899 477 3958 necessitati?
507 3901 637 3958 Audito:
665 3901 905 3974 quamplurimum.
958 3899 1043 3971 sancti
1066 3899 1204 3956 Benedicti
1220 3917 1228 3955 ι
1243 3908 1273 3955 nt
1293 3907 1416 3971 oporteat
1436 3917 1498 3956 enm
1517 3905 1563 3975 qui
1578 3917 1757 3981 preest„uon

108 3996 198 4052 Primo
218 3994 326 4066 quidem
341 3988 474 4064 quidquid
488 3989 522 4045 de
538 3989 723 4062 spiritualibus
734 3990 761 4045 in
775 3991 835 4063 ipsa
847 3990 904 4046 lle-
957 3989 1036 4046 irena
1050 4005 1106 4045 sne
1127 3990 1217 4044 latare
1227 3987 1360 4045 voluntati
1372 4005 1455 4062 super
1473 3990 1609 4063 subditos,
1623 3996 1671 4051 sed
1685 4011 1758 4069 pras-

107 4085 170 4160 gnla
186 4082 312 4140 traditum
327 4091 378 4148 est,
393 4080 420 4135 in
435 4079 682 4150 manuabbatis-(ut
696 4089 905 4152 suprataxatum
960 4078 1040 4135 saxam
1059 4095 1092 4136 ex
1112 4077 1216 4152 llegula
1235 4077 1288 4133 eibi
1309 4077 1378 4135 scire
1397 4074 1565 4149 mensnram
1593 4089 1621 4137 et
1643 4083 1683 4141 sic
1709 4101 1759 4142 sua

106 4180 173 4245 est)¹
189 4186 359 4245 nequaquam
384 4169 552 4242 relinquitur.
577 4169 682 4225 Deinde
706 4166 808 4241 reliqna
829 4183 901 4241 pars,
959 4169 1069 4225 demum
1089 4166 1203 4239 imperia
1216 4168 1351 4223 moderari
1365 4169 1439 4224 cinca
1452 4168 1480 4225 id
1504 4170 1604 4242 solnm,
1619 4171 1693 4244 quod
1712 4189 1758 4232 re·

109 4280 171 4338 qum
183 4264 221 4318 Ιἰιι
247 4261 433 4335 corporalibus
452 4264 558 4317 constat
580 4258 770 4331 observantiis,
792 4273 826 4315 ne
845 4258 905 4329 ipsa
961 4266 1034 4315 ctum
1045 4273 1106 4314 esse
1124 4256 1352 4324 constiteris,·nec
1366 4256 1505 4330 quodlibet
1518 4263 1691 4329 rectum,sed
1706 4265 1760 4322 boe

108 4353 218 4428 quidem
232 4351 261 4407 iu
279 4352 339 4420 ejus
354 4351 391 4404 ita
414 4349 551 4405 voluntate
566 4348 653 4422 posita
667 4355 720 4417 ιιι,
736 4351 766 4403 nt
786 4347 907 4419 ejusdem
961 4354 1068 4404 tautum
1091 4349 1166 4419 quod
1190 4346 1335 4418 praedictus
1362 4346 1440 4404 Pater
1463 4347 1586 4419 institnit,
1611 4357 1659 4408 ant
1685 4360 1759 4412 certe

108 4443 247 4500 desersint
280 4438 422 4505 voluntati,
451 4439 500 4494 sed
528 4439 618 4512 magis
646 4436 785 4495 charitati„
812 4437 909 4510 Neque
962 4438 1035 4510 qnod
1064 4435 1087 4493 si
1112 4437 1260 4494 seeundum
1283 4438 1355 4507 qnod
1374 4437 1498 4502 instituit.
1529 4438 1576 4498 Sis
1598 4456 1629 4499 ιι
1659 4442 1760 4515 quippe

107 4534 180 4589 enim
204 4535 288 4587 abbas
307 4544 389 4600 supra
413 4527 547 4600 Regulam
561 4534 613 4592 est,
637 4527 682 4583 cni
699 4528 784 4583 semel
799 4537 826 4582 et
849 4529 908 4597 ipse
962 4527 1044 4582 babet
1054 4524 1204 4597 professio:
1220 4526 1403 4596 «Promittop
1420 4541 1476 4584 nou
1490 4528 1602 4600 quidem
1615 4529 1757 4603 ιιιςιιιιιι,

108 4629 256 4693 spontanea
271 4634 301 4675 se
315 4619 484 4690 professione
500 4616 635 4688 submisit,
649 4616 701 4672 etsi
712 4617 795 4690 (qood
809 4619 909 4686 negant
963 4616 1011 4671 sed
1028 4637 1039 4667 a
1056 4613 1239 4672 obedientiam
1254 4613 1401 4672 monadum
1415 4614 1545 4688 liquitur
1569 4617 1655 4675 sancti
1671 4618 1759 4699 lene·

111 4740 186 4804 bant,
202 4736 255 4794 Sed
268 4734 394 4810 quamvis
408 4733 474 4790 citra
488 4731 538 4789 Dei
551 4733 692 4791 eonsilium
711 4728 811 4787 tactum
825 4731 909 4813 Satn}
964 4749 1024 4815 cap.
1041 4734 1087 4788 ts.
1101 4732 1222 4803 Deniqrte
1240 4731 1366 4789 eumdem
1383 4731 1542 4790 Samsouem
1565 4734 1636 4794 inter
1651 4747 1760 4796 metas

111 4810 185 4865 sonis
199 4817 381 4879 perpetratum
395 4808 568 4872 concedatur,
584 4821 639 4861 nou
655 4815 744 4884 umen
768 4814 910 4928 propterea
964 4805 1138 4860 relereudnm
1152 4813 1243 4862 censet
1270 4803 1362 4859 Estius
1377 4803 1457 4861 citato
1474 4803 1547 4862 loco.

114 4893 252 4951 peccatum
268 4880 351 4934 luisse
364 4880 414 4951 (uti
438 4878 467 4932 S.
484 4877 634 4932 Bernartius
649 4877 693 4931 luc
717 4874 809 4945 scutit)
843 4888 909 4955 rau·
1001 4878 1058 4946 (⁹⁶¹
1071 4875 1143 4930 Editi
1165 4875 1269 4932 addunt
1287 4876 1331 4932 vet
1350 4874 1525 4937 charitatis:
1547 4879 1620 4950 qaod
1644 4881 1721 4937 aboet
1740 4897 1761 4937 ιι

110 4951 203 5009 ciscns
218 4967 232 5006 a
247 4950 367 5008 Victoria
379 4950 521 5006 coritendit
534 4948 563 5003 iu
577 4948 730 5004 delectione
743 4949 778 5000 de
794 4949 910 5000 numaci—
964 4948 1081 5017 scriptis,
1096 4957 1125 5002 et
1137 4961 1203 5003 vcro
1218 4945 1385 5017 superfluum
1398 4945 1516 5015 videtm,
1535 4949 1671 5021 siquidem
1691 4952 1761 5011 mtto

112 5026 159 5079 dio
187 5023 239 5075 snb
262 5021 352 5082 linem,
375 5021 466 5075 ·Non
487 5020 570 5087 enim,
599 5019 700 5088 inquit,
725 5017 857 5073 interlecit
880 5031 910 5071 sc
965 5017 1133 5074 necessitatis
1150 5016 1211 5090 ipsa
1229 5033 1262 5072 et
1281 5017 1411 5073 charitate
1424 5028 1476 5074 est.
1496 5019 1670 5094 Undeiulrs,
1683 5038 1759 5082 uin.

112 5097 228 5151 Samson
244 5107 277 5146 ιι
293 5092 453 5154 insecutione,
469 5093 517 5146 sed
543 5090 625 5147 coluit
644 5094 735 5144 nostes
754 5088 909 5161 opprimere
965 5093 994 5144 tl
1015 5106 1021 5143 :
1043 5090 1270 5146 Necessitosraon
1282 5089 1364 5147 ludet
1384 5090 1481 5162 tepora,
1494 5095 1524 5148 et
1536 5092 1569 5148 od
1584 5092 1762 5153 bossemont

112 5177 141 5222 ct
155 5164 318 5226 interlicere,
334 5161 367 5217 nd
382 5169 454 5232 quod
470 5165 565 5218 secuta
583 5168 623 5216 est
647 5173 720 5214 mors
738 5159 834 5231 ipsius,
848 5174 909 5215 curn
963 5161 1210 5235 dispensationem,
1228 5167 1281 5217 ste.
1633 5206 1637 5213 .
1687 5208 1691 5216 .

110 5236 232 5308 alioquin
247 5238 369 5304 optasset
382 5233 442 5287 itlos
458 5237 571 5302 perdere
586 5247 614 5287 ιι
628 5232 714 5298 salvo,
731 5232 755 5286 si
781 5231 839 5288 lieri
861 5246 910 5302 po·
1000 5235 1059 5306 (aa)
1077 5234 1178 5288 Senem
1192 5238 1244 5298 est,
1264 5246 1318 5287 una
1339 5231 1489 5306 sedentque
1506 5236 1631 5292 monachi
1654 5237 1761 5309 protoa-

112 5309 218 5367 tnisset.
242 5308 300 5362 lloc
324 5314 413 5360 antem
432 5302 489 5358 sine
512 5319 583 5360 nona
610 5302 772 5359 revelatione
799 5305 911 5359 babetur
965 5304 1042 5362 none
1055 5312 1083 5361 et
1096 5303 1174 5377 lipari
1185 5302 1340 5375 pretectum
1353 5319 1402 5361 sen
1416 5306 1552 5375 abbatem,
1563 5315 1591 5365 ιι
1599 5311 1762 5368 mousom

112 5382 227 5439 licitum.
246 5398 257 5428 r
276 5378 356 5448 Quod
370 5374 479 5447 quidem
493 5375 762 5432 confirmatllleaasri
774 5379 909 5505 ιιιἪ,
966 5377 1063 5450 ipsum
1077 5375 1251 5449 profitentem
1266 5392 1274 5430 a
1290 5385 1317 5431 et
1330 5375 1560 5447 quidemalterum
1574 5380 1668 5457 fidelis
1678 5397 1761 5442 αιιιιι

115 5453 190 5528 quod
204 5450 330 5524 legiturl
350 5448 541 5515 discedebat,
558 5447 603 5504 ubi
616 5445 755 5529 Scriptura
776 5462 840 5508 euna
965 5463 1033 5518 urae,
1052 5457 1085 5507 nt
1096 5446 1348 5519 scibeetanbditnm
1359 5447 1398 5511 stt
1412 5450 1761 5529 metamaucensium

115 5529 184 5583 dare
198 5524 315 5588 videtur,
329 5518 472 5593 magnifice
485 5535 549 5579 aero
563 5518 722 5578 Ambrouus
735 5519 784 5576 lib.
798 5515 911 5588 ionic,
966 5518 1073 5592 thetats
1088 5518 1203 5597 ιΙιιιιιι
1216 5518 1337 5580 nmilia
1344 5516 1760 5594 ιιιιιιιιιιωιιιὰιιιι.
