3728 5940
186 170 240 247 tit

623 175 628 185 ·
653 167 680 246 a
695 182 868 251 aaauauor
886 163 1357 256 austris-'unaau-rxsnuas‘rs

1784 186 1837 258 lbi

186 339 255 397 tum,
271 329 358 402 qualis
373 328 494 384 uidelicet
507 329 533 382 in
560 328 692 386 donandis
710 330 825 402 injuriis,
842 329 929 405 qualis
946 334 983 391 sis
998 326 1021 412 fl
1036 321 1099 375 ⁸⁰¹5ss
1118 319 1210 375 ladius
1224 321 1257 376 ad
1277 322 1362 376 niuem
1391 320 1432 374 '⁰¹
1452 317 1587 388 dlasslem?
1602 317 1723 388 15⁸tti⁰¹¹⁸
1739 317 1835 388 batte,

186 420 213 477 in
241 417 410 488 ulciscendis,
438 433 518 489 quam
548 417 575 472 in
608 427 723 490 utroque
741 421 868 493 providus
897 424 982 492 modi,

183 507 247 575 loci,
263 505 392 572 temporis
406 507 573 562 observator.
591 507 703 565 Prorsus
722 511 918 568 consideranda
934 512 983 570 tria

183 598 241 653 haec
254 594 283 650 in
296 610 347 649 usu
370 593 498 651 virtutum
512 595 621 666 barum,
637 613 671 653 ne
686 613 740 652 non
755 598 809 653 siut
823 599 945 672 virtutes,
962 601 985 657 si

129 684 131 688 ‘
182 689 279 754 praeter
296 683 355 739 haec
374 683 542 754 reperiantur
559 702 565 736 :
581 700 678 755 nernpe
701 686 845 756 ejusmodi,
863 705 916 743 non
938 706 986 745 na·

182 781 242 827 tura
255 771 379 839 virtutes,
395 772 442 827 sed
459 788 523 826 risus
537 772 609 827 iacit.
626 774 692 828 Nam
708 789 741 829 ex
756 790 785 831 se
800 776 984 837 indifferentes

180 877 240 917 esse
254 865 412 916 noscuntur.
433 860 521 916 Tuum
546 870 595 931 est,
612 871 659 919 aut
679 863 814 919 abutendo
828 875 853 922 ct
871 865 984 922 coniun-

178 951 268 1008 deudo
296 949 385 1008 iacere
404 951 484 1022 vitia;
507 959 553 1008 aut
571 953 639 1008 bene
663 951 838 1026 ordinateque
869 957 980 1024 utendo,

179 1033 303 1089 virtutes.
333 1031 426 1089 Solent
449 1031 619 1089 discretionis
652 1033 729 1090 oculo
750 1034 884 1107 caligante
908 1037 984 1096 alter.

177 1130 269 1179 utrum
279 1120 331 1179 sibi
345 1120 491 1193 preripere
506 1122 575 1190 loca,
591 1122 722 1178 terminos
737 1139 881 1195 occupare.
898 1127 983 1182 Porro

183 1210 310 1284 caliginis
329 1211 389 1266 duae
412 1214 478 1267 sun't
495 1226 595 1278 causae,
612 1213 653 1268 ira
676 1223 701 1268 et
724 1215 832 1271 mollior
856 1215 985 1273 allectus

180 1299 310 1371 lsjudicii
321 1315 460 1356 censuram
473 1310 591 1371 enervat,
607 1299 656 1358 illa
670 1303 826 1375 praecipitat.
842 1303 985 1372 Quomodo

181 1389 216 1446 ab
231 1390 315 1446 altero
329 1404 383 1444 non
399 1389 574 1459 periclitetur,
588 1395 636 1445 aut
652 1390 737 1460 pietas
760 1392 919 1461 clementiae,
937 1402 985 1449 aut

1038 409 1182 479 sapientior
1197 409 1325 465 Salomon
1349 409 1421 464 luit:
1447 407 1494 462 sed
1523 407 1725 462 blandientibus
1752 407 1836 461 nimis

1037 498 1163 554 secundis
1176 498 1259 554 rebrrs
1272 496 1341 553 altar
1355 513 1389 553 ex
1402 505 1486 568 parte,
1502 495 1569 550 alter
1583 512 1615 551 ex
1629 501 1688 552 toto
1702 495 1835 566 desipuit.

1039 588 1212 657 llagnrrsqui
1239 587 1360 643 incidens
1387 586 1415 641 iu
1443 584 1566 649 aduersu,
1596 599 1650 638 non
1674 583 1776 640 excidit
1792 585 1834 641 sel

1039 691 1130 746 parum
1146 692 1161 730 a
1175 677 1305 748 sapientia
1321 693 1328 729 ι
1343 690 1394 731 nec
1410 674 1498 730 minor
1516 673 1558 728 cui
1575 688 1694 743 praesens
1719 672 1835 730 felicitas

1038 765 1059 818 si
1076 765 1172 830 arrisit,
1195 780 1248 821 nou
1263 765 1354 820 irrisit.
1384 764 1541 835 (Quanquam
1572 762 1676 817 lucilius
1692 763 1834 818 inueneris

1037 853 1249 924 quisapientium
1275 856 1451 916 retinuerunt,
1478 852 1611 906 contrariu
1638 851 1687 904 sibi
1712 851 1830 916 iortrraa,

1038 957 1118 1012 quam
1133 942 1179 1014 qui
1206 943 1321 1013 propitia
1343 954 1403 997 uon·
1428 940 1610 1009 perdiderunt.
1643 939 1834 996 Proeierendus

1036 1031 1084 1086 ille
1098 1038 1125 1086 et
1137 1046 1251 1105 magnus
1264 1031 1327 1104 lat„
1342 1029 1459 1103 magnis]
1480 1037 1531 1094 est,
1551 1031 1602 1084 eui
1618 1030 1689 1086 iuter
1703 1038 1835 1103 prospers

1038 1118 1135 1174 saltem
1150 1120 1221 1175 risus
1233 1120 1410 1186 indecentior,
1435 1127 1480 1175 aut
1493 1134 1581 1175 sermo
1601 1119 1771 1189 insolentior,
1785 1130 1835 1176 'aut

1038 1209 1205 1265 immolarier
1219 1228 1282 1265 eura
1306 1211 1387 1268 restis
1406 1210 1448 1264 val
1463 1209 1586 1283 corporis
1605 1224 1659 1264 non
1673 1209 1797 1282 irrepsit.

1340 1379 1454 1436 CAPUT
1468 1379 1541 1435 Xlll.

176 1481 229 1539 zeli
253 1478 405 1537 rectitudo‘l
427 1480 560 1536 Turbatus
578 1496 635 1551 prae
657 1481 697 1535 ira
721 1483 815 1538 oculus
835 1483 983 1541 clementer
999 1512 1022 1590 Β
1040 1493 1076 1550 Ab
1090 1495 1147 1551 0210
1162 1497 1190 1550 et
1204 1496 1287 1567 ,22092'3
1310 1496 1443 1569 vanisque
1471 1492 1644 1550 sermonem
1664 1490 1833 1564 pontificem

1343 1566 1526 1622 dehortatur.

178 1570 215 1625 nil
243 1568 384 1641 intuetur3
407 1567 528 1624 suliusus
558 1566 631 1625 ssuxa
657 1569 772 1642 quadam
802 1581 829 1627 et
858 1570 982 1651 muliebri

178 1655 289 1714 mollitie
304 1655 386 1713 anion
405 1663 506 1713 rectum
523 1671 577 1712 non
591 1656 675 1713 videt.
692 1658 751 1714 Non
767 1659 820 1714 aris
839 1660 982 1730 innocens,
1074 1683 1118 1736 ῃ,
1134 1681 1191 1736 1325,
1221 1689 1292 1738 „020
1314 1679 1425 1753 Sapiens
1439 1681 1560 1735 honam,
1575 1680 1734 1751 ,algemam
1754 1684 1834 1738 ,mibi

175 1746 197 1802 si
212 1754 258 1801 aut
280 1746 375 1816 punias
401 1761 463 1801 eum
488 1745 533 1801 cui
551 1745 619 1802 torre
641 1746 808 1819 parcendum
830 1759 913 1817 esset,
937 1758 986 1808 aut
1038 1769 1065 1823 jn
1081 1770 1137 1825 0250
1161 1771 1257 1840 (godi,
1281 1776 1399 1836 mvn-1,
1423 1769 1479 1842 25)⁸
1510 1770 1658 1827 ,mudum
1672 1778 1699 1825 οἱ
1726 1770 1755 1826 in
1778 1772 1836 1828 otio

176 1853 271 1909 Ι)ποὶιῦ
285 1838 309 1893 ei
324 1837 368 1908 ‘1¹¹1
384 1836 472 1893 suem
486 1837 652 1907 puniendus·
1038 1858 1122 1916 otium
1144 1869 1194 1918 est.
1219 1860 1359 1933 Fugienda
1381 1860 1493 1932 proinde
1514 1859 1644 1926 otiositas,
1671 1867 1755 1916 mater
1785 1879 1835 1916 nu·

478 1952 592 2008 CAPUT
614 1954 673 2008 Xll.
1035 1965 1141 2024 garum,
1156 1963 1273 2006 noverca
1288 1951 1426 2010 virtutum.
1443 1950 1664 2005 lutersaaculares
1674 1967 1763 2023 nugae,
1778 1968 1833 2007 nu-

176 2043 266 2114 Nepae
275 2043 306 2097 in
314 2043 457 2114 prosperis
465 2043 596 2098 animum
606 2043 693 2112 nimis
705 2044 876 2111 tacendum,
889 2063 981 2119 neque
1035 2053 1076 2112 ὅθ
1097 2048 1177 2105 sunt;
1195 2038 1221 2095 511
1232 2054 1280 2095 Ore
1295 2038 1453 2109 saffltdfflffs,
1469 2037 1644 2110 blasphemi?
1659 2039 1726 2111 (²3l·
1743 2039 1832 2095 lsslet·

345 2132 375 2187 io
398 2129 529 2187 diuersis
540 2130 749 2199 deficiendum.
1035 2127 1101 2184 dum
1118 2127 1239 2182 tamensi
1256 2124 1373 2183 incidant
1388 2126 1505 2183 ierendae
1520 2124 1641 2183 fortassis
1657 2146 1665 2193 3
1683 2127 1831 2183 referende

211 2223 256 2275 et.
277 2220 308 2275 lu
327 2218 544 2274 tribulationibus
566 2235 674 2291 quoque
693 2221 800 2293 qualem
828 2230 852 2278 te
870 2223 979 2281 invene.
1034 2231 1182 2288 ounquam.
1199 2216 1285 2293 llagis
1306 2213 1538 2272 interveniendum
1552 2223 1629 2271 caute
1644 2226 1670 2271 et
1688 2216 1832 2283 prudenter

176 2310 215 2364 ris
227 2308 289 2365 nolo
308 2307 473 2365 dissimulas.
489 2307 518 2363 si
533 2314 699 2363 constantem
712 2308 740 2362 iu
753 2309 816 2379 tuis,
833 2309 980 2368 condolen·
1034 2303 1190 2377 nugacitati.
1219 2305 1452 2375 Prorumpendum
1479 2319 1543 2358 sane
1571 2304 1597 2357 in
1625 2304 1726 2360 serium
1756 2305 1832 2377 quid,

177 2405 230 2454 tem
245 2396 272 2451 id
286 2395 381 2453 alienis
406 2396 501 2470 gaude.
533 2396 609 2453 llecti
638 2398 843 2465 cordisboc3e
866 2400 976 2468 regione
1031 2391 1103 2466 quod
1119 2408 1174 2449 non
1190 2391 1270 2447 modo
1289 2390 1398 2458 utiliter,
1415 2390 1463 2448 sed
1478 2390 1598 2446 libenter
1620 2391 1732 2446 audiant
1745 2404 1773 2449 et
1790 2410 1836 2449 su-

177 2484 383 2559 perrordsstmt,
399 2485 422 2540 si
432 2501 493 2541 eum
508 2485 536 2541 in
554 2484 673 2556 propriis
690 2486 906 2556 deprehendaris
921 2487 977 2545 sor.
1032 2483 1193 2552 parsedeant
1206 2480 1311 2536 otiosis.
1328 2479 1497 2536 Consecrasti
1522 2493 1553 2534 os
1569 2488 1642 2534 tuum
1658 2480 1835 2552 Evangelio:

176 2576 250 2624 tasse
260 2565 414 2638 impatiens,
430 2565 539 2620 minime
554 2573 642 2621 tamen
656 2567 684 2621 in
698 2567 792 2623 alienis
806 2569 975 2640 compatiens
1032 2570 1128 2627 talibus
1137 2571 1193 2640 jam
1208 2568 1310 2640 aperire
1323 2567 1457 2635 illicitum,
1481 2583 1635 2623 assuescere
1656 2568 1833 2642 sacrilegium

177 2654 310 2712 sentiaris.
339 2652 410 2723 Quid
438 2653 466 2708 iu
504 2647 660 2725 prosperis?
688 2655 790 2712 nihilne
832 2664 873 2712 est
904 2656 976 2729 quod
1030 2668 1082 2715 est.
1100 2659 1184 2716 Labie
1197 2657 1358 2729 sacerdotis,
1373 2658 1419 2722 ait,
1447 2655 1610 2714 custodiunt
1625 2657 1779 2714 scientiam
1807 2663 1834 2715 et

178 2740 421 2825 considerationem
445 2741 590 2798 sollicitati
612 2744 661 2798 Est
679 2744 771 2817 utique
785 2744 808 2799 si
835 2744 977 2818 diligenter
1031 2733 1119 2820 lapem
1130 2746 1323 2820 requiroatdc
1337 2748 1455 2808 orestus
1466 2745 1596 2815 (Mamali.
1608 2760 1637 2810 u,
1653 2745 1682 2815 'll
1700 2762 1706 2799 :
1723 2760 1779 2801 non
1790 2763 1838 2803 nu-

182 2831 314 2898 atteodas,
330 2846 412 2903 quam
426 2847 504 2886 rarus
526 2847 633 2903 semper
647 2833 788 2903 exstiterit,
807 2835 854 2906 qui
870 2851 925 2890 non
940 2837 981 2893 vel
997 2792 1019 2872 e
1033 2854 1081 2909 gas
1102 2835 1222 2906 profecto
1232 2834 1275 2893 vel
1290 2834 1404 2892 iabulas.
1418 2834 1534 2890 Verbum
1549 2832 1662 2891 scurrile
1675 2835 1748 2905 quod
1759 2833 1837 2891 iocati

184 2921 286 2979 modice
313 2921 340 2975 in
368 2917 545 2990 prosperitate
568 2920 689 2975 animum
715 2921 873 2982 relaxaverit
895 2940 911 2979 a
934 2925 978 2980 sui
1034 2925 1166 2982 urbanive
1186 2925 1295 2981 nomine
1323 2925 1455 2990 colorant,
1484 2940 1538 2980 nou
1552 2923 1649 2979 suflicit
1673 2913 1835 2995 pari'grinari

182 3010 302 3069 custodia
322 3017 348 3066 et
372 3008 521 3095 disciplina.
538 3006 620 3066 aas
645 3009 760 3078 Quando
788 3013 845 3068 baec
864 3012 981 3070 incautis
1035 3012 1448 3097 abore2proculet1abaure
1478 3014 1664 3086 relegandum.
1701 3013 1785 3069 Foede
1804 3015 1835 3069 ad

182 3117 236 3159 non
253 3100 303 3157 luit
324 3099 358 3154 ad
373 3097 554 3169 disciplinam,
570 3099 642 3170 quod
658 3098 727 3172 ignis
742 3101 776 3155 ad
793 3118 891 3170 ceram,
907 3103 980 3175 quod
1039 3103 1186 3160 cachinnos
1208 3100 1333 3169 moveris,
1349 3101 1453 3159 ioedius
1469 3116 1571 3156 moves.
1587 3103 1667 3157 Porro
1683 3100 1834 3168 detrahere,

221 3217 277 3286 (ἢ)
291 3216 386 3296 Nugas
400 3225 426 3269 et
450 3213 552 3275 otiosas
566 3212 677 3296 fabulas
697 3215 829 3272 incessere
847 3217 925 3285 jubet
946 3220 981 3273 ab
1037 3233 1106 3344 anos
1121 3217 1250 3289 Hyrcauae
1271 3218 1417 3289 genuerint
1450 3216 1546 3290 tigres,
1574 3216 1650 3273 saxei
1672 3216 1837 3286 judicamur.

183 3305 229 3345 ore
256 3288 413 3352 sacerdotis,
433 3287 526 3358 quidni
557 3285 718 3342 Pontificrs‘?
737 3288 821 3344 Seriis
836 3295 939 3344 tanturn
955 3297 981 3344 et
1061 3288 1166 3360 eprimo
1180 3289 1325 3356 calamum,
1342 3304 1402 3342 nam
1414 3295 1443 3342 ut
1458 3287 1594 3359 turpiores
1608 3288 1764 3344 attexantur
1784 3289 1839 3344 ine·

185 3358 293 3414 utilibus
313 3357 340 3412 id
363 3365 452 3426 patere
470 3357 528 3412 vult
546 3373 644 3428 nempe
667 3357 815 3428 Evangelio
839 3374 983 3415 consecra·
1037 3358 1109 3431 ptiae,
1124 3358 1389 3428 pradoremttandar.
1403 3356 1668 3427 videlteatrenatus,
1684 3360 1838 3431 aucupium,

186 3438 252 3494 tum,
267 3445 317 3486 nec
339 3444 408 3484 vano
423 3444 548 3484 sermone
571 3428 703 3500 (quamvis
724 3429 779 3483 alio
806 3445 869 3485 eum
888 3431 981 3486 urbani
1036 3431 1154 3486 alearum
1166 3429 1277 3500 insuper
1292 3429 1378 3497 iuriae,
1391 3429 1432 3484 rel
1443 3445 1609 3498 scaccorum,
1625 3452 1636 3481 ι
1654 3438 1706 3488 ete.
1720 3433 1760 3485 lta
1775 3432 1837 3489 ills:

187 3502 295 3559 nomine
307 3499 440 3570 colorent)
459 3500 665 3568 profanandum.
688 3500 780 3556 Simile
796 3517 906 3571 prorsus
924 3502 984 3572 pri·
1037 3503 1083 3559 ubi
1100 3504 1176 3558 uides
1189 3517 1271 3571 quarn
1284 3500 1353 3556 balle
1369 3502 1506 3556 Bernardo
1520 3501 1687 3565 consentiat,
1701 3510 1730 3556 et
1742 3504 1838 3573 quates

188 3588 241 3630 scae
255 3581 282 3629 et
295 3570 391 3642 rigidae
412 3570 520 3626 virtutis
543 3572 698 3643 exemplum
714 3571 823 3644 reliquit
836 3574 866 3628 ll.
891 3572 985 3631 Petrus
1038 3575 1064 3629 in
1080 3572 1265 3628 sacerdotibus
1279 3587 1365 3645 nugas
1387 3573 1551 3631 detestetur:
1573 3589 1642 3643 quas
1656 3573 1739 3629 hodie
1759 3574 1836 3629 multi

190 3642 383 3714 Damiani,qui
403 3643 510 3698 taedium
528 3642 590 3699 uite)
616 3642 741 3713 publicae,
769 3651 796 3698 et
820 3643 985 3701 desiderium
1036 3643 1289 3713 ecelesiasticorum,
1321 3643 1419 3698 nedum
1449 3646 1638 3714 praelatorumj,
1676 3645 1755 3709 adeo,
1789 3659 1840 3700 nou

190 3715 288 3790 quietis
310 3712 473 3779 solitudinis,
502 3715 545 3769 rel
577 3713 640 3770 hinc
670 3713 817 3785 accepisse,
846 3716 889 3771 vel
913 3722 985 3772 certe
1039 3723 1151 3770 censent
1165 3731 1225 3769 oum
1248 3714 1385 3770 Bernardo
1414 3714 1612 3787 blasphemias,
1633 3723 1663 3768 ut
1682 3731 1716 3770 ne
1730 3715 1837 3786 quidam

190 3786 293 3845 acuisse
303 3786 419 3852 ridetur,
430 3786 501 3855 quod
513 3785 552 3840 illi
561 3801 622 3841 cum
637 3784 769 3851 moribus,
781 3784 895 3850 l'acetiis,
906 3787 984 3854 jocis.
1040 3786 1157 3842 veniales
1172 3789 1269 3858 cuipas
1283 3786 1449 3840 existiment.

192 3857 388 3929 sellutverbo
402 3856 532 3913 bernardi
546 3858 615 3924 utar)
632 3858 714 3928 simu
729 3856 869 3914 canalium
897 3857 988 3912 minus
1076 3845 1162 3926 Quarn
1179 3857 1222 3913 hic
1249 3857 1403 3915 bernardus
1418 3857 1541 3930 Eugenio
1568 3856 1720 3914 cauendam
1748 3863 1839 3913 monet

191 3928 355 3987 conueniret.
366 3927 515 3983 Audiamus
529 3927 618 3998 ipsum
633 3931 659 3983 in
677 3926 791 4009 epistola
803 3944 856 4000 qua
873 3945 903 3985 se
917 3928 987 3999 apud
1040 3928 1187 3995 vaniloquii
1201 3928 1320 4001 culpam,
1336 3945 1396 3984 earu
1410 3928 1481 3983 alius
1490 3927 1554 3983 olim
1565 3929 1757 3985 sanctissimus
1771 3926 1838 3984 Poo-

193 4000 346 4070 pontificem
361 4009 388 4055 et
411 3999 562 4056 cardinales
575 4000 610 4055 ob
635 4002 780 4078 demissum
798 4000 985 4081 episcopatum
1041 3999 1104 4056 tifex
1122 3998 1279 4073 Gregorius,
1300 3999 1438 4071 proposito
1461 3998 1502 4054 sui
1524 3998 1659 4072 exemplo,
1684 3999 1757 4056 velut
1783 3999 1839 4071 ipsa

192 4071 347 4130 Ostiensem
361 4080 505 4137 excussa«
522 4069 646 4136 Fuit,luit
659 4070 733 4135 olim,
753 4080 850 4140 rnqurt,
865 4072 912 4126 sed
930 4073 985 4138 J'am
1045 4087 1116 4138 reus,
1140 4070 1250 4126 naviter
1277 4080 1304 4123 at
1334 4070 1463 4139 pathetice
1480 4070 1661 4136 reprehendit.
1680 4072 1749 4125 Nam
1779 4071 1839 4125 duro

193 4145 316 4225 elapsum
328 4152 369 4223 est
383 4149 498 4222 tempus,
519 4152 549 4194 ut
563 4140 701 4222 modestiae
721 4141 817 4209 pudor,
840 4141 986 4224 mortifica:
1005 4146 1028 4225 ῃ
1044 4092 1202 4198 exoniam
1213 4143 1294 4196 verba
1304 4142 1413 4203 Erech..
1428 4143 1483 4198 etti
1493 4141 1842 4223 bominis,speeututorsm

193 4216 275 4271 tionis
299 4228 415 4286 insigne,
430 4214 512 4283 digna
526 4220 656 4266 severitas
679 4223 708 4265 et
721 4213 896 4267 sacerdotalis
906 4228 988 4338 fun
1044 4215 1108 4270 dedi
1123 4218 1150 4268 tc
1163 4213 1261 4271 domui
1271 4215 1369 4279 lsrael,
1386 4226 1611 4270 orrusrocauoms
1624 4228 1683 4269 suae
1699 4215 1842 4280 ponderat,

195 4287 280 4341 ualeat
303 4298 418 4338 censura
445 4281 556 4338 servari.
585 4282 655 4336 Nam
671 4289 700 4336 ut
723 4298 766 4337 me
792 4282 881 4338 solum
936 4299 989 4355 gne
1045 4285 1073 4340 iu
1088 4286 1146 4339 haec
1168 4285 1249 4340 uerba
1266 4283 1424 4355 prorumpit,
1454 4300 1514 4356 quae
1538 4284 1635 4340 merito
1663 4285 1745 4344 etiam
1763 4283 1842 4340 eorda

195 4368 352 4424 coarguam,
363 4353 461 4407 videtis
470 4351 533 4422 ipsi,
546 4352 609 4422 quia
630 4352 751 4423 protinus
761 4361 790 4406 ut
799 4355 833 4407 ad
845 4368 892 4410 vos
903 4355 991 4425 tenio,
1047 4366 1138 4410 nostra
1152 4354 1306 4426 percellant.
1325 4357 1411 4411 Pauca
1424 4370 1475 4411 nos
1488 4370 1672 4427 excerpamus,
1693 4365 1720 4411 tu
1738 4356 1840 4429 integra

196 4424 353 4495 eccesales,
378 4437 442 4479 ecce
458 4423 571 4493 iacetiae,
597 4438 661 4479 cece
677 4423 793 4495 lepores,
816 4425 991 4493 urbanitates,
1046 4443 1096 4481 suo
1112 4428 1172 4481 loco
1187 4427 1245 4496 lege
1274 4425 1366 4481 homil.
1390 4425 1603 4482 nullaesa«
1632 4427 1753 4499 Oquam
1776 4426 1840 4481 dura

195 4494 361 4564 dicacitates,
391 4493 528 4549 volumina
555 4495 739 4564 questionum,
763 4509 912 4569 omnesque
935 4513 996 4552 ver·
1049 4497 1110 4550 irribi
1126 4506 1189 4552 sunt
1208 4498 1258 4551 ista
1281 4514 1342 4568 quae
1358 4495 1469 4567 loquorl
1487 4498 1551 4566 quia
1583 4498 1775 4566 memetipsum
1801 4501 1840 4551 lo-

195 4569 292 4626 borum
306 4565 427 4621 inanium
441 4572 533 4636 pestes
544 4563 690 4621 insolenter
703 4577 860 4638 erumpunt,
888 4583 929 4622 uae
944 4583 995 4623 nos
1045 4568 1155 4636 nuendo
1175 4567 1274 4625 terto...
1291 4569 1336 4639 qui
1353 4570 1448 4624 oticsis
1462 4568 1551 4624 verbis
1565 4584 1638 4639 saepe
1652 4569 1808 4638 impalicor,
1817 4580 1839 4624 ct

195 4640 314 4710 nonjam
333 4635 556 4702 saderdotes,sed
569 4637 658 4708 potius
672 4646 793 4694 oratores
816 4655 848 4695 ac
862 4584 993 4705 rixatores,
1047 4641 1080 4694 ab
1108 4638 1292 4693 exhortatione
1328 4649 1407 4713 atque
1443 4639 1620 4696 aedificatione
1656 4638 1837 4710 proximorum

195 4712 265 4782 sire,
294 4709 366 4783 quod
382 4709 553 4764 inhonestum
568 4716 619 4778 est,
635 4723 742 4765 sesrrras
756 4711 910 4766 ostendunt.
930 4710 993 4766 idox
1047 4718 1155 4780 torpens
1172 4718 1200 4765 et
1215 4709 1357 4783 negligens
1390 4726 1466 4766 cesso
1484 4708 1490 4764 l
1508 4710 1560 4780 Qui
1573 4710 1601 4765 in
1627 4719 1780 4776 conspectu
1796 4710 1836 4767 Dei

196 4782 280 4850 enim,
301 4792 331 4837 ut
344 4781 426 4836 verba
438 4779 613 4847 conserimus,
628 4780 755 4851 paulatim
778 4781 902 4853 quadam
920 4781 996 4836 leno-
1045 4779 1133 4837 iactus
1160 4795 1218 4835 sum
1237 4791 1327 4836 mutus
1355 4787 1382 4838 et
1410 4780 1557 4837 verbosus:
1584 4790 1674 4836 mutus
1694 4781 1722 4836 in
1746 4795 1836 4838 necas·

193 4854 264 4915 cinis
280 4851 504 4911 contabulationis
518 4851 628 4907 alternas
642 4859 797 4922 surrepunt,
812 4866 994 4924 quoeomuem
1047 4851 1132 4917 sariis,
1158 4853 1288 4907 verbosus
1320 4852 1347 4908 in
1380 4852 1483 4916 otiosis,
1512 4860 1622 4909 ete......
1661 4852 1695 4909 Bt
1736 4853 1837 4934 quiden

195 4927 278 4982 animi
300 4926 419 4996 rigorem
444 4922 601 4979 indecenter
620 4922 772 4992 emolliant,
796 4935 823 4979 et
843 4922 995 4980 severitatis
1047 4923 1075 4978 in
1089 4924 1252 4979 monasterio
1278 4924 1390 4995 positus,
1420 4925 1544 4980 valebam
1565 4932 1593 4980 et
1607 4924 1641 4978 ab
1669 4924 1768 4981 otiosm
1792 4923 1837 4979 lin·

195 4998 279 5055 robur
294 4996 321 5052 in
336 5009 478 5052 excussum
493 4992 589 5059 risum,
609 5001 637 5049 et
652 4992 739 5064 turpia
761 4996 824 5062 joca
838 4993 993 5049 dissolvant.
1047 5011 1130 5067 guam
1156 4994 1327 5066 restringere,
1358 5003 1384 5050 et
1398 4994 1425 5049 iu
1439 4995 1586 5052 intentione
1619 4995 1752 5052 orationis
1774 5010 1838 5067 pens

196 5068 419 5150 llincest,quod
445 5082 522 5122 mens
541 5073 617 5121 extra
641 5080 779 5135 sasparsa
808 5064 993 5130 contunditur,
1048 5066 1174 5120 coertione
1202 5075 1438 5121 mentemtenere.
1464 5069 1499 5120 m
1513 5076 1654 5137 postquam
1681 5066 1772 5122 cordis
1790 5066 1838 5120 hu·

194 5140 267 5198 acies
285 5139 374 5195 cordas
388 5137 553 5202 obtunditur,
572 5136 618 5192 lux
633 5135 717 5192 divini
732 5136 834 5192 amoris
848 5136 996 5207 exstingui·
1048 5152 1151 5192 merum
1167 5137 1278 5192 sarcinae
1307 5137 1437 5207 pastorali
1451 5136 1594 5207 supposui,
1624 5135 1838 5210 colligere-seed

195 5219 249 5280 tor,
266 5220 352 5268 terror
364 5209 482 5266 in‘slios
496 5219 523 5264 et
544 5207 694 5264 reverentia
717 5206 891 5264 sacerdotalis
914 5206 995 5262 amit·
1048 5209 1220 5276 semetipsum
1248 5208 1353 5263 assidua
1382 5225 1434 5263 non
1461 5217 1548 5277 potest
1576 5210 1692 5275 animus,
1717 5207 1782 5280 quia
1806 5210 1839 5262 ml

192 5283 268 5348 titur,
285 5289 321 5348 ct,
337 5280 411 5353 quod
434 5278 614 5350 periculosius
630 5288 683 5347 est,
698 5278 894 5336 rectesircndi
915 5277 993 5351 linea,
1048 5281 1306 5352 maltspsrtitur....
1321 5279 1386 5352 quia
1401 5287 1488 5334 autem
1520 5280 1678 5336 necessitate
1694 5279 1749 5336 loci
1772 5294 1840 5348 sasp-

191 5369 257 5424 qno
265 5352 327 5409 aliis
342 5352 375 5406 ud
400 5350 539 5422 exmplum
561 5351 737 5423 proponenda
761 5349 860 5415 ruere,
878 5363 932 5406 uon
956 5359 994 5406 te·
1049 5351 1111 5407 siris
1127 5351 1338 5421 sacularibou'u
1397 5365 1642 5422 r3aonounquam
1662 5350 1730 5407 mihi
1746 5350 1841 5423 lingua

168 5443 171 5448 ·
194 5430 283 5482 nstnr.
311 5421 426 5493 Quodsi
449 5435 509 5487 nos,
529 5426 571 5478 vel
587 5420 699 5499 pudore,
714 5421 756 5476 val
784 5430 867 5487 metri,
883 5420 910 5476 in
939 5421 996 5477 haec
1050 5420 1220 5497 disciplinam
1234 5365 1431 5480 retuauffim
1445 5421 1628 5480 siinassiduc
1642 5437 1764 5479 censurae
1778 5437 1841 5477 metr

195 5492 330 5552 declinare
362 5492 559 5550 mntemnimus
593 5506 658 5549 mox
682 5492 834 5555 inhumani,
855 5490 944 5562 rigidi,
970 5499 996 5549 ct
1050 5491 1142 5565 rigore
1156 5508 1201 5549 me
1215 5501 1307 5559 tenco,
1323 5491 1381 5551 sole
1396 5491 1459 5565 quia
1472 5493 1507 5550 ab
1520 5490 1716 5551 inlinirioribns
1743 5491 1842 5568 iugior,
