3728 5940
140 221 195 283 239
613 217 643 275 S.
663 214 985 281 timiamateriis
1014 215 1333 284 uttam-valueritis
1731 225 1787 288 240

140 348 230 405 sabim
245 352 351 411 cuneta,
366 342 442 400 velut
456 342 490 399 ed
504 341 649 414 impulsum
660 347 766 402 urentis
780 355 808 402 et
822 343 934 400 furentis
947 334 974 420 fl
988 343 1084 399 sterili.
1102 345 1147 402 Vae
1162 345 1252 418 igitur,
1277 356 1304 404 et
1326 364 1367 405 vae
1390 348 1485 406 iterum
1513 350 1548 406 de
1570 366 1624 422 quo
1647 351 1758 411 dicetur
1777 372 1785 411 τ

140 436 224 507 renti,
242 443 368 506 tanquam
382 431 472 486 fenum
498 430 628 486 velociter
646 442 779 497 arescent,
794 441 821 488 et
835 447 932 503 qnem—
988 435 1155 508 despectam
1164 441 1197 493 ut
1206 439 1313 510 fuceret
1327 455 1405 506 aeas,
1417 442 1446 496 et
1458 440 1529 511 feeit
1543 439 1687 499 labruscas
1696 449 1707 501 t
1717 417 1786 514 (isa.

141 526 286 582 admodum
300 522 376 577 olera
391 519 536 575 herbarum
550 518 604 574 cito
618 520 755 577 decident.
771 519 842 588 Quid
868 533 933 590 ergo
987 538 1016 590 a,
1028 525 1072 592 l.)

151 629 229 669 ecum
257 611 333 667 tolles
356 608 390 665 de
417 606 493 665 omni
521 606 613 664 laboro
628 614 685 676 tuo,
711 624 792 681 quem
807 616 934 678 operatus
1023 615 1050 668 3.
1079 612 1131 668 Sed
1161 615 1223 671 novi
1247 630 1297 689 ego
1317 631 1398 687 quam
1420 615 1525 688 liquido
1548 622 1574 672 et
1596 617 1711 688 copiose
1729 621 1789 679 lraee

149 702 220 758 ueris
248 715 330 772 super
355 695 472 754 terram?
486 696 552 767 quid
580 696 715 753 retribues
742 697 858 753 Domino
885 709 935 767 pro
986 715 1032 756 me
1050 717 1159 773 quoque
1180 712 1284 760 tacente
1298 705 1418 777 cogitare
1433 704 1568 773 sufficias;
1584 711 1708 764 materno
1722 724 1788 767 vero

137 791 263 850 omnibus
281 802 341 859 quae
355 785 452 841 tribuit
465 784 534 840 tibi?
549 784 627 855 quid,
646 785 766 858 inquam,
782 786 850 842 lucri
888 800 935 856 pro
987 788 1126 846 devinctus
1140 805 1242 858 amore,
1258 792 1373 849 necdum
1402 794 1489 864 possis
1503 794 1624 866 abjicere
1636 796 1712 867 qnod
1730 799 1787 867 iam

148 891 176 937 ot
191 878 240 934 tibi
261 875 370 933 creditis
385 873 493 929 talentis
516 873 618 929 referes
634 874 820 931 creditorilO
840 873 863 928 si
887 888 937 929 va·
987 884 1158 934 contemnere
1186 879 1271 935 noris.
1287 880 1321 934 Et
1334 879 1398 953 quid
1414 896 1467 953 ego
1481 881 1515 936 ad
1530 883 1589 940 haee
1614 885 1788 956 respondebo

136 984 216 1027 cuam
230 981 340 1022 manum
354 962 488 1020 invenerit
510 962 564 1031 ille,
586 963 631 1018 ille
646 964 779 1021 donorum
796 972 935 1035 promptus
988 964 1054 1020 tiutt
1071 967 1104 1022 Ut
1121 972 1235 1022 matrem
1249 966 1382 1023 deseras?
1399 968 1448 1024 sed
1463 969 1646 1027 inhumanum
1664 971 1786 1031 videtur.

66 1063 69 1066 ’
134 1057 248 1130 quidem
280 1061 382 1119 auctor,
415 1052 463 1108 sed
492 1051 666 1123 importunus
691 1054 815 1108 exactor!
836 1053 934 1109 Veniet
987 1054 1020 1110 Ut
1032 1070 1095 1111 cum
1109 1054 1168 1128 ipsa
1177 1057 1368 1112 maneasised
1384 1073 1434 1114 nec
1447 1056 1500 1130 ipsi
1514 1057 1624 1129 expedit
1638 1064 1667 1117 ut
1680 1061 1715 1116 sit
1728 1061 1786 1120 filio

133 1146 219 1212 enim,
250 1142 347 1209 reniet,
375 1150 402 1198 et
440 1157 494 1196 non
522 1141 648 1207 tardabit,
677 1141 711 1197 ad
740 1141 932 1212 requirendum
987 1157 1067 1198 causa
1081 1143 1252 1212 perditionis,
1272 1143 1352 1201 Forte
1368 1151 1398 1198 nt
1412 1153 1440 1199 et
1460 1147 1561 1202 mundo
1576 1146 1658 1203 simul
1672 1148 1786 1217 milites,

136 1237 229 1306 utique
245 1230 317 1305 quod
335 1246 414 1287 sunm
428 1239 469 1287 cst
482 1246 544 1287 cum
557 1246 648 1286 usura.
674 1230 757 1286 Suum
776 1246 875 1301 nempe
888 1245 932 1285 as·
987 1236 1015 1285 et
1027 1229 1154 1288 Christo?
1167 1231 1216 1288 sed
1231 1247 1312 1288 nemo
1326 1240 1416 1303 potest
1424 1231 1533 1289 duobus
1541 1234 1661 1292 dominia
1668 1237 1785 1296 servire.

136 1325 203 1382 serit
225 1337 316 1388 omne,
331 1318 405 1391 quod
423 1322 450 1374 te
477 1318 505 1373 in
534 1326 581 1373 tua
609 1319 694 1390 patria
717 1318 868 1391 pomposis,
885 1318 932 1374 sed
985 1319 1070 1375 ltater
1084 1327 1129 1376 tua
1143 1321 1199 1376 vult
1226 1321 1361 1377 contrarie
1377 1329 1439 1389 tuae,
1468 1337 1501 1377 ac
1525 1339 1574 1393 per
1600 1324 1653 1381 lroc
1680 1337 1709 1382 et
1727 1341 1786 1383 snae

137 1410 297 1486 periculosis
312 1408 448 1469 fauoribus
470 1407 613 1463 nobilitare
636 1408 751 1464 videtur.
767 1407 861 1463 Genus
876 1406 932 1462 ela·'
985 1407 1071 1480 ipsius
1083 1409 1173 1479 saluti,
1187 1408 1264 1485 Elige
1289 1426 1355 1480 ergo
1383 1419 1411 1466 tu
1424 1426 1440 1466 e
1454 1410 1561 1468 duobus
1574 1413 1649 1483 quod
1663 1413 1722 1484 vis,
1737 1425 1785 1472 aut

136 1519 208 1567 rum,
223 1515 321 1570 corpus
335 1506 438 1568 aptum,
453 1495 539 1552 forma
553 1498 674 1567 elegans,
692 1497 830 1568 ingenium
843 1497 931 1561 velox,
985 1497 1066 1553 unius
1079 1498 1202 1554 uidelicet
1216 1498 1371 1555 satisfacere
1399 1499 1546 1566 voluntati,
1575 1507 1624 1556 aut
1643 1501 1785 1574 utriusque

136 1587 297 1647 eruditionis
323 1584 436 1651 utilitas,
457 1592 485 1639 et
512 1585 643 1639 honestas
670 1599 788 1650 morum,
813 1583 932 1656 gloriosa
986 1586 1076 1644 saluti.
1091 1586 1226 1643 Verumsi
1251 1587 1362 1643 multum
1389 1603 1448 1643 eam
1464 1586 1567 1662 diligis,
1583 1589 1678 1646 desere
1692 1590 1784 1660 potius

133 1678 242 1751 quidem
257 1684 330 1741 sunt,
348 1673 396 1729 sed
420 1673 446 1729 ei
468 1688 484 1726 a
507 1687 560 1742 quo
587 1680 660 1729 sunt.
689 1672 718 1728 Si
739 1672 787 1727 tibi
806 1688 930 1742 usurpas,
951 1655 1072 1744 dipsam
1088 1682 1197 1745 propter
1219 1676 1305 1746 ipsam
1330 1695 1336 1731 :
1361 1691 1405 1741 ne,
1430 1676 1453 1730 si
1477 1675 1611 1731 Christum
1630 1677 1741 1733 deseras
1754 1686 1785 1733 ut

135 1767 237 1838 estqui
253 1771 355 1836 quaerat
374 1771 402 1819 et
412 1762 527 1832 iudicet.
984 1777 1095 1818 maneas
1118 1778 1180 1817 eum
1193 1763 1261 1832 ipsa,
1281 1771 1431 1834 propterte
1452 1773 1546 1835 pereat
1560 1771 1588 1820 et
1610 1764 1681 1838 ipsa.
1700 1765 1783 1821 dlic-

173 1861 200 1910 0.
216 1855 280 1909 Esto
296 1862 386 1908 tamen
410 1868 418 1904 t
444 1849 522 1905 liceat
536 1849 583 1904 tibi
599 1849 658 1904 haec
676 1847 785 1905 interim
798 1847 934 1905 ascribere
984 1851 1049 1920 quin
1065 1851 1134 1907 male
1149 1852 1245 1906 meruit
1257 1852 1292 1907 de
1306 1860 1333 1907 te
1346 1867 1406 1924 quae
1422 1860 1447 1907 te
1462 1854 1575 1924 peperit,
1590 1853 1613 1910 si
1623 1862 1738 1926 propter
1753 1864 1782 1910 te

137 1940 238 2000 nomini
261 1950 315 2005 tuo,
340 1946 367 1995 et
387 1936 500 2008 gloriari
525 1937 553 1992 in
577 1936 656 1992 laude
675 1947 729 2006 tua,
750 1946 778 1993 et
792 1937 883 1992 vocari
897 1936 933 1992 ab
985 1940 1064 2009 perit.
1087 1938 1228 2009 Quomodo
1256 1940 1328 1995 enim
1342 1955 1396 1994 non
1420 1941 1500 2012 perit,
1520 1956 1581 2014 qaae
1596 1939 1685 2013 ipsum
1699 1958 1781 2016 quern

138 2027 290 2086 hominibus
304 2024 391 2092 rabbi,
408 2033 436 2079 et
460 2021 549 2079 facere
571 2023 619 2077 tibi
633 2037 731 2078 nomen
745 2022 848 2095 grande
860 2023 933 2077 dun·
987 2030 1100 2099 peperit,
1125 2026 1250 2100 perimit?
1276 2029 1309 2083 Et
1330 2029 1388 2085 haec
1413 2027 1537 2098 dixerim,
1566 2037 1596 2085 ut
1619 2038 1665 2087 tuo
1689 2030 1784 2102 aliquo

138 2126 210 2177 taxat
223 2131 305 2188 super
329 2121 425 2168 terram
445 2110 536 2183 :quid
562 2111 611 2165 tibi
635 2117 823 2181 postmortem
842 2112 876 2165 de
891 2110 933 2165 ftis
985 2117 1067 2171 modo
1090 2117 1191 2173 carnali
1219 2116 1433 2173 condescendam
1449 2117 1644 2190 consulamque
1658 2118 1784 2179 aflectui.

136 2207 273 2274 omnibus,
287 2203 340 2260 uisi
363 2200 420 2258 sola
441 2201 570 2256 fortassee
591 2198 723 2254 memoria
744 2198 933 2268 relinquetur?
984 2207 1116 2262 caeterum
1133 2205 1221 2261 fidelis
1244 2221 1345 2275 sermo,
1358 2215 1387 2261 et
1400 2206 1474 2262 omni
1489 2208 1642 2279 acceptione
1657 2208 1757 2280 dignus
1775 2228 1782 2266 ε

137 2300 230 2354 ethoc
246 2307 356 2366 qnoque
384 2290 556 2347 solummodo
575 2305 656 2360 super
672 2295 780 2344 terram.
796 2286 933 2358 Scriptum
986 2294 1038 2349 etei
1059 2294 1169 2365 impium
1198 2303 1239 2351 est
1262 2303 1433 2351 contemnere
1463 2305 1586 2362 matrem,
1609 2306 1785 2354 contemnere

136 2385 236 2458 quippe
254 2394 293 2439 est
316 2382 522 2440 :Dormicrunf
548 2394 679 2434 somnum
699 2393 794 2445 stum,
811 2380 839 2431 ef
858 2376 933 2431 nibil
988 2391 1076 2438 tamen
1091 2391 1200 2453 prepter
1215 2382 1362 2450 Christum,
1379 2382 1533 2454 piissimum
1561 2391 1610 2439 est.
1639 2384 1705 2439 Nam
1732 2385 1783 2456 qui

136 2476 306 2532 inuenerunt
320 2485 415 2528 omncs
431 2471 488 2525 eim‘
506 2467 673 2524 divitiorem
685 2467 717 2520 m
728 2465 862 2521 mamibm
875 2468 933 2520 satia
986 2473 1062 2539 dixit,
1077 2475 1188 2530 Honora
1199 2477 1314 2546 patrem
1328 2478 1357 2529 et
1380 2477 1505 2530 matrem
1531 2472 1641 2542 (matth,
1666 2488 1716 2542 xv,
1734 2473 1782 2546 t);

149 2564 225 2620 Psoi.
240 2578 324 2627 cxxv,
339 2562 376 2626 6)·
396 2555 476 2624 Quod
490 2556 514 2610 ti
527 2555 571 2610 hic
586 2561 628 2608 esf
645 2551 706 2608 finis
719 2553 841 2609 Omnium
856 2552 933 2608 labo·
986 2562 1046 2634 ipse
1060 2562 1141 2619 etiarn
1154 2561 1223 2617 dixit
1236 2578 1243 2616 :
1257 2562 1513 2634 Quiamatputrem
1525 2565 1784 2635 autmatremptaa

135 2661 326 2708 rumtuorum.
343 2655 452 2719 utpnce
476 2651 521 2700 tua
544 2642 669 2706 dixerint,
698 2641 761 2712 quid
779 2643 933 2697 habesam-
987 2667 1071 2726 qnam
1083 2649 1601 2723 menoneetmedtpnus(lfaffb.x,
1617 2651 1674 2721 el).

136 2740 207 2816 plius
219 2734 360 2808 jumento?
387 2733 529 2804 Siquidem
543 2738 569 2786 et
582 2732 616 2786 de
631 2741 676 2787 tuo
691 2730 825 2802 palefrido
847 2730 932 2802 (299),

133 2842 199 2885 eum
221 2832 344 2882 mortuus
365 2822 459 2887 fuerit,
479 2819 664 2891 perhibebitur
681 2818 745 2891 quia
759 2819 848 2875 bonus
862 2819 930 2874 fuit.
1243 2801 1414 2860 EPffiTOLA
1441 2802 1498 2859 CV·

138 2914 223 2973 Simul
242 2914 303 2971 lllde
316 2911 381 2985 quid
398 2911 445 2966 ttbt
473 2916 536 2965 anie
565 2907 681 2963 tribunal
706 2907 772 2962 tflud
788 2907 932 2963 terrificum
1041 2935 1078 2976 Μ)
1103 2933 1241 2977 noum
1258 2933 1382 2975 nomm
1396 2932 1486 2973 cunm
1501 2931 1711 2974 gupmcom,

138 3001 359 3076 respondendum
385 2999 421 3055 sit
447 2999 481 3055 de
509 3012 542 3055 eo
569 2996 642 3069 quod
667 2997 804 3068 acceperis
822 2995 848 3050 in
864 2972 974 3054 vanae

137 3093 253 3148 animam
268 3100 351 3154 tuam,
367 3096 395 3144 et
409 3087 525 3142 enimam
545 3084 626 3140 talem
641 3102 649 3140 ε
665 3084 689 3140 ai
704 3091 791 3141 tamen
806 3084 932 3140 invenia-

136 3184 176 3239 ris
204 3180 271 3237 nibil
299 3179 390 3253 egisse
418 3175 536 3247 amplius
549 3176 584 3231 de
606 3174 752 3230 immortali
766 3182 792 3228 et
806 3171 933 3229 rationali

138 3270 235 3342 spiritu
250 3280 306 3336 tuo,
321 3283 401 3339 quam
415 3264 531 3337 quodvis
545 3278 627 3334 pecus
642 3264 675 3318 de
685 3276 734 3317 suo
745 3277 824 3327 3cum
839 3263 936 3317 brutus
1021 3249 1190 3305 Brauunuus
1205 3245 1289 3303 abbas
1302 3243 1497 3313 Clara-Vallis,
1508 3245 1628 3304 Rourue
1639 3262 1700 3318 suc,
1710 3247 1784 3320 quod

138 3361 234 3430 utique
249 3357 360 3430 spiritus
373 3370 427 3411 non
445 3354 526 3419 vivat,
543 3352 595 3407 nisi
620 3350 748 3424 quamdiu
763 3349 891 3415 vivificat,
907 3359 935 3405 et
986 3355 1046 3397 stro.

138 3463 194 3504 uno
210 3446 360 3516 eodemque
376 3452 511 3499 momento
526 3447 554 3495 et
568 3438 702 3496 vivificare
718 3437 816 3509 pariter
830 3437 934 3492 desinat
1022 3428 1091 3483 aare
1113 3423 1212 3492 fecisti,
1227 3422 1395 3492 charissime,
1416 3423 1456 3479 tui
1471 3421 1550 3479 nobis
1565 3435 1614 3491 per
1635 3419 1742 3478 litteras
1757 3431 1785 3481 et

62 3566 65 3570 Δ
140 3537 280 3593 θιγῑνρω,
306 3532 387 3601 Quid,
407 3545 511 3603 quaeso,
536 3528 646 3599 dignum
662 3539 689 3582 te
710 3524 856 3595 judicabis,
872 3524 932 3597 qui,
987 3530 1120 3572 renovans
1133 3514 1236 3570 dulcem
1255 3512 1422 3577 memoriam,
1439 3517 1466 3565 et
1480 3523 1612 3566 excusans
1627 3510 1786 3568 molestissi-

140 3629 227 3695 iactus
240 3625 274 3679 ad
288 3623 434 3697 imaginem
458 3617 578 3685 factoris,
596 3622 677 3673 tantae
699 3615 726 3670 fn
744 3620 769 3670 te
785 3615 936 3684 maiestatis
985 3620 1056 3660 mem
1069 3618 1183 3661 moram.
1199 3601 1307 3659 Minime
1326 3599 1433 3671 (lumem
1451 3597 1667 3655 dessidefassfium
1682 3610 1784 3657 100⁰?-

140 3731 194 3773 non
213 3711 337 3770 delendis
361 3708 538 3780 dignitatem;
559 3713 587 3760 et
614 3713 652 3769 tu,
679 3705 759 3759 homo
784 3719 844 3759 cum
858 3703 935 3775 (300)
985 3693 1066 3748 dibus
1081 3691 1134 3748 ulla
1147 3690 1234 3764 potuit
1259 3689 1408 3758 subrepere
1429 3686 1592 3759 quandoque
1615 3688 1716 3744 obliuio
1731 3696 1784 3744 tuae

140 3818 227 3868 esses,
243 3802 372 3856 bonorem
402 3803 479 3851 tuum
503 3808 557 3850 non
580 3793 746 3863 intelligens,
762 3798 934 3863 comparatus
986 3778 1151 3851 di¹00²i0¹¹i⁵3
1177 3778 1224 3834 ”fl
1239 3785 1265 3832 ²⁶
1287 3775 1336 3848 wir
1361 3773 1461 3842 Ῐῦῑθθῐ,
1487 3790 1558 3844 Ρθῡθ
1580 3775 1694 3832 0blift¹m
1722 3790 1784 3832 0³⁸⁰

138 3887 269 3961 insecutis
282 3883 482 3957 insipientibus,
498 3889 525 3938 et
534 3880 630 3938 similis
643 3880 773 3937 factussis
782 3879 853 3934 illisi
872 3883 935 3935 dum
985 3869 1147 3940 putavimus,
1163 3867 1320 3939 priusquam
1335 3863 1396 3920 illas
1410 3863 1513 3920 litteras
1527 3863 1692 3921 videremus.
1706 3865 1784 3921 Nunc

141 3979 179 4036 nil
207 3976 345 4049 spirituale
372 3972 497 4029 uidelicet
522 3977 569 4025 aut
587 3977 720 4025 aeternum
741 3968 933 4036 elaboraveris,
986 3957 1185 4028 0801100000
1203 3969 1303 4024 ¹¹¹⁰f³⁸r
1324 3951 1366 4009 ἠΰ
1380 3952 1434 4009 cito
1454 3954 1527 4024 fl¹¹⁰d
1554 3952 1706 4024 900000ῑὶ
1721 3959 1749 4008 0¹
1761 3951 1785 4007 δί

143 4068 190 4125 sed
217 4068 303 4124 instar
327 4060 440 4120 belluini
467 4058 586 4129 spiritus,
603 4056 649 4128 qui
676 4064 740 4112 uta
762 4070 884 4128 corpore,
897 4055 935 4111 itt
985 4044 1116 4103 ueraciter
1142 4042 1228 4112 stylus
1242 4039 1377 4110 expressit
1399 4038 1538 4109 affectum,
1554 4038 1702 4097 efficaciter
1714 4054 1785 4113 opas

142 4173 204 4214 cum
219 4167 333 4225 corpore
351 4149 519 4216 dissolvitur,
538 4147 605 4203 solis
620 4145 705 4201 fueris
720 4152 862 4202 contentus
875 4160 937 4200 cor·
985 4131 1086 4204 stylum
1100 4127 1266 4185 ῑθθῑῑῧῦθῑῑῑΐ·
1282 4126 1354 4196 Quid
1364 4127 1455 4182 idid&
1466 4127 1660 4198 ipsum,quem
1674 4127 1784 4195 iamdu-

142 4242 280 4319 poralibus
309 4256 340 4298 ac
358 4236 553 4310 temporalibus
581 4233 671 4300 bonis,
693 4231 841 4305 euangelici
864 4230 937 4287 illius
986 4221 1050 4277 dum
1064 4214 1221 4290 concepisti,
1234 4214 1360 4288 spiritum
1375 4216 1512 4288 parturire
1526 4215 1784 4275 salutisiNilmor·

143 4333 243 4392 surdus
261 4329 369 4385 auditor
383 4324 488 4383 consilii
510 4324 694 4397 :operamini
709 4337 768 4377 nora
784 4320 878 4376 eibum
888 4321 936 4394 put
952 4296 1084 4384 utalibus
1099 4305 1141 4364 vel
1155 4311 1240 4361 morte
1258 4301 1368 4368 certius,
1384 4303 1427 4358 uel
1442 4302 1571 4359 incertius
1586 4303 1653 4360 liora
1670 4303 1784 4362 mortis.

142 4422 229 4496 perit,
244 4418 290 4478 sed
300 4422 349 4491 put
366 4418 512 4488 permiscet
529 4411 561 4470 fn
577 4413 667 4469 eitam
683 4409 933 4477 eternamttoan,
986 4397 1120 4470 siquidem
1134 4404 1261 4464 tanquam
1274 4391 1317 4447 fur
1330 4391 1357 4447 in
1373 4400 1466 4462 nocte,
1480 4393 1518 4446 ita
1532 4391 1631 4447 veniet.
1649 4393 1696 4449 lfae
1711 4409 1785 4463 prae·

143 4526 184 4582 vt,
200 4508 257 4581 87).
277 4505 410 4577 Scriptum
425 4513 466 4560 est
489 4508 579 4558 autem
606 4498 679 4570 quod
694 4513 749 4554 non
770 4498 893 4553 ascendit
907 4496 935 4551 in
986 4486 1132 4561 guantibus
1147 4483 1176 4537 in
1189 4480 1237 4537 illa
1255 4478 1312 4536 diei
1328 4479 1356 4534 Si
1379 4480 1568 4545 supervenerit
1582 4488 1609 4536 et
1623 4482 1788 4552 praerenerit

143 4610 263 4658 montem
277 4593 386 4652 Domini
399 4593 462 4659 nisi,
476 4593 595 4665 quinon
604 4589 713 4660 accepit
735 4588 848 4645 insano
867 4587 935 4643 am‘.
986 4575 1058 4629 hunc
1075 4579 1129 4628 tam
1157 4568 1326 4626 salutiferum
1349 4573 1466 4639 partam,
1489 4567 1555 4623 laeui
1578 4566 1709 4640 perfodiet
1731 4568 1786 4623 do·

143 4708 220 4749 mam
235 4704 327 4745 seam.
342 4682 397 4740 Sed
418 4697 452 4736 ne
480 4681 503 4735 is
523 4678 640 4751 quidem,
668 4676 721 4730 nisi
747 4675 827 4729 etlam
852 4673 936 4729 tuerit
986 4678 1070 4728 mum,
1086 4668 1208 4717 sanetum
1223 4674 1333 4732 germen
1346 4657 1509 4731 exstinguet.
1523 4659 1592 4714 Cum
1610 4659 1686 4712 cutm
1704 4657 1787 4714 dixe-

141 4784 275 4838 innocem
285 4773 425 4841 manibus,
441 4768 581 4827 ermundo
596 4763 677 4824 corde
689 4763 778 4834 (Prot.
793 4776 878 4827 xxm,
895 4762 932 4834 4).
985 4754 1060 4822 rint,
1076 4751 1138 4805 Pae
1151 4753 1178 4805 ct
1192 4748 1787 4817 securitas,fumercpentmuseuperecm'et

141 4866 248 4924 Videris
261 4873 290 4920 tu
304 4881 337 4919 an
351 4862 386 4917 de
409 4857 463 4914 tuis
478 4859 528 4912 troc
551 4851 641 4908 109
663 4851 790 4923 operibus
809 4848 890 4905 simul
907 4858 935 4904 et
986 4843 1025 4898 eis
1036 4833 1788 4907 interitue,stcutdotorinaterebobenfismfnoaessa·

141 4954 350 5030 cogitationibus
377 4960 542 5021 praesumere
564 4947 681 5009 audeas;
705 4941 747 4996 sin
775 4947 877 5005 autem,
891 4950 935 4995 ar.
986 4932 1063 5004 pient
1077 4929 1103 4999 (f
1116 4926 1204 4982 Thess.
1221 4941 1248 4994 r,
1262 4923 1307 4993 3).
1325 4922 1393 4978 Volo
1413 4933 1437 4978 te
1452 4934 1569 4979 mortem
1580 4923 1630 4978 etsi
1646 4939 1701 4979 non
1716 4923 1786 4980 effu·

141 5044 221 5098 tende
234 5041 299 5112 qnid
313 5047 448 5094 mereatur
466 5031 604 5105 iniqnitas,
619 5029 643 5085 si
660 5028 720 5084 sola
732 5026 832 5084 sufficit
846 5026 933 5083 inuti·
986 5035 1068 5093 gete.
1085 5024 1159 5073 cerie
1173 5013 1214 5073 vel
1234 5027 1290 5068 11⁰ss
1304 5012 1411 5068 limere-
1434 5011 1646 5084 Ju⁸fu⁸tt1¹iltpe
1661 5021 1785 5080 moriem.

141 5133 203 5187 titas
228 5129 261 5184 nd
288 5125 498 5182 damnationem.
526 5121 561 5176 Et
585 5132 677 5174 revera
695 5131 788 5171 secure
810 5129 866 5170 non
885 5115 936 5169 erit
986 5109 1036 5165 etsi
1050 5122 1104 5163 non
1117 5111 1202 5173 cavet,
1228 5110 1316 5158 tamen
1339 5117 1395 5157 uon
1408 5109 1499 5172 pavet.
1514 5101 1638 5173 Denique
1653 5103 1675 5157 si
1703 5111 1789 5158 morte

140 5220 219 5292 spina
232 5216 274 5276 rel
302 5214 426 5278 tribulus,
446 5210 493 5267 ubi
519 5208 622 5264 securis
647 5203 825 5262 infructuosa
839 5203 929 5260 arbori
986 5203 1188 5269 praeoccupatus
1202 5192 1292 5257 fuerit,
1318 5190 1503 5263 inrefrigerio
1527 5190 1579 5247 erit
1594 5192 1673 5264 (Sap.
1689 5206 1729 5257 rv,
1745 5193 1786 5263 t).

139 5307 204 5383 poni
222 5303 371 5370 ridebitur3
388 5316 438 5358 nec
452 5305 545 5370 parcet
560 5293 698 5371 pungenti,
713 5290 760 5368 qni
773 5292 889 5348 minatur
908 5299 936 5346 et
984 5287 1097 5344 ldoritur
1111 5281 1221 5356 quidem
1234 5289 1262 5337 et
1273 5280 1382 5352 justus,
1396 5280 1445 5336 sed
1459 5295 1575 5352 seeure;
1591 5280 1692 5352 quippe
1707 5280 1787 5350 cujus

174 5424 417 5504 (restructione,
433 5438 520 5500 equus
543 5436 659 5496 magnus
677 5427 705 5475 et
733 5416 858 5491 insignis,
886 5415 932 5488 qui
1022 5410 1096 5483 (300)
1110 5406 1181 5491 Editi
1195 5405 1308 5489 addant,
1328 5405 1360 5488 isa
1378 5404 1490 5474 bonore,
1505 5419 1539 5458 ex
1554 5403 1661 5460 Psalmo
1675 5418 1783 5474 xurrrr;

137 5521 187 5580 per
202 5504 309 5561 frenum
325 5497 439 5558 ducitur.
504 5560 511 5576 ι
725 5568 741 5572 .,
983 5482 1032 5563 ¹aed
1046 5483 1121 5551 deest
1133 5473 1636 5550 rnmanuscriptis,etcerteredundat
1650 5474 1783 5534 hocloco.

992 3046 1060 3106 Vitta
1071 3046 1209 3116 refipt‘osce
1216 3043 1391 3167 propositum
1399 3045 1491 3113 serpet,
1501 3043 1603 3098 mortis
1614 3042 1784 3100 memoriam

1306 3128 1375 3169 amca
1388 3127 1465 3170 cuns.
