3728 5940
177 207 217 279 ra
811 204 981 275 remano
996 205 1200 291 aramius
1571 144 1577 154 ’
1786 210 1826 271 ιι

176 330 362 392 undecimum.
376 330 484 389 Interim
501 330 529 391 io
542 332 640 397 cadem
656 332 785 408 apologia
796 349 847 393 aaa
860 332 959 391 latetur
981 332 1163 400 dhalardm,
1177 348 1207 391 ee
1220 332 1326 406 aliqua(
1335 331 1478 404 scripsisse
1503 352 1516 386 ι
1534 347 1585 406 per
1599 347 1718 391 errorem
1730 374 1740 403 ,
1761 351 1823 409 quse

181 436 233 479 uon
257 421 393 494 oportuit;
416 441 427 474 ι
448 428 476 477 at
501 421 572 477 «nil
594 438 644 494 per
666 422 806 489 malitiam,
827 434 875 481 eut
897 439 945 495 per
967 421 1139 494 superbiam:
1164 443 1178 473 ι
1203 420 1349 495 additque,
1373 438 1424 491 se,
1445 420 1468 477 si
1483 437 1537 494 qua
1557 439 1605 494 per
1624 422 1822 497 multiloquium

178 510 300 577 excessit,
325 520 448 583 paratum
469 525 578 581 semper
600 527 661 568 esse
685 533 698 564 ι
719 513 752 567 ad
777 511 988 567 satisfactionem
1006 513 1040 566 de
1060 510 1129 566 male
1151 510 1230 567 dictis
1255 529 1268 562 o
1293 509 1351 566 suis
1373 510 1541 583 corrigendis
1561 510 1617 568 sire
1642 512 1784 579 delendis;
1806 533 1819 565 s

176 616 207 657 ac
231 601 338 655 demum
364 615 394 654 se
416 598 544 655 Ecclesiae
566 594 659 666 filium,
692 619 706 652 ι
734 607 831 657 cuncta
851 616 913 673 quae
935 598 1032 670 recipit
1063 599 1204 672 recipere,
1227 614 1289 671 quae
1319 614 1382 656 rere
1415 599 1515 670 respuit
1546 615 1712 671 respuere.»
1737 603 1822 660 Beue.

175 688 306 745 Nolumus
319 687 490 744 abaelardum
515 687 688 744 haereticum:
708 688 806 746 sullicit
825 704 873 760 pro
896 688 1024 744 Bernardi
1047 704 1128 745 causa
1150 702 1212 743 eum
1231 687 1314 745 t'uisse
1336 688 1363 743 in
1388 687 1549 760 quibusdam
1573 696 1721 757 errantem
1748 702 1823 762 quoo

174 776 332 833 abelardus
346 776 406 848 ipse
419 791 474 833 non
487 775 628 833 diffitetur.
1825 838 1829 843 ,

208 865 276 925 LVl.
291 864 360 934 Quid
375 879 439 920 raro
453 873 546 920 contra
559 873 679 922 sanctum
699 865 848 933 doctorem,
873 874 919 921 aut
942 880 991 937 pro
1016 864 1162 922 llbaelarrto
1185 866 1249 922 Otto
1276 864 1477 941 Frisingensis?
1499 865 1631 923 Nimirum
1654 866 1824 924 Bernardum

176 971 241 1011 «ex
263 952 422 1011 Christiana
445 952 585 1026 religionis
609 954 713 1010 lerrore
739 955 904 1026 zelotypum,
928 964 956 1010 et
982 969 1017 1009 ex
1040 954 1167 1012 habituali
1191 953 1398 1010 mansuetudine
1424 954 1581 1010 credulum:
1612 975 1623 1005 s
1650 956 1718 1011 adeo
1752 975 1765 1006 ι
1795 964 1825 1012 ιιι

173 1043 329 1116 magistros,
356 1041 403 1112 qui
426 1041 552 1097 humanis
574 1042 721 1100 rationibus
743 1050 770 1100 et
793 1044 916 1099 saeculari
942 1041 1081 1113 sapientire
1110 1041 1276 1099 confidenter
1298 1041 1408 1098 nimium
1439 1043 1615 1109 inherebant,
1646 1044 1823 1111 abhorreres,

173 1138 200 1189 et
214 1132 236 1187 si
252 1130 400 1203 quidquam
418 1130 444 1186 ei
462 1130 619 1188 Christianae
640 1130 703 1186 lidci
727 1132 857 1188 absonum
880 1131 915 1186 dc
939 1131 1037 1188 talibus
1058 1131 1202 1197 diceretur,
1222 1130 1300 1189 lacile
1322 1147 1415 1187 aurem
1438 1133 1569 1203 praeberet
1590 1132 1659 1203 (lo).
1680 1152 1692 1183 r
1719 1131 1823 1190 Veram

172 1222 231 1276 haec
244 1219 344 1290 ipsein
368 1219 452 1276 sancti
472 1219 591 1277 doctoris
614 1221 728 1293 gloriam
748 1221 868 1278 cedunt:
890 1235 951 1276 cum
975 1219 1042 1275 nihil
1067 1219 1153 1292 magis
1174 1219 1207 1275 ad
1231 1221 1366 1276 doctorem
1388 1220 1552 1276 catholicum
1576 1222 1719 1290 pertineat,
1740 1238 1823 1295 quam

171 1307 306 1378 ejusmodi
329 1307 465 1377 homines,
488 1308 682 1380 philosophicis
705 1308 862 1367 ratiunculis
887 1307 950 1380 plus
970 1307 1044 1379 juata
1067 1308 1235 1378 tribuentes,
1257 1308 1372 1364 maxime
1394 1308 1439 1364 uhi
1463 1324 1530 1365 nora
1554 1308 1656 1366 cudunt
1678 1311 1821 1383 uocabula,

172 1413 233 1470 quae
248 1397 273 1451 in
288 1412 410 1453 errorem
424 1396 553 1454 inducere
567 1407 682 1467 possunt
705 1399 840 1463 incautos,
855 1401 1054 1469 quamprimum
1072 1396 1230 1468 reprimere.
1251 1418 1263 1449 ι
1283 1397 1376 1463 Ροιιο,
1398 1417 1409 1448 s
1427 1404 1456 1453 ut
1469 1413 1532 1453 cum
1551 1395 1696 1456 Guillclmo
1716 1399 1821 1472 loquar,

173 1505 187 1539 r
207 1488 229 1541 si
244 1485 370 1542 nimietas
383 1485 410 1540 in
425 1501 458 1542 eo
476 1486 683 1557 reprehenditur
701 1487 786 1542 sancti
805 1485 929 1554 ferroris,
945 1485 1026 1543 hahet
1040 1497 1113 1541 certe
1127 1488 1199 1561 apqrt
1222 1485 1283 1558 pias
1297 1496 1402 1542 mentes
1421 1501 1550 1543 excessus
1568 1487 1618 1542 iste
1642 1488 1822 1545 reverentiam

171 1590 281 1631 suam...
296 1573 369 1630 Felix
383 1573 428 1631 cui
441 1574 528 1630 solum
542 1582 681 1644 reputatur
699 1574 733 1630 ad
747 1574 865 1646 culpam,
881 1572 955 1647 quod
968 1572 1060 1629 crateri
1074 1573 1125 1629 sibi
1140 1573 1228 1629 solent
1244 1589 1408 1647 praesumere
1422 1574 1455 1629 ad
1469 1574 1583 1647 gloriam
1599 1577 1663 1645 (dl).
1687 1597 1698 1624 ι
1720 1575 1822 1633 Verum

170 1663 232 1720 Otto
253 1664 321 1734 ipse,
345 1662 518 1734 quantumvis
540 1663 683 1719 Ahaelardo
706 1663 808 1730 larena,
837 1665 935 1720 latetur
958 1670 1055 1728 tamen,
1090 1662 1179 1733 ipsum
1211 1672 1266 1719 tres
1285 1673 1383 1720 sanctae
1418 1661 1557 1718 Trinitatis
1584 1679 1716 1736 personas
1740 1665 1822 1722 munis

170 1759 330 1818 attenuasse,
347 1766 402 1808 non
417 1751 495 1808 bonis
510 1767 589 1807 usum
608 1751 758 1823 exemplis3
783 1771 794 1802 s
811 1760 889 1824 atquc
904 1751 939 1807 ob
954 1751 1005 1807 boc
1020 1750 1091 1821 apud
1110 1750 1284 1806 Suessionem
1300 1750 1327 1806 in
1346 1750 1504 1822 provinciali
1518 1752 1634 1822 synodo,
1656 1773 1667 1800 ι
1689 1752 1823 1810 Sabellia-

170 1857 235 1896 num
254 1840 411 1897 haereticum
430 1840 619 1910 judicatum.»
641 1840 712 1910 Quid
729 1855 797 1913 ergo
817 1839 928 1906 mirum,
948 1839 972 1895 si
990 1838 1085 1895 eadem
1100 1840 1197 1896 iterum
1224 1848 1374 1908 recantare,
1391 1840 1459 1896 male
1478 1838 1554 1896 audit
1567 1841 1640 1912 apud
1660 1857 1734 1898 sanae
1756 1841 1821 1899 fidei

169 1929 325 1987 amatores?

204 2017 284 2073 trit.
311 2018 352 2072 De
376 2016 538 2089 Eercngario
575 2015 743 2087 Pictariensi,
773 2016 821 2090 qui
846 2016 999 2090 apologiam
1027 2032 1076 2088 pro
1107 2015 1251 2073 lbaelardo
1282 2024 1448 2089 praeceptore
1484 2031 1535 2073 suo
1563 2024 1657 2074 contra
1685 2018 1821 2091 synodum

168 2106 352 2163 &nonensem
366 2114 394 2163 et
408 2107 572 2163 bernardum
582 2106 698 2174 scripsit,
716 2121 770 2163 non
787 2117 827 2161 est
847 2106 921 2177 quod
935 2106 1048 2162 multum
1068 2118 1212 2162 curemus:
1237 2112 1294 2162 tum
1308 2106 1372 2177 quia
1395 2111 1475 2162 tromo
1494 2106 1570 2163 llocci
1593 2106 1643 2163 luit
1657 2123 1688 2164 ac
1715 2108 1820 2164 nulline

168 2195 355 2266 auctoritatis;
371 2204 427 2251 tum
456 2196 518 2268 quia
536 2196 618 2264 idem,
647 2197 681 2252 ed
703 2197 837 2252 saniorem
853 2201 1120 2262 mentemrcrersus,
1136 2193 1221 2249 noluit
1238 2194 1352 2265 amplias
1371 2210 1431 2250 esse
1457 2203 1620 2267 «patronus
1642 2195 1819 2268 capitulorum

168 2284 334 2355 objectorum
358 2283 509 2349 abaelardo,
534 2285 596 2356 quia
621 2286 671 2340 etsi
693 2300 788 2340 sanum
816 2290 949 2353 saperent,
976 2298 1030 2338 non
1054 2292 1202 2339 stamen·
1225 2298 1289 2338 sane
1316 2288 1463 2338 sonabant:
1489 2305 1501 2336 ι
1533 2283 1632 2340 librum
1652 2301 1732 2341 suum
1753 2302 1821 2358 sup·

169 2389 322 2444 pressurus,
347 2374 370 2427 si
392 2373 533 2442 potuisset,
562 2381 591 2428 ut
611 2372 669 2443 ipse
691 2380 805 2428 testatur
823 2372 852 2429 iu
872 2370 987 2445 epistola
1006 2372 1039 2426 ad
1061 2371 1219 2444 episcopum
1242 2371 1438 2428 llimatensem.
1463 2372 1596 2429 Caeterum
1617 2375 1666 2428 etsi
1686 2373 1821 2430 Abaelardi

167 2476 259 2533 opera,
285 2461 314 2516 in
336 2448 433 2534 quibus
455 2469 542 2517 errata
566 2476 615 2517 sua
639 2468 814 2531 resperserat,
839 2461 920 2518 modo
941 2476 995 2516 non
1018 2459 1164 2517 habeamus
1185 2460 1285 2525 omnia,
1310 2462 1337 2513 iu
1358 2461 1390 2516 iis
1413 2469 1503 2517 tamen
1525 2477 1585 2534 quae
1608 2469 1709 2518 restant
1734 2464 1820 2520 multa

166 2557 230 2607 suist
248 2570 261 2603 a
281 2551 428 2618 salebrosa,
451 2571 463 2600 s
489 2556 519 2605 ut
540 2557 665 2605 notarunt
685 2549 804 2624 theologi
829 2549 1003 2615 Parisieuscs,
1025 2548 1071 2620 qui
1096 2567 1110 2601 ι
1130 2547 1244 2617 singulis
1267 2548 1504 2619 periculosioribus
1524 2550 1605 2606 dictis
1629 2546 1773 2607 anacletum
1804 2572 1817 2605 r

165 2639 195 2694 ia
209 2638 300 2694 limine
313 2643 493 2708 ejuscperum
516 2638 715 2695 adhibuerunt:
730 2654 766 2695 ex
787 2638 886 2710 quibus
904 2635 1053 2709 optandum
1071 2638 1180 2709 quidem
1199 2647 1281 2708 esset,
1307 2645 1335 2692 ιιι
1347 2637 1472 2711 praeiatio
1493 2638 1662 2714 apologetica
1676 2655 1819 2713 expunge-

166 2736 250 2784 retur.
266 2726 317 2784 Sed
331 2726 366 2782 de
379 2726 522 2783 Ahaelardc
538 2726 612 2782 satis.

201 2815 294 2872 Llllll.
314 2815 374 2870 Non
404 2815 534 2872 minorem
559 2814 698 2871 Bernardo
719 2814 847 2871 invidiam
870 2814 995 2872 conilrrit
1023 2814 1138 2871 Gilberti
1158 2814 1296 2871 Porretani
1317 2814 1435 2887 episcopi
1460 2815 1645 2886 Ficariensis,
1668 2817 1818 2889 damnatio,

165 2919 248 2975 quam
266 2902 415 2963 Abaelardi.
438 2903 500 2958 lsr
529 2904 643 2962 Pictoris
673 2903 817 2973 oriundus,
848 2923 861 2956 r
888 2903 926 2959 ait
948 2904 1011 2961 Otto
1036 2904 1227 2975 Frisingensis,
1251 2918 1283 2958 er
1311 2903 1445 2975 discipulo
1470 2905 1609 2977 magister,
1631 2920 1664 2961 ex
1686 2907 1818 2979 magistro

165 2993 275 3048 tandem
288 2991 411 3062 ejusdem
432 2991 548 3051 civitatis
561 2993 708 3063 episcopus
728 2992 823 3049 erasit.
839 2992 881 3047 Ah
903 2991 1086 3048 adolescentia
1107 3007 1267 3064 magnorum
1289 2992 1408 3049 virorum
1432 2991 1579 3064 disciplinae
1604 3009 1634 3049 ss
1656 2995 1818 3064 subjiciens,

165 3083 308 3154 magisque
322 3081 428 3139 illorum
444 3081 568 3155 ponderi,
583 3098 664 3152 quam
680 3097 730 3138 suo
743 3082 857 3139 credens
867 3081 988 3155 ingenio,
1005 3096 1058 3139 non
1078 3082 1165 3138 leuem
1183 3082 1217 3136 ab
1232 3080 1283 3146 eis,
1298 3081 1345 3137 sed
1356 3097 1467 3156 gravem
1482 3082 1633 3138 doctrinam
1647 3082 1785 3147 hauserat,
1802 3101 1815 3133 s

97 3212 104 3223 .
149 3185 228 3227 ¹cum
243 3170 364 3227 scientiae
378 3172 456 3227 laude
475 3187 580 3227 morum
599 3171 732 3242 gravitate
752 3171 906 3239 coniuncta.
933 3169 1053 3242 llagistri
1079 3169 1115 3224 illi
1141 3169 1282 3224 luerunt«
1308 3169 1394 3242 prium
1417 3171 1530 3228 iiilarius
1551 3171 1734 3239 Pictariensis,
1758 3180 1820 3241 post

165 3259 318 3316 herhardus
331 3258 515 3325 carnotensis,
531 3261 564 3315 ad
578 3258 702 3314 ultimum
717 3258 861 3315 duselmus
875 3269 903 3314 et
925 3256 1056 3314 liadullus
1079 3258 1280 3324 Lauduncnses,
1296 3259 1417 3331 germani
1438 3259 1541 3317 iratres.
1563 3278 1576 3311 r
1601 3259 1729 3314 Hilarium
1746 3260 1819 3315 hunc

165 3362 220 3403 non
234 3348 316 3404 alium
329 3364 389 3403 esse
402 3348 525 3404 existimo
540 3349 573 3402 ab
591 3347 637 3403 illo
652 3364 751 3420 magno
766 3347 866 3403 llilario
882 3347 1040 3403 Pictariensi
1055 3345 1194 3419 episcopo,
1211 3347 1291 3416 cujus
1309 3348 1469 3405 auctoritate
1491 3346 1631 3405 Gilbertus
1644 3348 1816 3418 abutebatur,

165 3444 233 3494 teste
251 3436 393 3494 Gaulrido.
416 3438 569 3495 Bernardus
592 3436 762 3494 Carnoteusis
784 3452 839 3492 non
859 3435 980 3507 aliunde,
1005 3452 1086 3508 quam
1107 3452 1140 3492 ex
1167 3434 1275 3492 Ottonis
1301 3437 1453 3493 testimonio
1474 3437 1540 3491 mibi
1564 3449 1660 3491 notus:
1685 3438 1818 3493 lladrllus

167 3525 351 3583 bardunensis
377 3543 410 3582 er
433 3526 561 3582 Guiherto
589 3534 617 3582 ct
646 3526 800 3583 Hermanno
829 3526 997 3581 Lauduueosi
1024 3524 1166 3591 monacho,
1183 3535 1211 3581 et
1233 3541 1266 3581 er
1289 3523 1420 3581 Gaulrido
1443 3524 1527 3581 sancti
1556 3525 1685 3579 Bernardi
1712 3525 1818 3582 notario

166 3615 332 3683 dederimus,
352 3615 392 3672 uti
405 3623 432 3671 et
443 3615 587 3671 liuselmus
611 3616 672 3684 ejus
686 3615 778 3679 irater,
802 3613 986 3671 laudunensis
1008 3614 1136 3670 Ecclesiae
1162 3613 1291 3670 decanta.
1312 3612 1526 3671 Commentarios
1549 3613 1575 3667 in
1599 3613 1717 3683 psalmos
1734 3624 1762 3669 et
1788 3613 1817 3671 iu

167 3702 241 3761 Pauli
263 3703 410 3774 Epistolas,
442 3711 524 3776 atque
545 3704 573 3759 in
596 3703 718 3760 Boetium
753 3702 816 3758 dum
847 3703 940 3760 condit
975 3703 1124 3773 Gilbertus,
1147 3702 1280 3759 nonnulla
1302 3716 1379 3758 secus
1400 3716 1479 3772 quam
1494 3702 1590 3758 licebat
1603 3700 1637 3756 de
1664 3700 1816 3769 divinitate,

167 3792 280 3864 aliisque
294 3791 436 3864 religionis
456 3792 590 3864 capitibus
614 3791 826 3864 philosophatur.
842 3811 855 3843 ι
874 3791 956 3847 Erant
968 3792 1039 3849 iuter
1061 3798 1169 3858 caetera,
1189 3805 1251 3864 quae
1271 3789 1309 3845 illi
1329 3789 1538 3861 objiciebantur,
1561 3789 1595 3847 de
1616 3788 1707 3845 divina
1726 3792 1816 3859 maje-

164 3888 243 3949 state,
259 3901 271 3933 ι
283 3882 322 3938 ait
334 3880 407 3948 Otto,
422 3900 436 3935 ι
450 3890 567 3952 quatuor
579 3879 705 3952 capitula,
723 3896 859 3951 asemper:
876 3898 888 3932 ι
900 3880 1023 3936 Divinam
1036 3882 1182 3936 essentiam
1189 3895 1244 3938 uou
1254 3896 1314 3936 esse
1326 3880 1431 3952 Deum;
1447 3879 1626 3950 proprietates
1640 3893 1819 3949 personarum

166 3984 222 4027 uon
239 3986 300 4027 esse
320 3971 394 4041 ipsas
418 3984 566 4042 personas,
591 3969 756 4044 theologicas
783 3984 914 4041 personas
935 3968 963 4022 in
988 3968 1062 4026 nulla
1083 3969 1223 4039 predicari
1245 3971 1450 4040 propositione;
1476 3967 1594 4023 diuinam
1618 3978 1738 4023 naturam
1762 3984 1817 4024 non

164 4073 226 4116 esse
240 4058 406 4116 incarnatam
420 4057 489 4130 (ta).
505 4079 518 4111 o
537 4059 601 4115 ilaec
620 4058 717 4115 clarius
739 4057 1011 4129 inconsequentibus
1026 4072 1202 4125 exponemus.
1221 4078 1235 4108 ι
1256 4055 1357 4112 itinera
1380 4075 1394 4107 n
1415 4055 1533 4126 capitula
1556 4055 1621 4111 item
1635 4056 1689 4110 alia
1709 4057 1817 4127 jactita-

165 4147 221 4214 bat,
238 4147 380 4203 ridelicetr
401 4168 414 4199 ιι
433 4147 541 4202 Nullum
566 4147 662 4203 mereri
677 4158 775 4218 praetcr
794 4146 949 4213 Christum,
975 4145 1076 4202 nudum
1097 4143 1227 4216 baptizari
1251 4143 1305 4199 uisi
1325 4143 1493 4210 salraudum,
1513 4165 1524 4193 ι
1551 4152 1578 4200 et
1598 4143 1652 4199 alia
1670 4145 1697 4201 id
1717 4160 1817 4218 genus,

167 4251 226 4308 quae
242 4235 389 4292 Gaulridua
404 4243 597 4290 commemorat
611 4236 668 4306 43).

201 4321 271 4380 Llll.
287 4325 356 4379 Cum
379 4322 485 4378 veroin
510 4321 645 4394 lrequcnti
668 4338 776 4379 suorum
801 4325 957 4382 clericorum
980 4329 1116 4381 conventu
1140 4337 1292 4408 sermongm
1319 4320 1457 4379 habuisset
1475 4322 1629 4394 opiscopus,
1651 4323 1817 4393 eosdemque

166 4423 274 4467 errores
305 4411 525 4481 disseminasset3
546 4410 600 4466 duo
619 4412 679 4480 ejus
701 4412 895 4481 archidiaconi,
919 4412 1053 4468 arnaldus
1074 4412 1190 4481 etCalo,
1206 4412 1311 4468 remed
1335 4410 1487 4484 Eugenium
1511 4413 1559 4478 lll,
1584 4422 1647 4468 tunc
1660 4412 1693 4466 ad
1716 4409 1818 4467 Gallias

165 4499 331 4564 reniemem,
346 4501 416 4571 apud
432 4499 517 4554 Senas
531 4499 558 4554 in
574 4500 670 4556 Tuscia
688 4501 824 4558 deterunt.
840 4501 963 4558 Pontifex
977 4517 1065 4558 causae
1077 4516 1191 4557 examen
1206 4502 1232 4556 in
1251 4492 1352 4557 Gallias
1374 4499 1492 4558 remittit.
1509 4499 1685 4557 Archidaconi
1709 4500 1817 4557 interim

165 4589 330 4646 beroardum
345 4588 372 4643 in
387 4596 477 4659 partes
489 4604 551 4644 suas
566 4592 732 4660 pertrahunt.
749 4591 869 4646 Examen
888 4589 989 4646 lactum
1000 4589 1178 4646 autissiodori
1192 4599 1219 4646 et
1232 4589 1353 4651 Parisiis,
1366 4588 1497 4661 judicium
1512 4590 1643 4660 prelatum
1658 4589 1685 4644 in
1702 4588 1816 4645 concilio

166 4676 292 4734 Remensi
306 4676 368 4732 anni
384 4679 463 4732 libb.
480 4676 551 4745 Quid
565 4677 592 4732 in
607 4677 720 4751 singulis
741 4678 919 4735 renuentibus
933 4686 1022 4735 actum
1037 4679 1080 4748 sit,
1104 4678 1196 4749 plaucis
1210 4677 1274 4734 Otto
1295 4685 1497 4744 commemorat,
1522 4677 1645 4751 pluribus
1672 4674 1819 4733 Gaulridua

166 4767 293 4824 licrnardi
308 4764 438 4837 notarius,
465 4764 511 4837 qui
533 4775 561 4822 ct
583 4767 743 4839 opusculum
762 4769 796 4824 de
819 4769 900 4825 rebus
923 4767 952 4823 in
973 4767 1087 4827 concilio
1111 4768 1237 4824 Eemensi
1252 4769 1302 4824 bac
1316 4769 1351 4825 de
1366 4784 1395 4825 re
1417 4767 1511 4839 gestis,
1525 4775 1552 4820 et
1570 4775 1632 4837 post
1645 4781 1731 4821 annos
1755 4765 1819 4822 inde

168 4856 345 4926 quadraginta
365 4854 506 4925 epistolam
536 4856 642 4927 scripsit
671 4856 704 4912 ad
729 4855 873 4914 ilenricum
887 4856 1051 4913 cardinalem
1074 4854 1233 4927 episcopum
1255 4859 1447 4914 albanensem.
1471 4854 1622 4924 Utramque
1640 4852 1819 4924 scriptionem

168 4942 213 4998 hic
227 4945 309 4999 habes
321 4943 348 4998 iu
364 4943 417 4999 line
438 4945 503 4999 tomi
518 4945 597 5001 sexti.

205 5031 262 5087 LX.
282 5032 322 5088 De
335 5040 470 5088 conventu
493 5032 732 5099 autissiodorensi,
762 5033 809 5106 qui
832 5034 866 5087 ab
890 5048 946 5090 ιιιιο
968 5043 1136 5091 memoratur
1160 5033 1269 5100 Ottone,
1295 5031 1361 5088 nihil
1389 5029 1529 5105 singulare
1545 5030 1746 5104 comperimus:
1770 5030 1816 5087 scd

170 5129 265 5176 contra
278 5137 428 5193 ooupauca
442 5121 476 5177 dc
495 5123 650 5178 Parisiensi.
673 5122 799 5179 Habitum
823 5122 906 5178 luisse
924 5142 936 5174 ι
957 5123 985 5178 in
1009 5121 1181 5180 solemnitate
1200 5123 1317 5194 paschali
1334 5144 1347 5170 ι
1370 5121 1451 5177 tradit
1473 5120 1629 5187 Gaulridua,
1652 5136 1685 5178 ac
1705 5119 1818 5192 proinde

169 5225 242 5266 ιιιιιιο
261 5213 328 5267 litt
341 5228 349 5265 ι
364 5210 581 5284 quandoquidem
591 5211 737 5269 condilum
752 5213 887 5269 Remensc
903 5231 916 5265 ιι
929 5211 1055 5269 mediana
1068 5212 1284 5286 Quadragcsima
1296 5232 1308 5262 ι
1319 5214 1384 5266 anni
1395 5213 1532 5283 sequentis
1542 5209 1593 5267 luit
1602 5211 1773 5276 celebratum,
1785 5224 1818 5266 ex

206 5337 253 5407 (lo
282 5335 356 5403 Otto,
373 5338 411 5392 Dc
426 5333 504 5391 Frid.
519 5351 539 5404 r,
561 5351 621 5408 cap.
643 5338 688 5392 li.
1065 5337 1124 5411 (6³)
1137 5337 1241 5395 Libello
1254 5337 1489 5412 ccctrcccpttctc
1505 5334 1718 5396 didensium
1729 5333 1820 5406 inhp-

218 5410 248 5462 dl
287 5409 579 5472 lucumonem.
1020 5409 1144 5480 perdice.

206 5337 265 5551 itt}
283 5477 497 5544 (inedicibili.
514 5477 561 5534 lib.
578 5493 598 5544 1,
614 5494 693 5552 capp.
710 5480 756 5549 lb,
772 5482 817 5538 50.
