3728 5940
104 185 155 246 tat

844 187 1020 248 subrubra.

1696 190 1748 250 ttt8

100 315 193 380 ambo,
217 329 269 370 nec
290 313 514 385 circumspectior
528 316 555 370 in
579 331 671 385 sensu,
700 317 746 372 illo
770 333 818 388 qut
842 317 879 371 ait
892 333 899 375 :
914 333 938 418 fl
952 315 1031 384 Quod
1051 316 1132 387 plane
1151 316 1306 372 credibilius
1329 332 1362 371 ex
1385 332 1418 372 ao
1441 316 1566 382 ridetur,
1592 323 1665 388 quta,
1686 334 1748 373 cum

103 423 116 455 a
141 402 238 458 llelius
259 410 301 459 est
327 410 358 458 ut
381 403 535 459 scandalum
565 404 778 478 nunnunquam
803 405 901 461 ueritas
953 405 1070 460 honores
1089 420 1142 460 non
1158 420 1266 476 pancos,
1282 404 1331 460 sed
1354 413 1468 475 quantos
1491 420 1540 459 nec
1563 419 1681 460 canones
1695 407 1749 461 nisi

100 491 283 563 relinquatur.
300 492 433 561 (soum.
449 494 538 563 llagn.
551 495 628 551 llom.
641 496 657 547 ι
672 496 704 550 ιι
714 495 803 552 Ειιιι
818 496 900 564 paulo

100 588 164 654 post
182 581 254 647 init,
268 589 296 636 et
310 581 338 636 S.
355 584 425 636 huo.
441 585 479 639 Dc
495 582 543 638 tit.
559 585 657 639 arbitr.
674 594 700 639 ιι
714 587 751 642 De
766 582 897 656 praedest.

100 668 292 741 muctarem.)
308 693 318 719 ι
336 670 498 741 Quanquam
509 671 601 727 nescio
614 672 679 744 quid
695 673 780 742 prosit
794 670 900 741 siquod

102 758 222 815 mundus
248 757 344 814 clamat
371 774 423 831 ego
447 770 568 830 tacuero,
595 762 769 834 omniumque
796 761 900 832 passini

97 848 214 904 naribus
231 847 332 917 injecto
351 847 438 904 latore
460 848 535 905 solus
557 850 699 907 dissimulo
720 861 832 922 pestem,
849 866 901 906 aec

101 936 188 992 audeo
207 951 302 993 nasttm
316 947 410 993 contra
426 939 572 1009 pessimum
587 949 712 1011 putorem
727 940 835 1012 propria
846 957 902 996 mu·

102 1039 162 1079 otte
176 1038 271 1078 mauu.

138 1115 186 1168 tt.
201 1109 286 1181 Cujus
303 1109 376 1165 enim
386 1126 434 1167 cor
447 1127 501 1168 non
516 1113 679 1186 indignatur,
691 1118 769 1187 cujus
780 1117 822 1171 rel
832 1118 901 1173 clam

101 1201 200 1273 lingua
214 1214 269 1256 aon
279 1202 491 1270 submurmurat,
507 1203 650 1261 diaconum
664 1214 757 1262 contra
769 1207 898 1280 Evange-

102 1291 174 1346 liunt
192 1291 252 1346 lteo
270 1301 298 1346 et
322 1305 484 1347 mammonae
504 1294 604 1363 pariter
627 1295 836 1362 ministrantem,
862 1297 901 1353 sic

100 1380 205 1454 qnippe
227 1380 401 1437 sublimatum
420 1382 569 1438 honoribus
590 1383 776 1440 ecclesiasticis
798 1393 826 1440 ut
852 1401 903 1442 nec

102 1468 243 1540 episcopis
258 1468 368 1525 interior
383 1470 514 1538 rideatur,
532 1472 572 1527 sic
595 1474 759 1546 implicatum
776 1474 901 1529 militari-

102 1559 154 1614 bus
167 1555 268 1614 ciliciis
282 1567 311 1613 ot
325 1557 484 1629 praeleratur
502 1568 530 1615 et
546 1562 678 1617 ducibus?
687 1562 764 1635 Rogo
775 1564 840 1635 quid
851 1566 902 1621 boc

102 1657 144 1702 est
158 1647 287 1717 monstri,
302 1654 342 1712 ιι,
353 1663 417 1704 cum
426 1656 453 1703 et
464 1649 578 1705 clericus
592 1661 619 1705 ιι
633 1652 710 1708 miles
726 1653 806 1707 simul
816 1651 903 1708 videri

101 1735 175 1804 velit,
192 1743 317 1791 neutrum
333 1736 368 1791 sit
382 1736 481 1809 (bulbi
496 1737 547 1792 Par
562 1740 626 1794 satis
640 1741 785 1808 utrobique
808 1741 902 1797 abusio

101 1823 160 1878 siae
179 1825 253 1894 quod
267 1824 396 1880 diaconus
411 1842 510 1882 ruensae
525 1829 606 1902 regiae
625 1830 767 1901 deputetur
779 1830 902 1886 ministe-

103 1911 155 1976 rio,
170 1911 229 1967 sire
244 1912 318 1984 quod
333 1913 416 1985 Regis
436 1913 541 1985 dapifer
556 1919 690 1988 mysteriis
712 1919 802 1973 altaris
817 1919 903 1973 inaer-

102 1998 172 2055 tiat
189 1997 259 2066 Quis
273 2016 338 2058 sane
352 1999 409 2057 Θῆ
423 2018 478 2059 non
493 2005 615 2073 miretur,
633 2007 686 2062 imo
701 2014 728 2062 ct
742 2008 902 2077 detestetur,

102 2089 188 2144 unius
199 2104 261 2144 esse
274 2105 400 2160 personae
413 2098 439 2146 et
454 2103 584 2149 armatum
600 2106 729 2152 armatam
745 2098 845 2153 ducere
855 2097 904 2150 mi·

103 2177 203 2243 littam,
219 2188 257 2245 et,
272 2178 332 2234 alba
345 2179 468 2251 stolaque
483 2181 616 2249 indutum,
632 2183 659 2238 in
675 2185 764 2241 medio
783 2185 902 2241 ecclesiae

102 2270 279 2341 pronuntiare
292 2271 490 2344 Euangeliou,
507 2275 571 2329 tuba
586 2273 705 2331 indicere
720 2278 818 2332 belnum
832 2277 902 2331 miti·

104 2358 188 2425 tibus,
202 2357 316 2427 etjussa
330 2361 451 2431 episcopi
472 2361 579 2433 populis
598 2363 748 2420 intimare?
764 2365 822 2421 Nisi
833 2365 903 2420 lorte

102 2446 188 2519 (qnod
203 2447 396 2503 intolerabilius
417 2451 469 2522 est)
492 2454 627 2510 erubescit
651 2455 841 2527 Evattgelium,
869 2458 903 2513 de

103 2552 160 2607 qno
176 2537 232 2592 Vas
245 2537 384 2593 electionis
400 2539 546 2596 admodum
562 2543 693 2613 gloriatur
705 2546 793 2615 (bom.
811 2562 831 2610 ι,
849 2549 901 2618 ιθ;

105 2627 132 2682 ll
148 2627 217 2683 hm.
235 2641 255 2693 t,
271 2631 298 2694 8,
322 2628 400 2698 etc.);
417 2637 444 2684 ct
467 2630 641 2687 contunditur
664 2632 751 2688 rideri
775 2633 902 2704 clericus,

104 2715 248 2789 maqhqua
279 2716 439 2772 honorabile
475 2719 549 2775 ducit
592 2721 679 2790 putari
713 2721 736 2776 si
770 2723 902 2791 militem;

104 2804 212 2862 cumam
242 2805 371 2861 Ecclesiae
405 2807 523 2878 praelert.
556 2810 640 2880 Regis
671 2826 790 2867 mensam
827 2813 903 2870 altari

105 2893 221 2960 Christi,
254 2902 282 2950 ιι
308 2894 384 2951 ιιιιιι
409 2897 517 2953 bomini
550 2900 661 2956 calicem
695 2901 902 2958 daemoniorum.

953 493 1029 548 inriti
1038 493 1281 564 patiuntur,teneat
1291 494 1318 549 in
1331 493 1547 562 Ecclesia,nnius
1561 502 1746 568 tamen,quem

953 594 981 639 et
1005 584 1031 637 in
1055 582 1155 654 palatio
1171 592 1311 639 assecutus
1334 593 1382 652 ιιι,
1402 584 1499 655 uirgis,
1525 591 1554 638 ut
1571 583 1657 649 aiunt,
1684 585 1747 655 glo-

953 670 1035 725 riatur
1051 686 1085 726 ex
1101 687 1219 737 nornine,
1238 688 1321 743 quam
1345 679 1502 726 cuberacum
1516 670 1635 742 quolibet
1650 674 1747 744 appel-

952 758 1011 815 lari.
1034 760 1155 831 Cumque
1170 762 1204 816 sit
1218 760 1435 825 archidiaconus,
1459 760 1588 829 decanus,
1608 761 1745 832 praeposi-

954 857 1050 920 tusque
1069 849 1097 903 in
1112 850 1226 906 diversis
1240 848 1370 906 Ecclesiis
1385 847 1451 902 nihil
1466 849 1562 903 horum
1576 856 1666 904 tamma
1692 856 1748 903 tam

952 954 1014 994 cnm
1028 955 1107 1010 quam
1122 939 1206 1010 Regis
1218 939 1332 995 delectat
1342 937 1453 994 vocitari
1468 937 1627 1008 dapilerum.
1639 936 1662 993 0
1676 953 1748 995 nova

953 1035 979 1082 et
993 1041 1075 1084 exosa
1088 1027 1252 1095 perversitas
1264 1026 1270 1080 l
1287 1026 1358 1082 itane
1373 1027 1435 1096 plus
1448 1025 1527 1082 decet
1540 1025 1744 1097 bomiuisqoam

952 1117 1001 1171 Dei
1016 1116 1146 1173 lamulum
1171 1117 1327 1173 nominarii
1345 1131 1378 1171 ac
1401 1114 1509 1182 terreni,
1525 1129 1605 1186 quam
1629 1115 1747 1171 caelestia

953 1205 1036 1276 Regis
1049 1205 1102 1262 dici
1119 1205 1273 1271 officialem,
1285 1205 1389 1260 altioris
1403 1203 1509 1260 ducitur
1520 1203 1659 1274 dignitatis
1673 1203 1750 1272 lQui

953 1295 1027 1350 clero
1049 1294 1181 1361 militiam,
1203 1293 1292 1349 lorum
1315 1292 1453 1361 anteponit
1478 1293 1626 1363 Ecclesiae3
1651 1292 1750 1348 divinis

954 1383 1076 1454 prolecto
1090 1384 1215 1448 humana,
1231 1382 1384 1440 caelestibus
1399 1382 1526 1454 praeferre
1552 1392 1659 1439 terrena
1681 1397 1747 1438 con·

954 1473 1081 1529 vincitur.
1096 1475 1169 1545 Ergo
1183 1472 1321 1545 pulchrius
1330 1480 1371 1526 est
1385 1471 1475 1528 vocari
1490 1470 1653 1541 dapiferum,
1669 1488 1750 1544 quam

956 1561 1096 1630 decanum,
1112 1577 1191 1633 quam
1212 1562 1454 1617 archidiaconum?
1470 1561 1516 1614 Est
1540 1559 1676 1631 equidem,
1703 1560 1751 1616 sed

957 1652 1035 1715 laico,
1051 1668 1105 1707 non
1123 1651 1241 1721 clerico,
1258 1650 1347 1714 militi,
1362 1665 1415 1704 non
1430 1649 1559 1703 diacono.

991 1742 1036 1796 lb.
1053 1742 1128 1804 hlira,
1145 1739 1193 1795 sed
1208 1754 1280 1794 cteca
1293 1737 1412 1801 ambitio,
1424 1737 1507 1798 mauis
1517 1734 1578 1791 imis
1587 1751 1666 1805 quam
1677 1751 1752 1792 sum·

956 1830 1008 1885 mis
1022 1829 1167 1898 delectari,
1184 1837 1211 1884 ιι
1225 1827 1267 1883 ιιι
1282 1827 1360 1882 lunas
1373 1826 1529 1882 ceciderunt
1551 1823 1579 1879 in
1601 1825 1747 1894 praeelaris,

956 1917 1101 1974 insatiabili
1114 1917 1249 1972 desiderio
1263 1914 1409 1985 amplexari
1424 1925 1552 1981 stercora,
1569 1922 1595 1968 et
1609 1914 1751 1984 pronihilo

957 2008 1056 2064 hahere
1090 2016 1187 2063 terram
1220 2003 1440 2059 desiderabilem!
1465 2002 1613 2058 contundit
1643 2003 1752 2073 penitus

956 2098 1077 2166 ordines,
1092 2104 1117 2150 et
1140 2104 1253 2166 utroque
1275 2092 1366 2149 olbcio
1391 2093 1503 2147 delicate
1527 2093 1591 2148 satis
1613 2092 1751 2157 abutitur,

957 2188 1019 2242 dum
1035 2195 1062 2243 ιι
1076 2185 1138 2241 hinc
1151 2201 1212 2241 eum
1228 2183 1345 2239 delectat
1361 2196 1470 2252 pompa,
1489 2197 1543 2237 non
1558 2181 1653 2237 militia
1666 2197 1751 2236 saecu·

956 2277 1031 2340 laris,
1048 2287 1074 2331 et
1089 2275 1162 2330 illinc
1178 2284 1307 2345 quaestus,
1322 2285 1375 2325 non
1385 2271 1473 2326 cultus
1487 2270 1637 2339 religionis.
1653 2270 1682 2325 ln
1697 2285 1752 2341 quo

957 2370 1020 2441 quis
1033 2367 1109 2423 laeile
1124 2381 1177 2421 uon
1192 2364 1313 2419 advertat
1327 2370 1457 2433 quantum
1473 2361 1507 2414 sit
1530 2360 1682 2427 dedecoris,
1698 2376 1752 2416 non

956 2461 1046 2514 minus
1059 2457 1152 2527 utique
1166 2468 1249 2524 regno
1263 2467 1342 2523 quam
1358 2449 1531 2503 sacerdotio?
1547 2449 1581 2504 Ut
1604 2448 1675 2502 euim
1694 2448 1753 2503 ele-

959 2546 1047 2604 ricalia
1060 2550 1167 2602 constat
1185 2557 1239 2597 nnn
1262 2553 1322 2595 esse
1337 2537 1474 2609 dignitatis
1497 2552 1590 2608 regum
1609 2536 1752 2605 stipendiis

958 2636 1083 2701 mi'itare,
1111 2634 1151 2690 sic
1177 2648 1230 2687 uec
1256 2630 1338 2704 regiae
1366 2627 1525 2697 majestatis,
1559 2642 1617 2683 rem
1641 2626 1750 2681 lothum

957 2725 1145 2782 administrare
1164 2738 1213 2792 per
1226 2719 1338 2776 clericos
1358 2718 1455 2788 (220¹).
1480 2715 1602 2788 Denique
1625 2718 1753 2788 quisnam

958 2833 1052 2890 ragam
1081 2829 1140 2869 ιιιι
1176 2826 1293 2883 unquam
1331 2808 1433 2863 militiae
1466 2805 1593 2861 elericnm
1631 2805 1752 2876 praeierit

958 2905 1104 2969 imbellem,
1120 2911 1146 2958 ct
1172 2915 1225 2957 non
1250 2898 1335 2971 magis
1358 2895 1511 2969 quempiam
1533 2893 1705 2950 lortissimttm
1722 2910 1754 2950 ex

141 3010 219 3079 (ιιι)
235 3009 372 3066 Diaconos
386 3011 430 3067 ille
452 3012 501 3068 luit
525 3013 677 3084 Stephanus
701 3017 735 3071 de
757 3016 901 3090 Garianda,
921 2983 942 3058 c
959 3018 1030 3073 illius
1043 3013 1246 3072 contubernalis
1260 3012 1358 3080 sutrin
1368 3012 1523 3080 episcopum
1539 3018 1753 3077 assumpserunt.

105 3080 295 3137 seneschallus
318 3083 374 3137 sira
395 3083 499 3155 dapiler
527 3086 600 3159 regis
629 3088 794 3156 Galliarum,
824 3106 904 3160 quem

960 3089 1104 3145 Praedictus
1127 3094 1215 3142 autem
1240 3084 1374 3145 intrusus,
1405 3082 1556 3153 Stephanus
1581 3091 1691 3135 vocatur
1720 3082 1754 3135 da

106 3152 153 3207 alii
172 3153 244 3207 male
258 3152 425 3208 contundunt
440 3172 499 3211 cum
514 3157 652 3227 Stephano
665 3160 833 3225 cancellario,
858 3163 904 3231 qui
954 3160 1124 3226 Guarlandt,
1140 3157 1184 3214 ιιι
1206 3157 1227 3210 si
1253 3155 1287 3210 ad
1309 3153 1492 3223 episcopalem
1514 3151 1750 3219 ministrationem,

124 3233 201 3279 ostea
215 3222 302 3279 lactus
317 3235 358 3279 est
371 3225 516 3298 episcopus
531 3228 700 3301 Parisiensis,
713 3240 743 3286 ut
754 3241 827 3287 recte
844 3250 905 3301 pro·

106 3241 154 3349 Eat
168 3295 327 3350 Ducheuius
342 3295 370 3349 in
384 3298 455 3352 uotis
470 3297 504 3352 ad
515 3299 698 3356 abaelardum.
711 3303 749 3357 Da
761 3318 815 3375 quo
826 3303 905 3359 Taul-

107 3368 151 3420 lus
167 3365 195 3420 in
208 3365 359 3422 Annalibus
373 3369 574 3425 hloriniacensis
597 3373 723 3440 coenobii,
748 3373 785 3428 ita
803 3375 904 3445 scribit,

107 3438 179 3492 libro
196 3452 216 3491 ιι
233 3455 240 3492 :
259 3458 271 3487 a
287 3439 420 3495 Delnncto
435 3441 586 3510 vuillelmo,
603 3445 707 3500 llnaelli
721 3445 907 3518 dunileriger·

108 3522 200 3573 mano,
215 3509 369 3579 Stephanus
381 3511 464 3568 irater
471 3515 613 3570 amborum
623 3517 709 3584 Major
715 3517 800 3587 regite
809 3518 907 3574 domus

109 3579 225 3634 allectus
247 3588 298 3636 est.
324 3582 380 3637 lloc
407 3585 548 3639 retroactis
580 3589 800 3659 generationibus
823 3592 908 3647 luerat

110 3651 272 3720 inauditum,
287 3658 317 3706 ut
330 3654 412 3709 homo
427 3657 474 3726 qui
489 3654 651 3714 diaconatus
665 3657 827 3731 fungebatur
847 3660 908 3715 olli·

107 3722 162 3778 cio.
179 3722 281 3778 militiae
294 3725 373 3780 simul
388 3734 452 3797 post
467 3742 560 3799 regem
584 3730 697 3786 duceret
713 3731 905 3801 principatum.

107 3792 158 3850 liic
180 3792 223 3850 vir
244 3794 404 3865 industrios,
420 3806 448 3854 ιι
470 3800 591 3854 ιιιιιιιιι
615 3801 745 3871 praeditus
769 3801 906 3871 sapientia,

106 3881 170 3921 cum
187 3866 276 3921 multis
290 3868 536 3925 ecclesiasticorum
553 3871 685 3927 bonorum
701 3872 842 3939 reditibus,
850 3882 906 3929 tum

106 3935 291 3993 familiaritate
314 3939 397 4010 regis,
436 3957 497 3996 nam
523 3942 563 3998 sic
583 3943 698 3999 habebat
719 3951 747 3998 ut
771 3946 795 4000 ei
817 3945 907 4015 potius

106 4010 245 4063 diceretur
272 4024 287 4063 a
316 3957 479 4080 quibusdam
512 4013 647 4083 imperare
674 4030 754 4087 quam
783 4015 907 4082 servire,

106 4078 252 4152 temporali
278 4080 401 4137 felicitate
424 4099 506 4155 snpra
530 4096 641 4140 caeteros
660 4085 786 4142 mortales
809 4087 908 4143 nostris

107 4151 279 4232 temporibus
301 4151 450 4211 elllorebat.
481 4155 589 4211 Tradita
612 4173 676 4213 roro
700 4166 780 4229 nepte
804 4173 854 4213 sua
881 4161 907 4214 in

106 4223 271 4294 contagium
284 4224 417 4281 Almarico
432 4226 466 4281 de
480 4227 670 4294 Monte-Furti,
681 4245 743 4285 cum
759 4231 861 4286 honore
875 4231 908 4285 de

106 4294 290 4364 Rupe-Ferri,
313 4297 358 4367 qni
381 4297 476 4367 puellm
499 4299 533 4353 de
557 4299 729 4356 matrimonio
752 4302 906 4370 obvenerat,

105 4363 273 4420 tumefactus
287 4366 441 4438 oblitusque
452 4369 505 4435 sni,
516 4369 629 4425 Adelam
644 4372 766 4442 reginam
778 4372 907 4444 trequen-

105 4436 224 4491 tissimis
239 4439 370 4493 molestiis
390 4440 442 4495 sibi
467 4440 585 4496 reddidit
608 4442 754 4512 inlectam;
785 4443 909 4514 odiisque

105 4509 306 4574 crescentibus,
321 4526 348 4564 re
369 4526 384 4564 ι
399 4511 516 4578 turbato,
534 4515 675 4584 depositus
690 4515 724 4569 ab
734 4516 909 4587 honorepul·

105 4589 216 4636 satura
241 4579 323 4635 curia.
349 4529 408 4652 fpse
431 4599 506 4653 vero,
527 4585 608 4640 veluti
632 4588 745 4666 quadam
770 4596 910 4658 correptus

106 4649 226 4714 insania,
251 4667 363 4731 regnum
387 4656 498 4709 turbare
518 4656 580 4710 totis
603 4656 705 4712 viribus
730 4657 869 4726 eninitur;
884 4666 911 4713 ιι

106 4722 159 4777 tiri
174 4723 201 4775 in
218 4737 301 4776 armis
316 4725 430 4790 strenui,
446 4726 575 4782 Almarici
598 4727 669 4797 dico,
685 4729 771 4784 ltetua
794 4730 909 4799 auxiliis,

106 4793 223 4866 patriam
240 4795 309 4850 banc
324 4793 401 4850 bellis
415 4798 547 4863 accendit,
565 4820 576 4849 ι
594 4808 644 4857 otc.
667 4802 752 4866 idem,
766 4801 818 4858 nisi
833 4802 911 4856 lallor

106 4865 267 4988 Stephanus
296 4866 369 4937 (nam
400 4875 427 4923 ιι
455 4871 489 4925 de
512 4869 666 4927 Guarlanda
693 4875 910 4943 cognominatur)

107 4952 180 4992 mac
196 4936 273 4991 audit
296 4938 368 5007 apud
392 4940 500 4995 leonem
526 4942 685 5014 episcopum
705 4946 910 5009 carnotensem,

107 5007 227 5078 epistola
242 5011 286 5073 at,
303 5009 349 5064 ubi
365 5010 438 5080 apud
456 5012 606 5070 cardinales
630 5014 718 5089 arguit
736 5016 912 5073 belvacenses

105 5096 173 5135 eum
188 5078 242 5133 sibi
260 5079 286 5132 in
312 5080 472 5153 episcopum
488 5096 668 5142 assumentes.
691 5106 704 5136 ι
720 5087 824 5158 Nempe
837 5090 912 5157 quod

107 5149 262 5224 postposita
278 5153 353 5207 omni
365 5155 496 5209 canonica
510 5157 665 5213 obedientia
678 5157 805 5213 clericum
819 5175 913 5231 quem·

106 5226 171 5278 dam
204 5222 362 5291 litteratum,
387 5227 543 5297 aleatorem,
571 5238 598 5286 et
625 5230 730 5285 caeteris
756 5231 912 5298 hujusmodi

107 5293 257 5350 lenociniis
272 5306 424 5364 vacantem,
436 5299 531 5370 procul
544 5300 625 5356 etiam
640 5317 655 5356 a
669 5300 753 5357 sacris
769 5301 913 5358 ordinibus

105 5367 264 5434 inventum,
274 5367 410 5437 quondam
421 5385 529 5441 quoque
539 5379 652 5443 propter
661 5373 800 5444 publicum
809 5373 913 5430 adulte·

108 5437 182 5492 rium
199 5452 215 5491 a
230 5437 322 5509 legato
332 5438 461 5500 Romanae
476 5442 617 5508 Ειιιιιιιι,
629 5443 805 5515 Lugduneusi
824 5445 914 5500 arabi·

105 5509 252 5581 epiacopo,
266 5508 300 5566 de
313 5510 434 5569 Ecclesia
445 5515 573 5586 ejectum,
590 5529 640 5588 pro
654 5515 874 5591 voluntateregis
887 5527 914 5572 et

959 3233 1103 3304 aliquando
1117 3227 1264 3301 apostoliea
1278 3225 1436 3281 anctoritate
1451 3222 1680 3303 patueritaditus,
1694 3240 1753 3278 ma-

960 3305 1086 3360 nifestum
1100 3311 1141 3357 est
1155 3300 1319 3372 temporibus
1329 3297 1429 3352 uostris
1442 3292 1548 3349 exitiale
1559 3294 1694 3377 silentium
1704 3296 1755 3350 im-

961 3381 1077 3448 positum
1093 3389 1152 3428 esse
1167 3369 1301 3428 canonicis
1321 3368 1436 3441 legibus.
1460 3365 1603 3435 Quomodo
1628 3382 1698 3421 euim
1722 3367 1755 3422 ad

960 3451 1061 3503 iontem
1076 3443 1194 3501 scientiae
1208 3442 1402 3512 pertingemus,
1419 3438 1442 3493 si
1456 3441 1490 3493 ab
1504 3437 1580 3508 ipsis,
1596 3438 1642 3519 qni
1653 3438 1755 3494 clavem

962 3527 1063 3587 tenent,
1078 3518 1177 3572 intrare
1201 3529 1256 3570 non
1281 3513 1493 3584 permitttimuri
1509 3530 1521 3561 ι
1538 3511 1577 3564 lta
1599 3525 1654 3567 tvo.
1679 3510 1757 3566 Hunc

961 3591 1042 3647 etiam
1058 3590 1102 3646 Ste
1123 3590 1222 3643 banum
1236 3587 1294 3641 Deo
1309 3584 1428 3640 lucratus
1442 3590 1482 3636 est
1494 3581 1658 3637 Bernartius.

998 3662 1082 3732 (ιιι)
1098 3606 1148 3714 illic
1162 3657 1315 3714 Bernartlus
1331 3655 1428 3725 pariter
1441 3661 1468 3708 et
1481 3652 1608 3733 clericum
1620 3651 1676 3736 regi
1685 3650 1757 3708 mili-

962 3741 1062 3789 tantem
1077 3729 1257 3803 reprehendit,
1273 3737 1300 3781 et
1314 3742 1406 3797 regem
1430 3724 1526 3780 clerico
1548 3725 1672 3779 militana
1693 3739 1757 3778 mu-

962 3804 1006 3858 nia
1021 3803 1227 3858 demandantem
1251 3797 1419 3868 perstringit.
1440 3797 1474 3850 Et
1491 3811 1556 3851 vero
1580 3804 1692 3868 uterquc
1713 3812 1758 3850 re-

962 3872 1167 3944 prehensibilis:
1185 3870 1241 3934 ille,
1258 3867 1330 3936 quod
1344 3868 1503 3937 dignitatem
1528 3866 1570 3922 sui
1596 3874 1680 3922 status
1704 3882 1758 3922 non

963 3951 1142 4028 agnosceret,
1163 3941 1217 4003 hic,
1242 3938 1315 4008 quod
1340 3940 1407 3991 anlae
1428 3936 1584 4006 militiaequa
1608 3935 1759 3993 lunationes

964 4034 1021 4072 stne
1047 4027 1224 4088 personarum
1246 4009 1352 4063 delectu
1376 4023 1408 4062 ac
1435 4005 1591 4061 discrimine
1614 4007 1758 4076 conferret,

963 4089 1076 4144 clericos
1089 4085 1221 4140 abhibens
1235 4079 1281 4137 ubi
1305 4077 1388 4134 laicos
1409 4079 1559 4148 oportebat.
1575 4075 1698 4132 Occurrit
1717 4077 1758 4158 ιι-

963 4160 1026 4215 mile
1040 4157 1105 4230 quid
1120 4157 1148 4210 in
1172 4154 1224 4209 alio
1246 4166 1354 4224 quoqne
1371 4149 1519 4206 Galliarum
1534 4162 1599 4220 rege
1623 4147 1759 4229 Ludorrco

964 4233 1013 4290 Xl.
1025 4233 1093 4287 Nam
1104 4244 1165 4284 cum
1176 4228 1209 4282 ab
1219 4239 1252 4281 co
1260 4221 1406 4280 cardinalis
1414 4220 1651 4291 Ralua,episcopua
1662 4219 1760 4275 Ebroi-

964 4304 1063 4373 censis,
1083 4299 1215 4357 Lutetiam
1229 4294 1389 4351 Parisiorum
1404 4292 1504 4348 missus
1523 4293 1556 4346 ad
1581 4292 1762 4348 recensendos

967 4377 1071 4440 milites,
1099 4378 1171 4428 resto
1195 4369 1266 4424 linea
1291 4375 1412 4432 ornatus,
1435 4365 1508 4419 mula
1532 4371 1636 4429 vectus,
1661 4379 1760 4445 munus

964 4447 1030 4501 illud
1047 4443 1188 4517 indignum
1203 4436 1328 4513 pontifice
1342 4446 1485 4493 exsecutus
1498 4442 1581 4500 esset,
1597 4434 1623 4488 id
1638 4443 1761 4516 equitum

965 4517 1095 4591 magister
1113 4511 1265 4571 Chabanius
1287 4509 1429 4580 aegerrime
1453 4506 1522 4573 tulit,
1538 4514 1565 4561 ιι
1588 4521 1680 4586 regem
1693 4507 1759 4573 adit,

965 4602 992 4646 et
1007 4587 1173 4660 provinciam
1184 4580 1309 4641 visitandi
1323 4580 1487 4634 Ebroicensa
1501 4592 1690 4658 eanontcorum
1705 4577 1761 4658 ⁰9¹?

966 4662 1075 4731 legium,
1091 4674 1139 4713 seu
1155 4658 1189 4711 de
1204 4652 1341 4709 initiandis
1355 4650 1509 4707 ibiclericis
1524 4658 1684 4730 scrutinium
1705 4648 1759 4728 stbr

964 4729 1123 4787 demandari
1145 4727 1229 4800 cupit.
1255 4746 1267 4777 ι
1291 4725 1399 4780 blirum.
1430 4743 1443 4773 a
1467 4722 1552 4791 inquit
1571 4736 1642 4800 ιιι,
1659 4734 1710 4790 qua
1732 4719 1760 4773 td

966 4803 1053 4860 ltoute
1067 4811 1158 4874 petere
1172 4801 1281 4855 audeas.
1298 4795 1341 4850 An
1356 4793 1445 4850 nescis
1457 4793 1523 4847 illud
1539 4807 1685 4846 munerrsa
1701 4806 1761 4857 per·

965 4893 1031 4930 sona
1046 4885 1073 4930 et
1086 4872 1239 4928 conditione
1254 4877 1299 4923 tua
1314 4867 1394 4922 nimis
1415 4865 1531 4919 alienum
1552 4863 1635 4944 esset
1661 4881 1674 4912 ι
1690 4861 1760 4947 Tum

964 4946 1122 5002 Cltahanins
1139 4962 1145 4997 :
1165 4965 1176 4994 ι
1193 4943 1246 4998 Cur
1259 4939 1357 5000 minus.
1377 4936 1523 5016 »inquiat
1540 4934 1606 4989 mibi
1621 4940 1762 5017 conveniat

965 5019 1079 5074 clericos
1089 5017 1115 5070 in
1126 5016 1249 5071 ordinem
1259 5026 1365 5082 cogere,
1380 5025 1459 5080 quam
1471 5020 1599 5078 eptscopo
1609 5014 1706 5089 mortes
1721 5021 1762 5060 re·

966 5090 1100 5146 censeret
1117 5108 1128 5138 a
1146 5088 1213 5157 Quae
1228 5085 1309 5140 rerba
1323 5083 1381 5152 regi
1398 5090 1545 5150 stuporem,
1561 5081 1761 5160 raelemsrtaum

966 5169 1119 5217 moverunt.
1136 5157 1309 5229 Grraguinus,
1330 5154 1455 5209 Historiae
1480 5151 1549 5206 libro
1569 5166 1605 5232 ις
1634 5150 1763 5232 Claudius

966 5235 1138 5302 Espenctsns,
1151 5230 1191 5287 vir
1205 5227 1355 5284 eruditione
1369 5242 1401 5282 ac
1415 5224 1554 5280 sanctitate
1570 5238 1596 5276 ιι
1615 5221 1702 5303 Galba
1715 5237 1762 5278 ce·

966 5304 1057 5368 lebria,
1074 5303 1122 5357 lib.
1134 5318 1165 5372 n,
1180 5317 1240 5370 cap.
1256 5301 1272 5352 6
1293 5299 1417 5370 Digress.
1437 5297 1465 5351 in
1479 5293 1602 5375 Epistola
1625 5310 1711 5350 numa
1729 5293 1761 5349 ad

965 5376 1154 5443 Timotheum3
1170 5368 1310 5441 bosqnier,
1325 5371 1354 5426 in
1366 5369 1507 5426 Plutarcho
1521 5369 1631 5433 chrisa:
1643 5366 1763 5424 beroae·

966 5455 1021 5514 tus,
1036 5446 1064 5501 in
1082 5443 1219 5513 llpotbeg.
1235 5439 1308 5497 Gall.
