3728 5940
179 187 233 248 943
645 189 672 247 S.
694 130 860 250 estunam
878 180 1015 246 uetitis
1046 179 1359 244 cutim-timentis
1780 182 1832 241 till

491 311 607 370 CAPUT
631 313 664 368 ll.
989 310 1064 422 ”ab
1079 309 1191 367 introitu
1204 307 1301 384 glorie
1314 305 1462 383 gloriosius
1480 303 1665 362 delectamur:
1683 305 1753 363 solis
1774 324 1834 366 me·

221 407 276 473 Quo
289 405 391 473 [ructo
409 403 604 460 ascendantur
627 402 728 476 prodes
753 403 939 461 busnilitolis.
1029 399 1089 468 diis,
1105 398 1133 454 id
1146 405 1187 454 est
1200 396 1417 468 proficientibus,
1437 394 1473 449 ila
1491 393 1547 463 jam
1566 392 1682 450 melleas
1696 395 1834 467 quasdam

218 498 244 547 3.
259 492 334 548 Hanc
348 491 439 563 itaque
453 492 551 567 legem,
571 509 628 564 qua
641 493 745 551 reditur
766 494 801 549 ad
826 492 976 562 veritatem,
1028 486 1238 544 sorbitiunculas
1252 484 1390 542 charitatis
1402 481 1529 553 expertis,
1543 489 1572 538 ut
1592 482 1645 539 illis
1654 482 1768 540 interim
1784 501 1833 559 pro

181 580 275 635 beatus
288 579 450 635 Benedictus
466 596 513 651 per
526 580 670 637 duodecim
684 580 787 654 gradus
798 578 919 651 disponit
930 597 937 634 τ
948 585 976 635 ut
1028 575 1073 632 sni
1087 574 1268 632 teneritudine
1281 573 1403 630 contenti
1417 571 1481 629 sint.

78 683 82 703 ·
181 668 249 723 sicut
264 667 416 737 perdecem
431 669 698 743 praeceptalegisad
713 669 976 741 gemluamcircum-
1065 667 1092 720 5.
1107 664 1212 720 Primus
1225 679 1292 738 ergo
1306 661 1383 718 cibus
1397 670 1437 717 est
1462 659 1629 727 humilitatis,
1652 663 1836 734 purgatorius

181 754 313 812 cisionem
335 754 372 825 (in
388 770 444 829 quo
457 757 644 816 duodenarius
659 773 791 815 numerus
803 759 979 829 adimpletur)
1029 768 1091 809 cum
1106 751 1294 809 amaritudine
1309 769 1317 805 :
1343 749 1481 807 secundus
1500 748 1649 829 charitatis,
1674 752 1833 811 consolato·

183 843 216 897 ad
232 842 369 901 Christum
391 838 520 919 venitu'r3
549 846 586 903 ita
611 847 653 902 bis
680 847 822 905 duodecim
848 845 979 921 gradibus
1029 841 1084 897 rius
1097 856 1160 899 cum
1174 836 1450 898 dulcediuet'tertius
1463 836 1713 909 contemplationis,
1726 841 1832 898 solidus

182 933 313 1000 escensis,
330 933 430 991 veritas
450 935 675 1009 apprehendatur.
690 935 758 993 Illud
780 952 889 1010 quoque
907 936 979 1007 quod
1029 944 1092 986 eum
1108 927 1275 986 fortitudine.
1291 927 1348 985 lieu
1363 925 1439 998 mihi,
1456 927 1569 983 Domine
1589 927 1663 984 Deus
1678 928 1830 988 virtutuml

183 1023 210 1077 in
226 1021 298 1078 scala
311 1021 371 1093 illa,
385 1039 446 1095 quae
469 1024 498 1079 in
523 1032 586 1096 typo
605 1026 762 1082 humilitatis
778 1027 862 1083 Jacob
886 1040 980 1083 mons·
1029 1034 1173 1091 quousque
1186 1017 1314 1075 irasceris
1324 1016 1564 1088 superunctionem
1576 1017 1648 1074 servi
1662 1017 1712 1085 tui,
1728 1019 1833 1077 cibabis

182 1120 252 1166 trau
266 1119 315 1182 est,
330 1111 463 1170 boninus
478 1113 595 1186 desuper
614 1115 723 1171 innixus
745 1116 871 1187 apparuit
894 1117 979 1188 (een.
1031 1122 1075 1164 me
1090 1122 1160 1178 vane
1178 1107 1370 1180 lacrymarum,
1391 1113 1418 1161 et
1437 1112 1530 1177 porum
1549 1103 1628 1161 dehis
1641 1106 1708 1162 mihi
1734 1107 1765 1164 in
1791 1110 1831 1166 la-

44 1241 86 1280 ‘.
183 1215 287 1268 xxvtn,
304 1203 347 1268 tt,
364 1200 421 1272 13),
436 1202 502 1273 quid
525 1204 605 1258 nobis
630 1204 701 1260 aliud
723 1206 820 1276 innuit,
841 1205 894 1261 nisi
908 1206 980 1278 quod
1028 1195 1231 1269 trimisiQuis
1246 1213 1288 1252 me
1303 1194 1422 1252 invitabit
1435 1194 1471 1250 ad
1496 1194 1563 1249 illud
1587 1195 1630 1252 vel
1654 1197 1778 1254 medium
1798 1215 1829 1257 ac

183 1286 211 1343 in
224 1287 340 1345 culmine
350 1287 511 1345 humilitatis
520 1292 694 1348 constituitur
707 1293 828 1366 cognitio
843 1294 982 1350 veritatis?
1030 1285 1111 1343 dulce
1130 1286 1268 1344 charitatis
1289 1284 1461 1342 convivium:
1486 1282 1533 1338 ubi
1553 1283 1621 1353 justi
1637 1286 1788 1358 epulantur
1804 1289 1831 1346 in

183 1375 314 1432 Dominus
338 1376 439 1448 quippe
464 1378 496 1432 de
521 1380 673 1436 summitate
694 1381 774 1437 scalae
802 1382 983 1454 prospiciebat
1030 1373 1475 1446 conspectuilei,etdelectantur
1494 1371 1678 1443 iniustitiam
1696 1376 1757 1446 jam
1778 1392 1831 1434 nou

184 1464 348 1536 puperfilios
362 1466 501 1522 hominum
517 1475 644 1539 tanquam
667 1469 784 1543 Veritas,
811 1472 890 1542 eujus
910 1471 983 1528 oculi
1028 1463 1144 1536 loquens
1155 1465 1182 1519 in
1192 1462 1371 1520 amaritudine
1382 1462 1478 1519 tinimae
1489 1476 1566 1531 lneoe,
1576 1461 1669 1520 dicam
1680 1465 1830 1523 Deoszli

183 1552 251 1610 sicut
265 1550 358 1610 lallerc
371 1553 477 1621 nolunt,
492 1553 528 1611 ita
542 1555 597 1612 lalli
620 1573 674 1614 non
694 1568 802 1624 norunt,
827 1565 857 1614 ut
875 1559 981 1617 videret
1029 1568 1073 1609 me
1084 1551 1337 1610 condemnaretsed
1352 1551 1489 1621 epulando
1503 1550 1530 1606 iu
1546 1551 1651 1624 azymis
1665 1551 1830 1614 sinceritatis

183 1642 206 1696 si
227 1648 269 1698 est
282 1640 436 1712 intelligens
447 1650 494 1698 aut
507 1643 650 1716 requirens
663 1647 756 1701 ileum
767 1649 807 1702 An
823 1661 877 1704 ιιι
892 1647 1017 1737 tihidefl
1030 1650 1057 1699 el
1072 1641 1203 1710 tiribaldi
1219 1636 1298 1698 laeltiss
1312 1648 1418 1698 mntem
1442 1639 1471 1695 5⁸
1494 1638 1546 1697 liii
1561 1639 1681 1707 ὓῡῠὶίῠί,
1701 1646 1828 1716 quonism

182 1731 237 1787 alto
251 1729 358 1787 videtur
371 1732 488 1789 clamare
501 1748 531 1788 ac
543 1732 633 1791 dicere
643 1734 841 1807 requirentibus
853 1750 882 1792 se
893 1735 982 1809 (novit
1030 1745 1131 1805 magua
1139 1739 1182 1787 est
1195 1730 1285 1804 gloria
1298 1729 1426 1788 Dominis
1441 1728 1518 1785 Boua
1541 1737 1631 1785 tanuen
1653 1730 1698 1788 via
1720 1732 1830 1790 bumili-

183 1819 254 1875 enim
267 1818 316 1891 qni
330 1820 500 1892 sunteius):
527 1823 654 1881 Transito
675 1823 712 1879 od
729 1840 784 1891 me,
808 1839 906 1884 omnes
929 1826 981 1899 qui
1030 1818 1102 1886 tatis,
1129 1834 1183 1892 qut
1208 1817 1308 1876 veritas
1338 1814 1492 1890 inquiritur,
1520 1816 1639 1874 charitas
1667 1821 1827 1893 acquiritur,

64 1964 68 1971 ,
183 1908 385 1980 concupiscitis
396 1924 450 1977 me,
462 1915 492 1966 et
504 1926 523 1965 o
537 1911 768 1982 peaerotiostibus
790 1915 860 1972 meis
878 1916 981 1989 impie·
1030 1908 1225 1982 generationes
1239 1905 1378 1980 sapientie
1403 1904 1607 1979 participantur.
1622 1907 1748 1982 Denique
1764 1910 1831 1968 sicut

182 1996 276 2050 mirsi?
299 1994 397 2066 (dccli.
416 2009 504 2063 xxxv,
534 1996 581 2068 26)
605 2006 632 2054 et
657 1997 741 2056 illud:
762 2000 856 2058 Vestite
869 2001 906 2058 ed
923 2016 980 2067 me,
1028 1995 1089 2053 finis
1098 1996 1168 2072 legis
1181 1996 1316 2063 Christus,
1326 1995 1365 2052 sic
1379 1994 1513 2068 perfectio
1523 1995 1698 2065 humilitatis,
1709 1999 1828 2075 cognitio

169 2096 279 2141 omnes
292 2081 341 2155 qui
357 2081 491 2140 laboretis
505 2089 534 2142 et
547 2088 658 2145 merati
667 2089 746 2154 estis,
758 2092 785 2146 el
795 2103 842 2160 opo
857 2105 903 2147 sos
918 2090 981 2161 refi·
1029 2086 1160 2145 veritatis.
1174 2085 1296 2144 Christus
1310 2101 1373 2143 eum
1389 2085 1464 2142 venit
1475 2084 1564 2142 sttulit
1580 2087 1711 2160 gratiam
1726 2089 1829 2147 Veritas

183 2171 259 2226 ciam
272 2168 386 2240 (nattis.
402 2185 443 2235 xi,
459 2172 515 2239 28).
532 2170 636 2242 Venite,
653 2173 747 2247 inquit.
767 2174 829 2244 Quo
844 2176 858 2231 ι
872 2177 921 2248 ,nd
936 2193 980 2234 me
1028 2175 1128 2249 quibus
1140 2175 1298 2248 innotuerit,
1313 2176 1359 2232 dat
1387 2175 1553 2235 charitatem.
1575 2177 1720 2236 innotescit
1735 2187 1828 2237 autem

184 2257 332 2316 ueritatem.
344 2256 427 2327 Quat
444 2259 494 2315 Per
508 2259 697 2319 humilitatem.
715 2263 775 2332 Quo
788 2264 879 2322 l‘ructu
893 2266 907 2322 1
920 2266 981 2338 Ego
1029 2264 1180 2323 humilibus
1196 2283 1203 2322 :
1219 2265 1369 2322 humilibus
1383 2279 1449 2337 ergo
1463 2263 1652 2341 deigratiam.

182 2362 232 2404 vos
244 2345 375 2403 reticium.
392 2346 446 2402 ssd
460 2362 523 2419 quae
537 2358 580 2406 est
589 2349 711 2423 relectio,
726 2369 807 2423 quam
822 2353 981 2411 Veritasas-
1334 2370 1449 2428 Cpppp
1475 2371 1524 2430 111·

181 2434 360 2534 ccudcntibus
390 2435 533 2536 promittit,
563 2439 785 2538 pervenientibus
802 2441 920 2499 redditi
938 2442 981 2500 bn
1033 2481 1091 2552 Qua
1102 2479 1201 2538 ordine
1232 2478 1319 2538 radus
1333 2477 1505 2537 humilitatis
1518 2478 1748 2552 &propositum
1765 2481 1830 2540 m·

181 2523 252 2580 forte
263 2538 322 2597 ipss
331 2523 519 2581 estcbantasl
529 2523 573 2583 Ad
587 2527 657 2584 lianc
669 2543 779 2601 quippe,
791 2538 820 2585 ut
834 2531 871 2587 ait
885 2532 980 2588 beatus
1065 2553 1143 2608 „pum
1157 2496 1287 2609 ,engolis
1299 2551 1477 2623 permane:
1492 2552 1522 2633 ,s
1542 2551 1673 2633 qumodo
1694 2551 1832 2612 christu,

181 2611 353 2680 benedictus,
377 2611 499 2670 ascensis
520 2614 648 2672 omuibus
671 2617 828 2673 humilitatis
849 2618 980 2691 gradibus
1065 2625 1288 2699 perpessionem
1302 2622 1404 2679 didicit
1418 2620 1656 2694 ,misecordiam

181 2703 332 2758 monachus
345 2717 409 2758 mox
422 2702 561 2771 perveniet
575 2703 653 2777 (ιιι.
668 2720 729 2777 cap.
750 2710 777 2775 7,
808 2707 888 2780 grad.
918 2713 978 2781 lt).
1068 2715 1095 2770 6.
1116 2710 1186 2780 Dixi,
1206 2722 1237 2771 ut
1251 2711 1337 2784 potui,
1356 2726 1413 2786 quo
1428 2711 1523 2783 ¹iructu
1547 2710 1704 2768 humilitatis
1727 2713 1830 2785 gradus

182 2788 252 2846 llere
267 2788 363 2857 dulcis¹
372 2798 400 2846 et
413 2790 504 2849 suavis
516 2791 593 2851 cibus
606 2794 735 2861 charitas,
755 2811 816 2868 quse
836 2795 924 2855 fessos
936 2800 980 2855 al·
1032 2800 1143 2858 escendi
1155 2801 1285 2858 debeant:
1302 2801 1401 2870 dicam,
1416 2807 1446 2856 ut
1471 2807 1577 2872 potero,
1599 2815 1654 2873 quo
1673 2800 1771 2858 ordine
1797 2805 1827 2856 ad

181 2879 254 2937 levat
267 2877 372 2935 debiles
386 2880 508 2953 roborat,
531 2872 644 2940 mdestos
664 2884 790 2942 laetificat.
804 2887 904 2961 lugam
926 2890 979 2945 de·
1032 2888 1201 2962 propositum
1219 2888 1341 2947 bravium
1355 2888 1481 2962 ‚veritatis
1501 2890 1659 2961 perducant.
1681 2887 1746 2956 Sed,
1771 2889 1831 2962 quia

181 2971 264 3044 nique
278 2968 404 3027 Veritatis
418 2969 482 3027 lacit
494 2986 586 3041 suave,
602 2981 628 3030 et
647 2988 714 3031 onus
729 2976 802 3034 lese.
999 2975 1091 3063 ‘ipsa
1104 2994 1215 3053 quoque
1228 2977 1351 3037 veritatis
1363 2977 1468 3051 mittio
1482 2977 1511 3035 iu
1525 2978 1610 3035 tribus
1624 2978 1754 3050 gradibus
1767 2993 1833 3036 con·

216 3061 244 3116 d.
258 3059 351 3117 Bonus
375 3060 453 3127 cibus
475 3060 602 3133 charitas,
624 3077 686 3136 qute
714 3065 801 3121 media
819 3064 848 3121 ιι
875 3064 980 3125 ferculo
1030 3068 1114 3136 sistit,
1129 3067 1341 3142 ipsosbreviter,
1358 3067 1382 3124 si
1402 3081 1525 3139 possum,
1551 3066 1714 3140 distinguo:
1733 3075 1832 3140 qnate-

180 3146 332 3207 Salomonis
343 3148 497 3206 consistens
509 3149 633 3223 (dantis
643 3167 685 3220 m,
701 3156 728 3220 9,
740 3156 796 3226 lb),
812 3155 977 3214 diversarum
1031 3173 1092 3214 mus
1108 3174 1141 3215 ex
1156 3157 1208 3214 boc
1222 3157 1323 3213 clarius
1336 3155 1498 3226 innotescat,
1513 3155 1547 3212 ud
1562 3172 1641 3227 quem
1667 3156 1750 3214 trium
1764 3155 1833 3214 veri·

178 3241 264 3296 odore
290 3236 430 3306 virtutum,
459 3237 533 3294 relat
557 3238 658 3296 diversi
691 3243 800 3312 generis
831 3242 980 3319 fragrantia
1031 3246 1104 3314 tatis,
1116 3244 1294 3303 duodecimus
1315 3243 1479 3300 humilitatis
1507 3241 1650 3315 pertingat.
1670 3243 1834 3315 lnquim'nuus

181 3325 392 3401 pigmentorum,
407 3329 556 3384 esurientes
570 3327 665 3396 reficit,
690 3327 771 3389 56!
791 3332 923 3404 jucundat
937 3349 983 3390 rc·
1021 3345 1147 3406 ‘namque
1166 3332 1306 3390 veritatem
1321 3331 1349 3387 in
1367 3331 1455 3402 nobis,
1471 3330 1499 3386 in
1513 3330 1653 3402 proximis,
1666 3331 1695 3387 iu
1722 3335 1766 3390 sui
1785 3350 1833 3411 na·

181 3414 313 3472 licieutes.
350 3415 390 3470 lbi
424 3416 557 3488 siquidem
585 3417 731 3492 apponitur
754 3437 814 3493 pax,
841 3421 980 3493 patientia,
1034 3423 1146 3481 tura.1n
1174 3421 1262 3492 uobis,
1279 3420 1461 3492 nosmetipsos
1475 3419 1662 3492 dijudicando:
1687 3422 1717 3478 in
1739 3424 1833 3496 pruxi·

182 3504 345 3578 benignitas,
362 3504 560 3578 longanimitas,
583 3506 714 3579 gaudium
733 3508 762 3565 iu
788 3510 891 3585 Spiritu
915 3507 981 3570 stin·
1028 3513 1079 3571 mis
1094 3526 1190 3569 corum
1216 3509 1293 3567 malis
1313 3507 1523 3583 compatiend03
1537 3508 1565 3564 in
1579 3510 1621 3565 sui
1636 3518 1735 3567 natura
1748 3527 1830 3568 mun·

183 3606 227 3654 cto
243 3614 251 3666 ς
266 3603 294 3652 et
314 3596 338 3652 si
352 3611 415 3668 quas
429 3605 492 3654 sunt
505 3596 565 3654 alite
578 3597 703 3657 ueritatis
717 3617 766 3657 scu
780 3602 920 3675 sapientie
935 3619 983 3675 ge·
1028 3604 1064 3661 do
1079 3601 1160 3659 corde
1175 3598 1391 3671 contemplando.
1401 3597 1523 3655 Observa
1537 3597 1608 3655 sicut
1621 3613 1779 3667 numerum,
1793 3600 1830 3657 ita

183 3685 347 3752 uenationes,
367 3685 599 3761 apparantur[cl,
617 3690 800 3765 apponuntur]
815 3692 843 3748 in
858 3692 981 3750 illmlla·
1032 3701 1061 3749 et
1082 3690 1214 3746 ordinem.
1235 3688 1325 3745 Primo
1354 3697 1379 3744 te
1402 3688 1497 3745 doceat
1526 3687 1630 3743 Veritas
1659 3688 1734 3757 ipsa,
1758 3691 1828 3768 quod

183 3776 263 3831 bctet
275 3772 416 3830 humilitas
426 3773 454 3828 iu
462 3776 559 3832 eodem
575 3775 678 3834 ferculo
690 3793 754 3836 suas
765 3780 872 3852 epulas,
885 3796 980 3854 panem
1034 3780 1110 3853 prius
1132 3778 1158 3833 in
1176 3775 1308 3850 proximis
1326 3791 1408 3850 quam
1427 3775 1455 3831 in
1476 3775 1519 3831 sui
1533 3774 1629 3832 debeat
1652 3777 1756 3848 inquiri
1782 3793 1828 3834 na-

184 3862 285 3920 scilicet
295 3860 399 3919 doloris
413 3871 439 3919 et
453 3863 545 3920 viuum
560 3867 788 3937 compunctionis,
803 3885 872 3941 quas
892 3871 978 3940 primo
1033 3876 1105 3924 tura.
1122 3867 1184 3925 Post
1207 3868 1260 3922 boc
1277 3865 1405 3938 accipies,
1423 3880 1471 3921 cor
1497 3863 1571 3935 prius
1589 3864 1617 3920 in
1636 3873 1672 3932 te,
1697 3883 1781 3939 quaxn
1805 3869 1829 3924 ιι

73 4032 75 4037 ι
186 3952 289 4011 Veritas
313 3951 505 4024 incipientibus
524 3953 616 4021 oiiert,
635 3956 734 4028 quibus
753 3957 845 4028 utique
863 3958 978 4016 dicitur:
1032 3955 1163 4029 proximis
1176 3954 1313 4028 inquirere
1327 3955 1436 4010 debeas.
1452 3954 1606 4010 innumero
1619 3954 1754 4027 siquidem
1770 3959 1831 4014 bea·

184 4042 299 4116 Surpite
312 4045 464 4116 postquem
477 4042 668 4118 emeritisque
681 4046 979 4123 manducetispoaem
1033 4043 1187 4112 titudinum,
1216 4057 1285 4116 ques
1311 4057 1362 4099 suo
1389 4056 1515 4098 sermone
1542 4040 1663 4098 distinxit
1685 4043 1830 4118 Dominus,

185 4132 289 4191 doloris
304 4131 390 4202 (Psoi.
406 4133 558 4204 cxxv1,2).
574 4133 659 4190 Habet
672 4135 773 4193 ibidem
787 4136 980 4210 coummplatio
1033 4133 1111 4208 prius
1120 4131 1319 4200 misericordes,
1326 4145 1407 4205 quam
1418 4129 1610 4188 mundicordes
1619 4131 1832 4204 posuitillettb.

185 4236 218 4277 ex
232 4218 311 4292 adipe
326 4218 454 4275 frumenti
476 4219 594 4277 solidum
616 4223 705 4281 ιιιιιιι
733 4225 886 4299 sapientie,
916 4243 979 4286 cum
1034 4240 1063 4291 v,
1078 4223 1158 4294 ’1,8).
1173 4219 1473 4293 lliserioerdcsqulppe
1487 4218 1541 4276 cito
1559 4218 1587 4274 iu
1604 4219 1737 4292 proximis
1759 4226 1832 4284 veri·

186 4308 251 4366 vino
275 4307 346 4379 quod
374 4307 491 4366 letificat
507 4324 555 4367 cor
576 4312 702 4387 bominis,
730 4315 765 4372 ad
792 4330 854 4388 quae
875 4315 981 4373 Veritas
997 4299 1023 4383 ὓ
1037 4320 1120 4369 mom
1132 4312 1350 4385 deprehendunt,
1365 4311 1431 4368 dum
1444 4324 1510 4369 suos
1523 4309 1640 4369 allectus
1652 4312 1681 4369 in
1705 4311 1767 4371 illos
1783 4331 1833 4375 ex·

187 4396 322 4471 periectos
340 4396 447 4468 invitat,
467 4397 580 4457 mens:
599 4403 750 4473 comedite,
770 4406 857 4464 amici
874 4406 982 4473 mci,et
1033 4403 1167 4460 tendunt:
1188 4401 1253 4458 dnm
1268 4403 1308 4459 sic
1335 4417 1386 4474 per
1407 4401 1565 4458 charitatem
1593 4417 1625 4458 se
1651 4400 1707 4459 iilis
1719 4404 1832 4463 contor-

188 4487 286 4546 mitte:
307 4493 335 4544 ct
352 4486 546 4557 inebriemini,
566 4490 728 4551 charissimi
749 4494 873 4567 (domuc.
895 4510 923 4563 v,
940 4498 980 4566 l).
1033 4496 1118 4559 mant,
1133 4495 1162 4544 ut
1175 4487 1282 4545 illorum
1293 4489 1338 4547 vel
1351 4490 1433 4558 bona,
1453 4488 1498 4546 vel
1514 4488 1597 4563 mals,
1620 4495 1750 4563 tanqum
1770 4510 1833 4566 pm.

188 4579 288 4648 dedic,
312 4579 408 4651 inquit,
428 4579 570 4640 ctoritate
591 4585 747 4641 constravit
768 4587 884 4657 propter
905 4585 981 4655 mim
1033 4579 1093 4652 pria
1112 4578 1239 4635 sentiam.
1260 4577 1327 4633 Cum
1342 4576 1457 4634 infirmis
1469 4575 1651 4646 infirmantur,
1665 4594 1731 4636 cum
1748 4597 1829 4640 scau·

189 4665 347 4726 Jerasmcm
359 4665 410 4741 (id.
426 4680 457 4735 n,
467 4670 512 4739 lo)
526 4684 534 4738 ;
550 4676 661 4741 propter
669 4668 843 4741 imperfectas
855 4669 983 4732 videlieet
1032 4665 1155 4725 deliretis
1178 4673 1293 4722 umutur
1306 4667 1352 4739 (ll.
1388 4670 1449 4726 cor.
1477 4682 1519 4737 xx,
1541 4669 1600 4740 ιθ).
1619 4665 1749 4737 Gaudere
1772 4688 1833 4731 ιιιι

188 4754 304 4824 ιιιιιιι,
318 4770 390 4828 qaae,
405 4755 471 4813 dum
483 4757 572 4815 adhuc
584 4756 661 4814 illum
675 4756 792 4816 solidum
814 4757 905 4818 cibum
928 4762 982 4819 mi·
1011 4798 1014 4805 -
1032 4753 1369 4832 gaudentibusltereeum
1381 4755 1510 4815 flentibus
1523 4765 1725 4816 consueverunt
1744 4761 1831 4833 (item.

187 4861 241 4902 nus
254 4845 559 4917 caperepossunt,lucte
582 4844 690 4903 iuterim
704 4845 902 4922 charitatispro
912 4864 983 4922 pane
1033 4861 1087 4920 ιιι,
1114 4847 1172 4917 tt).
1194 4844 1250 4903 flac
1272 4844 1401 4904 charitats
1423 4846 1542 4903 fraterna
1564 4845 1655 4904 cordis
1677 4847 1737 4905 acie
1754 4865 1832 4908 nauu-

187 4933 250 4992 oleo
263 4948 312 5007 pro
322 4933 385 4993 vino
394 4933 544 4992 nutriendae
558 4941 632 4995 sunt.
644 4933 713 5005 Quat
726 4941 801 4995 recte
810 4937 904 4997 medio
918 4939 982 4998 des·
1032 4935 1106 5006 data,
1114 4933 1258 4994 veritatem
1272 4935 1442 5005 delectantur
1454 4934 1482 4992 iu
1496 4934 1540 4993 sui
1553 4933 1734 5008 contemplari
1747 4935 1830 4999 Ν

187 5022 312 5097 cribitur,
328 5024 393 5098 quis
407 5026 468 5098 ejus
486 5023 665 5085 suavitasuec
678 5027 869 5100 incipientibus
880 5037 981 5103 presto
1034 5034 1141 5096 natura,
1158 5038 1208 5098 pro
1229 5025 1309 5096 cujus
1326 5040 1419 5083 amore
1431 5024 1504 5083 male
1517 5024 1634 5082 tolerunt
1656 5023 1760 5087 cliens.
1783 5024 1839 5100 Qut

187 5120 239 5183 cst,
259 5114 420 5186 prohibente
440 5113 536 5189 timore
551 5132 560 5185 ;
573 5130 623 5172 nec
636 5117 763 5190 perlectis
785 5117 850 5176 satis
863 5127 916 5187 est,
932 5135 982 5192 pro
1035 5130 1097 5176 vam
1113 5113 1150 5172 its
1162 5129 1192 5170 se
1207 5111 1338 5187 iratribus
1354 5128 1408 5172 ιιι
1421 5113 1591 5180 consociant,
1602 5113 1681 5170 sede
1698 5115 1830 5190 summio

186 5201 376 5261 abundantiori
389 5202 626 5276 contemplationis
640 5205 796 5265 dulcedine.
812 5205 845 5263 Hi
859 5209 949 5268 adhuc
966 5226 983 5265 a
1034 5214 1081 5263 sut
1102 5203 1232 5263 dentibus
1252 5202 1453 5277 insultantem
1476 5200 1663 5277 gaudentibus
1688 5202 1831 5282 derogant,

186 5296 283 5353 moxils
296 5293 442 5352 carnalium
465 5294 673 5355 delectationum
686 5296 859 5368 humoribus,
880 5299 985 5357 timoris
1034 5296 1099 5352 dnm
1112 5292 1187 5369 quod
1201 5292 1230 5351 in
1248 5292 1302 5350 illis
1316 5301 1369 5368 est,
1383 5293 1411 5350 iu
1425 5308 1456 5354 se
1473 5307 1537 5352 esso
1556 5307 1612 5351 non
1626 5292 1761 5366 sentium,
1772 5293 1833 5368 quis

156 5372 160 5381 ’
187 5382 354 5442 amenissima
363 5385 474 5459 potione
488 5386 630 5465 purgandi,
647 5388 778 5447 muudum
792 5387 869 5471 lactis
887 5388 982 5450 dulce-
1034 5387 1159 5447 similiter
1182 5385 1275 5449 allecti
1296 5404 1352 5449 uon
1378 5395 1452 5458 sunt,
1475 5383 1669 5460 vstitstemiu
1701 5384 1834 5460 proximis

187 5469 277 5529 dinem
290 5472 481 5543 experiuntur:
497 5473 535 5532 illi
553 5475 610 5546 jam
633 5476 718 5534 avulsi
741 5491 758 5533 a
781 5476 859 5550 lacte,
878 5477 984 5552 cpulari
1034 5477 1149 5554 qualiter
1163 5478 1217 5554 dep
1232 5477 1366 5537 ehendere
1389 5485 1502 5553 possunt
1513 5478 1528 5538 l
1541 5477 1613 5537 deus
1631 5492 1754 5553 namquo
1767 5492 1834 5536 sen·
