3728 5940
156 183 211 244 ssr
634 184 670 246 s„
683 183 1002 246 nannenus-sustris
1025 178 1342 243 murnentanus
1744 171 1806 246 ‘sss

159 311 214 366 oris
226 311 327 385 ubique
340 312 502 384 promissio:
517 311 565 368 sed
590 310 653 384 quia
668 324 723 365 non
738 324 791 364 uus
807 317 849 364 est
861 307 950 363 omni·
968 321 993 401 Α
1009 308 1093 363 Porro
1111 306 1145 362 de
1160 305 1248 364 vicino
1263 305 1401 377 probibet,
1416 305 1490 377 quod
1502 305 1581 375 jubet
1594 307 1628 363 de
1635 308 1807 383 peregrino:

160 400 212 455 bus
223 401 312 457 cordis
326 401 448 467 intentio,
474 407 572 471 potest,
588 398 771 454 indubitanter
790 397 849 452 sine
864 395 950 450 detri-
1008 410 1042 450 ne
1065 393 1188 450 vicinitas
1206 393 1278 456 inter
1301 394 1465 451 monasteria
1479 393 1566 450 fomes
1584 395 1717 465 smndsli,
1741 396 1808 454 rixas

162 496 253 544 mento
278 487 380 552 salutis,
406 498 432 545 et
457 488 516 543 sine
541 488 639 543 damno
659 484 847 556 professionis,
863 483 954 555 operis
1009 483 1120 538 materia
1136 481 1179 547 sit,
1197 484 1219 540 si
1230 481 1388 538 alterutrum
1403 481 1525 554 recipere
1536 485 1687 540 monsclros
1701 487 1810 560 acquie-

161 590 269 648 qnoque
285 590 341 631 non
362 591 416 630 una
431 576 528 648 ubique
551 574 706 631 observatio
721 572 862 628 celebrari.
879 572 954 628 Sicut
1007 572 1096 626 verint
1109 571 1211 643 absque
1223 579 1314 627 mutuo
1338 571 1469 628 duntaxat
1483 586 1608 627 assensu.
1628 571 1712 642 Quod
1729 574 1810 631 toties

161 664 233 720 enim
247 677 301 719 non
315 679 409 719 ornnes
422 665 512 721 omnia
522 671 623 731 tenent,
639 663 720 718 etiarn
734 661 798 717 boni
811 659 954 717 Christiani
1009 659 1135 731 equidem
1150 660 1305 730 experimur
1318 657 1405 732 (tos),
1419 658 1528 730 quoties
1546 660 1607 716 talis
1618 659 1728 732 uspiam
1745 679 1809 719 mo·

162 766 224 824 quas
239 750 267 806 in
295 751 440 823 Evangelio
465 760 537 824 sunt,
568 768 662 808 omnes
685 759 779 806 tamen
806 750 955 807 secuudum
1010 749 1158 805 nscborum
1173 748 1312 820 susceptio
1324 747 1404 819 plane
1417 763 1472 803 non
1486 748 1539 806 nisi
1558 757 1653 808 contra
1665 751 1809 810 decretum

162 838 341 912 Evangelium
357 841 449 897 visunt
461 841 536 913 (narn
552 840 599 913 qui
612 839 751 896 concessis
766 838 870 911 alligari
887 853 956 894 con·
1011 839 1131 912 regulare
1144 840 1328 909 presumitur.

160 927 246 999 jugiis
259 928 377 983 contenti
397 936 469 994 sunt,
482 946 536 985 nou
550 931 612 987 ideo
630 940 719 985 tumen
743 930 854 984 credunt
869 944 899 984 se
914 943 956 982 re·
1048 925 1189 984 52050.
1205 927 1283 997 Quod
1299 926 1322 981 si
1338 926 1419 982 etiarn
1435 936 1496 997 post
1516 929 1575 983 haee
1590 926 1682 984 fratris
1705 928 1745 986 ita
1764 923 1809 984 re·

164 1015 279 1070 cessisse
301 1016 335 1071 sb
349 1015 507 1089 Evangelio,
524 1017 586 1087 quin
600 1016 750 1089 evangelici
765 1016 956 1072 sublimitatem
1012 1016 1137 1088 gulariter
1152 1014 1272 1088 suscepti
1285 1015 1472 1087 inquietiorem
1486 1014 1556 1071 forte
1569 1015 1690 1075 animum
1715 1018 1809 1090 pulsa·

139 1091 145 1097 ⁶
164 1102 270 1159 consilii
288 1106 321 1161 de
348 1105 440 1160 caelibe
468 1106 590 1163 ducenda
612 1107 665 1161 sits
680 1120 734 1160 non
757 1106 904 1178 elegerunt,
921 1104 959 1159 its
1013 1103 1080 1162 terit
1098 1105 1247 1161 recordatio
1262 1103 1388 1169 scendnli,
1405 1103 1476 1176 quod
1486 1099 1652 1163 decendens
1664 1106 1808 1174 fratribus,

165 1206 231 1246 senc
246 1193 268 1247 si
297 1194 325 1248 in
352 1193 437 1268 grndu
462 1194 508 1250 illo
521 1195 642 1252 inferiori
658 1195 776 1268 legitime
799 1209 832 1248 ac
846 1193 959 1249 fideliter
1014 1207 1084 1263 quos
1099 1192 1225 1258 desernit,
1243 1191 1323 1264 leoit3
1337 1198 1364 1246 et
1382 1191 1445 1264 quis
1466 1195 1738 1263 oporteatemendari
1762 1212 1811 1252 suo

165 1282 368 1352 conversentur)
384 1283 441 1337 :sic
454 1298 561 1355 quoque
583 1284 629 1356 qui
656 1283 806 1339 secundum
825 1281 959 1354 Regulam
1014 1278 1101 1336 reditu
1115 1281 1188 1351 quod
1212 1296 1244 1337 ex
1267 1282 1386 1338 discessu
1410 1280 1574 1353 deliquerit:
1589 1283 1739 1354 prudenter
1760 1284 1810 1339 ad·

166 1368 257 1424 risere
281 1376 410 1437 statuunt,
432 1372 482 1426 etsi
505 1387 559 1426 nou
577 1372 612 1425 ad
639 1386 769 1441 unguem,
793 1377 822 1424 ut
849 1369 958 1437 dicitur,
1013 1375 1098 1424 vertet
1124 1368 1169 1438 qui
1190 1368 1241 1424 boc
1272 1369 1380 1441 cogitat,
1404 1369 1559 1423 scandalum
1594 1369 1725 1427 smndalo
1758 1386 1809 1427 non

166 1460 249 1509 totam
264 1456 428 1528 custodiunt,
445 1458 496 1513 etsi
518 1474 570 1530 qua
594 1473 643 1529 pro
664 1459 705 1512 sui
719 1456 828 1512 claustri
849 1457 901 1511 ritu
917 1456 961 1511 rel
1015 1455 1082 1512 bene
1106 1456 1255 1512 emendari.
1279 1455 1375 1526 Qualis
1391 1457 1508 1530 denique
1530 1454 1689 1516 emendatio
1719 1461 1810 1516 crissi

167 1549 279 1610 mutant,
296 1545 337 1598 vel
362 1546 572 1616 praelermittuut
587 1564 594 1616 ς
611 1562 626 1600 a
650 1545 769 1617 regulari
784 1552 873 1600 lernen
901 1561 960 1599 onr-
978 1539 1001 1617 Β
1018 1553 1047 1599 ut
1059 1543 1118 1599 aliis
1130 1545 1287 1601 scandalum
1301 1545 1388 1614 tollas,
1411 1545 1479 1602 alios
1498 1547 1693 1603 scandalizas?
1717 1549 1808 1618 Quan-

167 1630 231 1685 nino
240 1630 409 1702 professione
424 1648 478 1689 non
491 1633 641 1700 discedunt,
654 1633 739 1690 donec
753 1643 841 1690 tamen
860 1632 960 1699 sobrie,
1015 1649 1095 1704 quam
1114 1633 1234 1706 prolecto
1257 1642 1284 1689 et
1309 1633 1477 1691 tolerabilius
1499 1635 1656 1693 scandalum
1685 1637 1754 1694 illud
1779 1639 1812 1694 sit

167 1723 196 1774 et
205 1717 319 1786 justeet
332 1721 387 1791 pie,
404 1737 452 1790 pro
466 1736 577 1777 suorum
592 1721 713 1777 moribus
728 1722 819 1778 virere
839 1736 892 1778 non
914 1721 962 1776 du·
1017 1729 1044 1777 et
1057 1721 1199 1791 venialius,
1216 1724 1289 1795 qnod
1308 1723 1409 1779 factum
1424 1728 1466 1778 est
1481 1724 1631 1780 intentione
1650 1725 1809 1795 proficiendi

168 1804 278 1861 sistunt.
294 1807 415 1880 Denique
442 1808 546 1882 Regula
560 1810 618 1880 ipsa
639 1810 719 1865 tradit
733 1819 855 1866 octauum
870 1811 963 1869 hune
1017 1810 1043 1865 iu
1063 1810 1170 1876 melius,
1196 1826 1277 1883 qnam
1297 1811 1370 1884 quod
1389 1810 1478 1867 faeere
1499 1811 1605 1887 cogitas
1627 1813 1662 1869 ad
1688 1802 1811 1871 deterius

169 1892 252 1947 litatis
263 1894 386 1964 gradum,
404 1916 417 1944 ι
435 1905 464 1950 ut
477 1896 542 1951 nibil
556 1904 619 1970 agat
637 1898 797 1966 monachus,
824 1898 875 1954 nisi
888 1900 963 1971 qnod
1017 1899 1204 1972 apostatando.
1230 1899 1325 1954 Sedet
1345 1909 1407 1955 ante
1431 1914 1552 1971 quoqne,
1584 1901 1648 1958 licet
1672 1919 1726 1960 non
1753 1904 1811 1960 sine

170 1982 320 2036 communis
333 2032 336 2037 ,
347 1984 502 2040 monasterii
525 1985 630 2056 regule,
655 1986 698 2041 rel
714 1988 843 2056 majorum
859 1991 961 2044 cobor·
1018 1987 1154 2052 scandalo,
1165 1986 1250 2044 tutius
1260 1997 1331 2042 tuam
1344 1987 1403 2042 sine
1422 1986 1507 2043 dubio
1521 1987 1554 2041 nd
1568 1987 1596 2043 id
1624 1989 1699 2062 quod
1715 1990 1813 2060 putasti

171 2077 261 2125 tantur
274 2070 395 2140 exempla
409 2071 484 2143 (llep.
505 2073 533 2129 S.
546 2074 699 2142 Benedicti,
715 2089 775 2145 cap.
786 2076 826 2141 7).
843 2093 855 2127 r
1018 2074 1123 2146 melius,
1144 2081 1253 2130 secutus
1266 2088 1296 2129 es
1320 2073 1521 2140 conscientiam,
1537 2075 1656 2147 quamsi
1678 2075 1710 2132 in
1729 2076 1812 2147 priori

208 2158 252 2211 59.
272 2158 397 2230 Exceptis
412 2147 537 2229 proinde'
550 2161 784 2229 Cisterriensibns,
799 2174 825 2217 et
840 2163 887 2236 qui
902 2163 964 2219 illo·
1019 2163 1091 2219 bono
1109 2174 1135 2219 et
1148 2163 1211 2218 loco
1224 2170 1318 2220 contre
1330 2163 1521 2220 conscientiam
1538 2179 1721 2237 permaneres,
1732 2180 1814 2238 quan-

172 2260 233 2301 rum
251 2244 319 2302 forte
334 2247 387 2302 ritu
402 2263 457 2304 non
479 2255 533 2303 tam
550 2249 641 2307 virere
656 2251 806 2306 secundum
821 2252 963 2326 Regulam,
1017 2267 1100 2326 quam
1113 2266 1208 2308 secure
1221 2251 1249 2306 id
1264 2267 1357 2322 posses
1372 2269 1379 2306 :
1396 2251 1419 2306 si
1437 2267 1503 2308 sane
1525 2251 1589 2309 binc
1601 2251 1726 2309 eamdem
1742 2260 1814 2307 trram

171 2349 252 2407 quarn
267 2334 352 2406 ipsam
362 2351 395 2392 ex
405 2336 510 2410 integro
523 2353 592 2408 pure
604 2338 640 2393 nd
659 2337 778 2395 litteram
793 2340 844 2411 (uti
858 2357 887 2397 se
902 2355 966 2397 sane
1017 2340 1104 2411 ipsius
1116 2339 1307 2396 conscientiam
1325 2339 1439 2395 reddere
1451 2354 1573 2397 maram
1591 2353 1700 2408 posses.

172 2419 310 2491 professos
342 2436 402 2478 esse
430 2423 534 2495 putant)
561 2430 652 2480 tenere
669 2434 765 2482 curant
787 2428 843 2484 :da
865 2436 964 2485 caetero
1056 2431 1102 2486 51.
1129 2426 1300 2500 Quapropter
1325 2426 1399 2498 quod
1421 2426 1456 2483 dc
1481 2426 1670 2492 manducante,
1705 2437 1732 2484 et
1761 2437 1816 2483 non

172 2507 308 2566 neminem
320 2510 477 2567 obedienter
496 2513 639 2585 degentem
654 2513 786 2587 regularis
799 2524 907 2572 moveat
919 2533 966 2573 so-
1024 2518 1201 2574 mauduoante
1214 2516 1333 2573 decernit
1344 2515 1489 2588 Apostolus
1502 2516 1590 2585 (llum.
1606 2531 1659 2581 rte,
1676 2519 1713 2584 3),
1731 2532 1817 2571 usur·

174 2596 326 2669 lenrnisqne
340 2598 484 2670 professio,
509 2599 537 2653 in
555 2616 609 2672 qua
624 2616 677 2656 non
696 2601 726 2657 fit
749 2603 784 2659 de
799 2610 853 2660 tote
867 2604 971 2677 Regula
1025 2622 1121 2677 pernus
1130 2615 1157 2662 et
1175 2621 1226 2662 nos
1240 2605 1269 2660 in
1282 2610 1382 2661 nostrae
1396 2605 1476 2676 bnjus
1499 2603 1735 2676 disputatiunculae
1750 2618 1819 2660 con·

176 2684 330 2757 promissio,
349 2687 376 2742 in
403 2687 446 2743 bis
473 2688 602 2744 duntaxat
624 2691 793 2747 monasteriis
821 2691 850 2747 in
871 2693 969 2765 quibus
985 2669 1152 2764 Uolusione,
1169 2701 1199 2750 ut
1218 2703 1245 2750 et
1266 2695 1315 2764 qni
1341 2692 1450 2765 propria
1473 2691 1629 2764 impellente
1652 2691 1819 2750 conscientia

176 2770 242 2827 ordo
257 2780 284 2827 et
304 2773 444 2846 disciplina
468 2784 590 2833 servatur
616 2793 678 2836 curn
701 2778 779 2835 bonis
796 2780 971 2837 consuetudi·
1024 2799 1101 2841 suurn
1116 2782 1220 2839 deserit
1232 2783 1333 2848 locum,
1353 2797 1387 2837 ne
1404 2797 1483 2838 suurn
1502 2781 1586 2853 (qnod
1610 2780 1697 2852 putat)
1715 2781 1820 2836 desem

133 2863 146 2886 ⁸
177 2858 276 2918 nibus„
294 2859 373 2918 Salus
399 2863 482 2938 igitur
506 2866 603 2938 cuique
628 2882 676 2922 sua
690 2878 782 2925 manet
796 2869 823 2924 in
839 2869 971 2926 coenobiis
1023 2879 1199 2940 sotum3non
1212 2871 1385 2928 deserentem
1401 2886 1454 2927 uon
1469 2878 1599 2942 spernat:
1618 2876 1644 2925 et
1658 2868 1703 2941 qni
1724 2885 1820 2926 secura

178 2947 249 3005 bene
263 2948 394 3006 ordinatis
407 2952 548 3023 professio,
565 2963 666 3011 tuntum
680 2956 703 3011 si
716 2972 781 3012 sana
795 2955 911 3014 fueritet
928 2957 969 3013 in·
1023 2959 1186 3016 conscientia
1213 2957 1361 3014 fraternum
1393 2958 1553 3014 scandalum
1587 2955 1694 3027 timens,
1719 2956 1819 3013 fratres

167 3035 273 3110 mutio.
289 3039 420 3096 Ceterum
435 3042 479 3113 qui
490 3043 625 3115 inquietus
639 3054 689 3117 est,
704 3051 732 3101 et
744 3045 781 3100 ita
791 3046 901 3104 credere
916 3060 969 3103 non
1021 3063 1078 3109 non
1092 3047 1194 3104 deserit
1204 3062 1212 3117 ς
1223 3045 1391 3102 deserentem
1405 3059 1460 3101 non
1480 3045 1593 3114 judicet.
1610 3044 1644 3099 ltt
1668 3043 1704 3098 de
1723 3037 1766 3100 bis
1781 3059 1821 3100 me

178 3131 285 3198 potest3
301 3127 349 3183 sed
376 3129 462 3201 magis
475 3133 589 3189 credens
599 3139 626 3187 et
636 3134 734 3190 cedens
749 3133 895 3192 stimulanti
909 3151 971 3194 con·
1025 3137 1137 3207 aecipite
1151 3151 1217 3190 sane
1230 3135 1302 3206 quod
1317 3133 1405 3193 sentio
1433 3132 1692 3204 respondissemus
1714 3133 1820 3204 prein-

177 3214 297 3272 scientiae
312 3217 377 3284 exit,
392 3225 419 3273 et
439 3220 536 3291 quaerit
550 3221 596 3276 ubi
619 3221 707 3280 solunt
720 3223 794 3296 quod
808 3238 858 3280 suo
869 3225 895 3280 in
910 3225 971 3281 loco
1024 3225 1097 3282 dicio
1111 3222 1204 3280 sanius
1217 3222 1368 3279 sentientis.

189 3305 229 3359 ol.
245 3304 400 3362 soluatrots
414 3320 463 3361 sua
477 3306 557 3380 quael,
573 3323 624 3363 suo
642 3309 733 3382 utique
748 3309 851 3381 judicio
861 3321 972 3367 roserat
1312 3307 1423 3365 CAPUT
1442 3305 1527 3362 xvrl.

178 3390 302 3462 quidem,
327 3393 377 3449 sed
402 3409 457 3450 non
480 3395 597 3452 soluerat
618 3413 625 3448 ι
640 3399 709 3454 siout
731 3413 786 3454 non
803 3398 886 3455 laudo
900 3399 974 3471 quod
1028 3399 1068 3456 dd
1076 3397 1161 3455 dnbio
1170 3395 1302 3470 quedam
1314 3413 1352 3455 ee
1364 3395 1497 3452 Patribus
1505 3394 1650 3466 proposito
1660 3393 1819 3466 respondet.

180 3479 330 3551 egreditur,
345 3481 383 3535 ite
411 3493 440 3538 ut
455 3483 623 3553 regrediatur
636 3499 691 3540 non
707 3486 829 3556 consulo,
844 3487 868 3542 si
886 3499 975 3544 tamen
1064 3492 1108 3544 tt.
1124 3487 1191 3543 ltem
1205 3484 1350 3557 postulatis
1363 3482 1468 3540 absolvi
1486 3481 1575 3552 vobis,
1595 3481 1702 3538 oursel
1730 3482 1825 3538 beatus

182 3564 215 3621 ad
241 3574 378 3624 remotum
404 3569 581 3644 ignotumque
603 3575 795 3633 monasterium
810 3577 973 3653 migraverit.
1029 3575 1178 3650 Gregorius
1193 3574 1282 3633 nescio
1304 3589 1382 3646 quern
1400 3569 1570 3636 venantium,
1590 3569 1710 3625 babitunr
1729 3584 1825 3625 mona·

177 3655 237 3712 'Gur
250 3657 288 3712 ita
301 3658 316 3713 i
331 3658 401 3726 'lum
410 3667 522 3730 propter
529 3660 604 3718 Pauli
614 3664 784 3738 sententiam,
798 3681 853 3738 qus
868 3667 977 3722 beatum
1030 3665 1148 3732 chalem,
1170 3679 1253 3735 quem
1275 3662 1320 3733 pie
1338 3667 1504 3732 snaospemb
1529 3657 1664 3730 impieque
1686 3659 1823 3730 mimi·

181 3744 324 3802 manifeste
349 3748 514 3817 pronuntiat,
536 3751 580 3818 qui
604 3766 633 3806 se
656 3752 744 3823 ipsum
765 3769 818 3810 non
829 3755 934 3826 judicat
949 3756 976 3812 in
1031 3770 1086 3811 non
1104 3754 1193 3810 solum
1207 3765 1347 3808 resumere
1369 3763 1423 3804 uon
1438 3746 1539 3819 coegit,
1554 3747 1603 3801 sed
1620 3744 1703 3802 etiam
1718 3759 1825 3801 omnem

180 3850 215 3892 eo
231 3837 304 3907 quod
319 3836 512 3908 probaturum.
532 3853 590 3907 ιιι,
606 3840 651 3912 331
674 3859 681 3896 r
702 3848 759 3899 tum
779 3858 813 3899 ex
830 3843 916 3899 nostri
930 3860 978 3900 an·
1031 3841 1131 3915 legitur
1157 3840 1303 3897 indulsisse
1329 3836 1547 3896 communionem
1572 3841 1703 3905 apoststte
1727 3834 1827 3903 perdu-

181 3923 305 3980 ctoritnte
318 3926 452 3997 magistri,
466 3929 512 3998 qui
528 3928 609 3984 talem
624 3936 651 3984 et
664 3928 762 4000 suscipi
774 3930 862 4003 jubet,
880 3940 904 3986 et
920 3934 980 3987 reti·
1033 3929 1182 4003 ranti(l.ib.
1201 3945 1223 3999 t,
1238 3929 1318 4000 epist.
1334 3930 1383 3992 33;
1403 3924 1450 3981 lib.
1470 3940 1512 3996 tx,
1537 3922 1607 3995 epist
1630 3925 1676 3988 35,
1701 3923 1761 3993 31),
1788 3922 1826 3978 rel

180 4012 256 4079 neri;
273 4012 411 4071 inventum
426 4030 533 4088 quoque
559 4017 661 4073 bonum
690 4027 717 4074 et
744 4019 834 4076 utilem
849 4022 979 4078 suasione
1033 4027 1142 4075 sanctus
1157 4015 1325 4091 Augustinus
1338 4013 1459 4086 conjugii
1474 4011 1528 4084 legi
1544 4018 1636 4068 votum
1649 4010 1827 4083 quodamme

221 4099 266 4168 ici,
296 4102 465 4174 professione
502 4105 595 4177 ligari.
619 4106 741 4180 Denique
780 4109 935 4165 suadeatur.
963 4101 1070 4180 »ndo
1084 4105 1210 4178 subjiciat
1226 4102 1414 4174 continentie,
1429 4102 1466 4156 ita
1484 4109 1514 4155 ut
1528 4101 1556 4158 in
1575 4098 1646 4156 libro
1660 4097 1828 4172 desurper·

175 4187 305 4261 inquit«
322 4197 419 4248 utstet
439 4193 514 4266 (llep.
535 4193 781 4266 suenruetteap,
798 4200 854 4268 51).
873 4197 983 4255 »Etne
1038 4207 1090 4254 tate
1124 4208 1244 4250 asserere
1269 4192 1400 4255 ridentur,
1423 4205 1473 4246 nec
1504 4187 1606 4246 caelibis
1636 4187 1749 4259 quidem
1769 4186 1829 4245 rite

184 4277 255 4335 forte
269 4278 366 4349 prioris
380 4279 422 4334 sui
449 4281 604 4340 monasterii
623 4299 736 4355 memor,
757 4287 937 4353 remordente,
953 4297 982 4342 ut
1036 4287 1206 4359 propositum
1238 4280 1343 4353 copule
1371 4295 1451 4350 posse
1479 4278 1655 4351 prescribere
1682 4276 1828 4349 coniugali.

187 4367 297 4434 assolet,
327 4369 502 4438 conscientia,
519 4372 631 4444 incipiat
645 4373 737 4430 denuo
759 4373 884 4447 derupta
899 4375 981 4431 stabi·
1036 4370 1182 4443 quominus
1196 4368 1386 4425 indissolubile
1401 4372 1517 4432 maneat,
1533 4366 1614 4422 etiam
1629 4363 1702 4438 quod
1724 4379 1742 4419 a
1764 4379 1830 4420 eon·

178 4447 261 4513 litate
288 4455 391 4514 causari
414 4458 503 4529 (135);
537 4460 688 4533 generalem
712 4476 795 4533 snper
827 4462 981 4532 hujusmodi
1037 4457 1195 4523 tinentibns,
1207 4454 1318 4512 fallente
1332 4452 1450 4522 diabolo,
1471 4451 1559 4509 fracto
1586 4450 1741 4508 sanctitatis
1759 4460 1830 4512 rotis,

186 4548 314 4621 scrupulo
339 4547 548 4604 consolatoriam
560 4547 662 4619 profert
684 4551 980 4617 sententiumdicens:
1034 4546 1132 4610 initum
1150 4542 1231 4599 luerit
1245 4542 1447 4599 matrimonium
1462 4540 1547 4613 (110).
1568 4539 1602 4595 Bt
1625 4537 1661 4594 ad
1688 4540 1748 4594 brec
1765 4537 1830 4595 nibil

190 4635 289 4712 illique
303 4638 380 4694 enim
394 4637 447 4693 uni
467 4639 520 4694 lieo
535 4635 725 4704 sermionem
740 4639 806 4709 llept
820 4637 978 4695 militatur.
1034 4636 1196 4705 adpraesens
1210 4629 1312 4686 certius
1326 4628 1491 4699 breviusque
1506 4624 1728 4700 respondendum
1739 4640 1832 4683 occar-

223 4749 979 4823 (11515151,ιιιιιιιιῑιιίιιιοιιιιιῑιᾱΡοιιιῑιιῑιιιιι-
1032 4748 1195 4822 Burgundiae
1236 4745 1394 4818 magistrum
1421 4746 1521 4817 arguit,
1545 4759 1611 4829 pag.
1639 4743 1719 4826 ldd'i,
1757 4741 1828 4815 qnod

185 4838 230 4879 ses
243 4821 375 4889 tramlati,
399 4821 432 4877 ad
464 4835 534 4893 quos
559 4820 692 4896 insignem
716 4822 809 4877 scribit
837 4821 979 4892 epistolam
1033 4820 1183 4880 monachos
1196 4821 1280 4891 atque
1293 4816 1430 4873 monioles
1462 4815 1659 4888 ortpatbtteum
1672 4819 1830 4895 sensurae

186 4894 282 4951 Petrus
297 4893 436 4961 cellensis,
451 4891 480 4946 in
491 4900 569 4958 ‚tomo
583 4891 607 4947 ll
626 4892 774 4964 spicilegii,
790 4909 851 4966 pag.
867 4894 978 4959 illuni
1032 4892 1212 4966 professionis
1220 4890 1430 4959 votcnrpttene
1450 4887 1563 4943 lotionis
1570 4885 1832 4945 rennuentem

175 4965 248 5031 ‚vide
262 4973 290 5021 st
302 4964 369 5019 duas
382 4971 537 5034 sequentes.
1033 4957 1826 5038 uinculumporsemctrt'rnoniumcontrqbsreassereret:

221 5037 297 5106 (133)
313 5033 575 5106 Quantasllemsrdo
595 5034 666 5090 rixas
679 5032 835 5091 incesserint
845 5035 979 5105 ejusmodi
1034 5045 1088 5091 tum
1104 5050 1138 5089 ex
1152 5033 1266 5089 concilio
1281 5033 1407 5088 ilemensi
1427 5030 1478 5086 sub
1497 5027 1619 5099 dugeuro
1631 5025 1745 5110 lll,ubr
1762 5041 1829 5096 epus

186 5108 382 5178 susceptiones,
397 5105 477 5164 variae
490 5105 606 5176 probant
619 5106 677 5175 ejus
690 5104 823 5176 epistole,
837 5121 933 5176 nempe
951 5109 978 5176 3,
1034 5105 1106 5162 rnudi
1121 5103 1290 5160 matrimonia
1304 5101 1379 5156 irritu
1396 5116 1428 5156 ac
1448 5101 1521 5155 nulla
1544 5115 1602 5155 esse
1626 5097 1723 5154 debnrt
1745 5110 1830 5170 canen

186 5181 232 5248 33,
243 5179 289 5243 33,
305 5181 340 5234 65
354 5192 416 5234 cunr
433 5175 519 5232 tribus
532 5192 591 5248 sqq.
608 5176 670 5232 item
691 5177 754 5248 353,
769 5178 831 5247 133,
847 5179 910 5246 313,
926 5180 979 5234 335
1030 5180 1058 5243 t,
1074 5176 1154 5233 etiam
1172 5174 1201 5230 in
1221 5172 1366 5231 Conversis
1376 5171 1518 5246 professis.
1536 5171 1629 5243 Longe
1642 5177 1705 5250 ante
1718 5166 1832 5247 Grego-

187 5258 215 5305 et
227 5250 289 5305 335.
304 5249 403 5305 Confer
417 5246 547 5320 epistolas
561 5249 596 5304 31
611 5253 638 5303 et
652 5248 715 5313 stt,
731 5258 757 5304 et
785 5248 900 5303 maxime
913 5247 980 5303 Cas·
1032 5250 1089 5304 rius
1104 5251 1218 5316 llagnus
1242 5245 1399 5312 monachos,
1424 5243 1470 5317 qui
1497 5255 1598 5298 uxores
1625 5241 1779 5302 duxissent,
1806 5253 1833 5290 ru

187 5320 301 5384 sunum,
312 5319 409 5377 Collat.
431 5321 475 5385 15,
486 5334 546 5386 cap.
562 5321 579 5372 5
593 5330 619 5375 et
634 5334 694 5391 sqq.
1033 5317 1229 5375 monasterium
1244 5314 1365 5371 revocari
1381 5315 1459 5394 jubet
1475 5315 1502 5369 in
1525 5312 1608 5394 lib-r,
1635 5310 1753 5380 epistole
1774 5309 1810 5365 55
1826 5325 1833 5361 :

223 5390 298 5459 (llil
313 5391 496 5461 Quaeatiouem
522 5389 590 5447 banc
604 5390 732 5446 bernardi
747 5405 805 5445 evo
820 5389 905 5448 fuisse
918 5405 980 5445 seu·
1032 5391 1144 5446 eosdem
1172 5403 1236 5444 vero
1260 5392 1477 5442 excommumcat
1504 5387 1650 5458 consultum
1678 5380 1836 5438 Gbslcedo·

188 5459 290 5516 tilatam
320 5471 393 5534 petet
432 5469 486 5513 turn
520 5476 553 5513 es
581 5459 733 5528 ttbselerdo,
762 5461 807 5531 qui
835 5463 980 5533 quemdam
1037 5460 1266 5527 nemusculo.
1282 5454 1516 5513 l’aulodissimilis
1534 5463 1577 5511 eat
1597 5447 1841 5528 argumentlber·
