3728 5940
95 204 165 264 tres
722 207 914 269 l'lthTleJS
933 209 975 268 bn
993 208 1110 270 callo.

1672 188 1744 277 riio'
1831 284 1834 289 ,

95 328 189 400 pr'nnte
203 327 340 392 maneria,
366 335 459 384 contra
486 328 667 386 inventionem
691 331 753 400 ejus
779 332 891 389 omnino
905 342 929 423 st
945 333 1023 402 peril
1037 330 1185 388 rotundum
1199 330 1290 402 potins
1303 330 1399 403 primae
1409 346 1490 403 quarn
1501 342 1603 403 quarte
1612 335 1742 392 maneriae

95 433 201 492 ageres,
217 425 244 473 et
271 416 432 474 institutioni
452 416 577 475 obviares
591 416 711 474 finalium
727 437 734 476 ;
751 420 813 492 quia
829 421 889 475 nul·
945 429 1040 476 cantus
1058 419 1192 474 terminet.
1215 417 1292 488 Quis,
1309 417 1434 485 obsecro,
1461 420 1583 476 musicus
1608 423 1745 493 patienter

96 508 139 562 lus
153 509 249 564 cantus
264 514 340 562 extra
357 505 534 563 bnalemsuae
547 507 674 564 maneriae
687 509 827 566 terminari
842 510 891 565 de·
943 508 1023 580 ierat,
1039 518 1069 566 ut
1086 516 1182 565 cantus
1210 509 1257 581 qui
1272 509 1417 581 propriam
1430 517 1457 564 et
1490 512 1639 567 naturalem
1661 513 1746 570 habet

96 595 152 652 bet.
166 595 246 666 Quod
257 610 260 614 ·
270 595 293 650 si
308 595 420 666 dixeris,
435 595 459 652 G
473 595 582 652 finalem
596 613 657 654 esse
683 596 781 670 primae
806 614 856 670 per
870 598 890 653 B
945 596 1054 654 finalem
1069 600 1102 664 b,
1130 608 1228 655 octavo
1256 606 1321 653 tono
1335 597 1501 653 attribuatur
1515 613 1522 653 ε
1538 599 1585 671 qui
1599 615 1663 657 raro
1676 616 1745 673 pro·

97 686 245 742 rotundum
257 702 264 743 ;
276 684 440 757 respondeo,
455 685 508 741 boc
526 700 587 743 essa
605 703 661 742 non
674 704 767 759 posse.
784 689 824 743 ad
839 687 891 743 hoc
944 687 1033 758 priam
1061 696 1088 744 et
1114 686 1269 743 naturalem
1296 687 1378 743 habet
1392 685 1502 744 finalem
1517 689 1550 754 rt,
1576 689 1747 762 subquarta

97 775 172 829 enim
185 783 215 831 ut
229 772 319 830 finalis
334 782 408 831 esset
417 775 513 847 primas
532 776 673 847 innuerim,
702 776 891 833 necessarium

97 871 174 919 esset
185 870 215 918 ut
230 864 380 920 secundum
394 865 550 920 naturalem
565 865 715 921 litterarum
729 866 892 938 dispositio·

99 968 161 1006 nem
175 951 390 1024 ascenderetper
401 960 495 1009 tonum
511 959 538 1010 et
552 954 737 1022 semitonium,
752 956 825 1029 quod
840 971 893 1010 nec

99 1040 118 1095 ll
133 1042 290 1108 rotundum,
306 1057 356 1099 nec
369 1042 441 1098 aliud
455 1041 596 1115 quidpiam
610 1045 635 1100 ei
649 1053 739 1117 potest
757 1044 891 1100 oonierre.

100 1130 172 1187 Licet
186 1131 269 1204 igitur
295 1132 407 1189 concedi
420 1133 518 1206 possit,
534 1143 628 1191 cautus
652 1136 747 1206 primae
762 1133 893 1190 manerias

99 1220 292 1294 quoquomodo
315 1237 397 1293 posse
416 1222 504 1280 notari
518 1223 560 1280 vel
591 1225 692 1281 canmri
711 1224 777 1281 inG
800 1237 850 1296 per
872 1223 894 1279 b

101 1310 258 1382 rotundum,
283 1311 437 1368 nullatenus
452 1319 543 1370 tamen
558 1312 762 1370 concedendum
784 1320 836 1381 est,
852 1312 893 1371 vel

101 1399 151 1465 sic,
166 1400 208 1456 vel
218 1401 297 1456 aliter
308 1400 403 1458 Gesse
418 1400 526 1457 iinalem
537 1401 619 1467 illius,
635 1402 797 1473 impediente
811 1416 893 1473 quam

101 1488 219 1544 diximus
247 1491 416 1547 necessitate.
442 1491 558 1548 Proinde
583 1506 645 1564 quae
670 1491 784 1561 utilitas,
799 1506 894 1562 quaere

948 785 1014 834 tono
1029 777 1227 833 contineatur?

982 867 1009 919 5.
1036 866 1138 921 llorum
1162 880 1229 939 ergo
1256 872 1387 921 cantuum
1403 866 1431 920 in
1446 866 1469 922 h
1485 866 1701 941 tenninantinm,
1717 867 1749 925 in

947 953 1048 1024 quibus
1072 965 1196 1010 naturam
1208 953 1326 1009 suiiocat
1340 953 1497 1020 similitudo,
1514 955 1668 1013 necessaria
1682 970 1747 1014 cor-

947 1043 1032 1100 rectio
1047 1053 1110 1099 est:
1129 1043 1193 1115 quia
1215 1043 1341 1099 dissoluti
1368 1059 1417 1115 per
1445 1043 1654 1116 appositionem,
1685 1058 1749 1119 qnae

949 1140 1039 1205 partas
1051 1132 1258 1203 compositionis
1274 1134 1451 1202 contaminat,
1468 1133 1584 1190 alterum
1602 1133 1747 1206 inprinci-

949 1222 1004 1294 pio,
1021 1224 1137 1279 alterurn
1154 1222 1182 1276 in
1197 1221 1249 1278 fine
1277 1230 1372 1277 tonum
1398 1222 1531 1279 redolent.
1548 1227 1578 1279 ln
1593 1223 1747 1282 vetustissi-

948 1312 1001 1367 mis
1016 1327 1178 1384 magnorum
1197 1311 1429 1369 monasteriorum
1442 1312 1618 1370 bibliothecis
1640 1313 1750 1386 elegan-

950 1400 1086 1458 tissimum
1102 1400 1241 1474 quoddam
1259 1399 1326 1457 artis
1348 1400 1459 1457 musicae
1482 1401 1650 1458 breviarium
1665 1417 1749 1475 rspe-

949 1491 1028 1558 ritur,
1044 1490 1116 1563 qnod
1132 1490 1172 1547 sic
1199 1490 1303 1562 incipit,
1326 1488 1491 1559 «Quoniam
1515 1492 1595 1561 pauci
1620 1499 1686 1548 sunt
1708 1505 1747 1549 t·

101 1577 236 1634 industria
247 1586 299 1647 est,
315 1589 345 1636 ut
359 1580 387 1636 in
402 1580 489 1636 aliena
502 1578 575 1635 iiuali
590 1590 701 1637 cantum
712 1581 830 1652 aliquem
844 1593 894 1635 ao·
953 1580 1026 1652 quod
1040 1579 1151 1651 quidem
1167 1578 1195 1633 iu
1214 1587 1291 1650 parte
1311 1577 1377 1651 legi,
1394 1577 1443 1634 sed
1457 1594 1558 1636 nomen
1573 1578 1692 1638 auctoris
1707 1594 1750 1636 me

103 1667 273 1725 oideutaliter
286 1661 375 1735 notes,
386 1685 466 1740 quem
485 1668 646 1725 innaturali
668 1685 702 1726 ac
723 1668 836 1741 propria
847 1683 897 1724 nn·
914 1630 937 1709 Β
952 1667 1055 1742 legisse
1069 1683 1125 1722 non
1139 1667 1240 1723 recolo.
1266 1668 1297 1721 ln
1311 1683 1354 1736 eo,
1380 1666 1403 1722 si
1423 1666 1493 1724 bene
1515 1668 1636 1735 memini,
1651 1670 1749 1740 hujus·

104 1763 162 1812 tare
177 1765 265 1830 potes,
282 1774 315 1812 eo
329 1758 452 1814 securius
475 1773 530 1828 quo
559 1756 840 1829 irreprehensibilius,
865 1772 898 1813 eo

104 1844 267 1901 laudabilius
280 1861 335 1918 quo
353 1846 519 1919 diligentius,
534 1861 567 1902 eo
587 1845 691 1917 gratius
711 1863 766 1920 quo
782 1847 898 1903 veriusl

105 1935 219 2004 Propter
233 1934 284 1991 hoc
298 1950 332 1990 ne
354 1933 469 1992 vitiosus
492 1942 539 1991 aut
558 1934 714 2008 superfluus
738 1934 897 2001 inveniaris,

105 2025 152 2078 ubi
167 2038 281 2080 necesse
294 2033 336 2079 est
348 2023 523 2080 Brotundum
538 2024 649 2081 studeas
663 2041 811 2098 apponere,
825 2025 899 2098 quod

107 2112 235 2168 nimirum
249 2112 399 2170 necessitas
419 2114 565 2172 adinvenit.
591 2115 687 2171 Nullus
715 2116 787 2173 enim
805 2121 901 2171 cautus

107 2202 153 2273 qui
168 2203 226 2259 sine
241 2206 302 2275 ipso
317 2202 404 2259 notari
423 2213 523 2275 potest,
538 2220 587 2277 per
601 2205 690 2277 ipsum
701 2205 790 2261 n'otari
808 2206 900 2262 debet.

107 2290 161 2360 Qui
176 2300 239 2346 suut
252 2292 300 2363 qui
317 2289 403 2348 697
420 2295 479 2348 sine
498 2293 558 2366 ipso
574 2294 663 2351 notari
679 2311 734 2351 non
757 2296 901 2368 possunt?

107 2379 161 2448 Qui
175 2381 248 2452 apud
262 2383 387 2438 eamdem
402 2381 530 2450 litteram,
543 2385 625 2440 modo
637 2394 740 2455 tonum,
761 2386 844 2442 modo
859 2400 903 2442 se·

107 2470 249 2525 mitonium
265 2471 374 2526 babent.
390 2470 460 2540 Quia
474 2482 564 2529 tamen
587 2483 766 2545 superacutas
788 2483 814 2530 ct
834 2475 903 2531 rici·

108 2574 159 2615 nas
169 2559 237 2630 ipsis
245 2558 350 2616 litteras
364 2561 454 2616 miuus
468 2570 547 2617 notas
561 2562 662 2619 habent
674 2563 823 2634 imperfecti
837 2579 903 2620 can·

110 2656 184 2705 tores
199 2665 207 2715 3
224 2647 373 2704 infirmitati
387 2663 483 2707 sorum
501 2651 721 2707 condescendens
735 2655 904 2710 consuetudo

952 1756 1026 1812 modi
1041 1764 1137 1813 cantus
1150 1755 1237 1823 nothi,
1253 1755 1281 1812 id
1293 1763 1335 1813 est
1344 1755 1508 1830 degeneres,
1519 1765 1547 1814 et
1561 1773 1616 1814 non
1638 1757 1750 1833 legitimi

952 1845 1078 1919 appellati
1094 1854 1171 1912 sunt;
1202 1861 1235 1903 eo
1248 1846 1333 1918 quod,
1361 1853 1391 1901 ut
1404 1844 1443 1901 ibi
1465 1845 1577 1918 legitur,
1603 1849 1750 1921 saeptimo

952 1942 1018 1994 tono
1033 1935 1172 2007 incipiant,
1187 1943 1214 1992 et
1227 1935 1355 1992 eumdem
1367 1935 1395 1990 iu
1409 1935 1500 1993 medio
1514 1945 1666 2008 servantes,
1678 1938 1751 1994 circa

954 2025 1038 2082 finem
1059 2024 1235 2100 degenerent,
1251 2025 1315 2082 aliis
1330 2024 1357 2080 in
1383 2025 1483 2097 primo,
1512 2025 1576 2081 aliis
1602 2027 1631 2081 in
1655 2036 1751 2100 quarto

954 2124 1019 2172 tono
1045 2114 1232 2172 desinentibus
1249 2133 1256 2170 :
1281 2115 1421 2186 imprimo,
1438 2115 1536 2173 sieut·
1556 2115 1597 2170 Ex
1610 2130 1666 2189 qno
1679 2115 1752 2172 iacta

956 2214 1018 2273 est·;
1033 2224 1046 2257 a
1063 2205 1091 2259 in
1104 2213 1211 2276 quarto,
1219 2203 1314 2262 sicut«
1335 2204 1480 2262 Benedicta
1489 2205 1550 2276 tul»
1563 2205 1629 2261 Fine
1637 2204 1754 2277 proinde

955 2301 1139 2366 competenter
1153 2301 1270 2360 mutato,
1281 2309 1377 2350 omnes
1390 2292 1548 2365 hujusmodi
1563 2301 1659 2349 cantos
1669 2294 1757 2350 atilae·¹

956 2383 1073 2455 ptimum
1089 2392 1182 2440 tonum
1210 2381 1333 2438 redactos
1347 2381 1479 2453 reperies.
1504 2382 1606 2437 llorum
1623 2390 1754 2438 cantuum

957 2470 1018 2528 dun
1032 2470 1293 2529 suntdiversirates.
1322 2469 1438 2541 Quidam
1452 2469 1525 2526 enim
1552 2484 1650 2528 eorum
1669 2470 1704 2527 ab
1723 2484 1756 2527 en

957 2560 1046 2617 littera
1072 2560 1101 2616 in
1125 2575 1179 2633 qua
1193 2559 1335 2631 incipiunt,
1350 2559 1430 2615 hilari
1453 2566 1530 2615 motu
1555 2558 1706 2617 ascendunt
1721 2560 1755 2615 sd

959 2649 1081 2720 quintam
1107 2657 1134 2705 et
1162 2655 1277 2721 pausant
1291 2649 1319 2703 in
1333 2664 1374 2715 ea,
1391 2650 1443 2705 sub
1457 2662 1512 2720 qua
1527 2647 1579 2704 nisi
1595 2649 1673 2720 prins
1686 2653 1758 2705 meet

111 2738 246 2810 quosdam
255 2745 351 2794 cantus
369 2739 451 2811 perB
467 2739 614 2795 rotundum
627 2749 702 2797 notat
716 2741 841 2811 iniurius,
857 2741 904 2814 qui
960 2747 1049 2806 tonus,
1080 2738 1179 2796 deinde
1194 2739 1379 2808 semitonium,
1413 2745 1511 2810 postea
1539 2745 1596 2794 tres
1615 2737 1683 2806 toni,
1699 2753 1760 2810 qua.

112 2829 184 2898 apud
193 2828 338 2900 predictas
348 2827 451 2884 litteras
465 2827 524 2884 sine
539 2831 776 2901 ipsooommodius
790 2839 904 2903 possent
957 2828 1101 2900 dispositio
1120 2839 1216 2902 potest
1228 2828 1341 2900 reperiri
1355 2835 1460 2883 mutum
1480 2829 1533 2884 snb
1546 2843 1577 2884 ea
1591 2827 1681 2884 littera
1694 2842 1757 2899 qnos

112 2916 212 2972 notari.
232 2917 290 2975 Nos
298 2933 362 2974 vero
381 2917 513 2985 volentes,
529 2921 559 2973 ut
578 2919 649 2976 sicut
661 2918 816 2991 inferiores,
833 2921 906 2978 itaet
921 2913 944 2992 Q
958 2918 1052 2991 quinta
1066 2927 1107 2976 est
1121 2936 1137 2976 a
1153 2918 1224 2975 duali
1240 2917 1348 2990 septimi
1370 2917 1436 2983 toni,
1452 2932 1508 2973 nou
1522 2923 1637 2988 possent
1651 2914 1690 2972 ibi
1706 2930 1759 2972 no·

113 3007 267 3076 superiores
286 3006 315 3061 in
350 3023 402 3062 uso
430 3007 578 3063 habeantur
598 3009 672 3063 etin
698 3010 793 3067 notitia
816 3010 907 3078 (aliter
962 3007 1014 3064 tari
1029 3007 1143 3081 reliqum
1157 3015 1250 3079 partes
1265 3021 1360 3063 eorum
1380 3012 1518 3073 cantuum,
1531 3012 1562 3061 nt
1575 3013 1652 3077 potes
1665 3003 1760 3061 rldsrs

113 3095 185 3150 enim
209 3092 311 3151 frustm
338 3097 524 3168 haberentur),
542 3113 730 3172 quoscumque
745 3106 841 3155 mutus
855 3115 908 3155 nn·
961 3094 990 3150 in
1007 3117 1019 3148 s
1034 3095 1179 3153 Benedicta
1194 3103 1234 3167 to,
1253 3119 1263 3144 ι
1291 3103 1318 3149 rt
1341 3093 1477 3150 similibus
1491 3093 1626 3161 cantibus,
1642 3093 1690 3165 qui
1703 3101 1760 3146 tam

116 3195 176 3240 tura
190 3182 295 3242 confert
315 3183 502 3258 interioribus,
529 3202 577 3244 eos
599 3187 628 3243 in
655 3188 722 3260 ipsis
750 3188 909 3245 terminatos
963 3187 992 3242 in
1006 3185 1105 3259 capita,
1135 3199 1216 3257 quam
1230 3184 1260 3240 in
1275 3190 1332 3240 toto
1360 3197 1476 3252 corpore
1490 3180 1536 3238 tali
1550 3188 1657 3238 utentes
1670 3181 1761 3252 dispo·

115 3274 247 3345 reperies.
268 3274 458 3332 Terminantur
471 3291 538 3332 vero
557 3277 585 3333 in
599 3278 786 3350 superioribus
800 3277 847 3350 qui
861 3293 909 3335 aas
963 3272 1071 3340 sitione,
1089 3274 1271 3326 transmutato
1288 3265 1453 3326 circafinem
1468 3267 1545 3339 perB
1559 3265 1706 3325 rotundum
1720 3279 1763 3322 se-

117 3363 273 3422 naturaliter
296 3365 396 3422 habent
409 3363 515 3422 finales.
546 3366 676 3423 Similiter
700 3368 841 3425 sciendum
868 3375 911 3423 est
963 3360 1085 3428 mironio,
1116 3369 1238 3416 ssllllllffl
1271 3356 1384 3417 Slsslffllll
1409 3356 1477 3427 ‘⁰¹¹ls
1501 3365 1529 3414 Pl
1553 3354 1762 3412 ‘imillllldlfllffl'

117 3451 152 3506 de
171 3453 378 3526 bacantiphona
399 3455 571 3513 «Benedicta
586 3464 624 3522 tu,
643 3477 655 3507 a
671 3466 697 3514 et
710 3457 908 3522 consimilibus,
965 3450 1055 3524 quarti
1074 3449 1197 3506 ordinate
1225 3448 1369 3521 recipiunt.
1385 3447 1501 3518 Propter
1519 3444 1576 3504 hoo
1592 3447 1665 3504 circs
1679 3444 1761 3502 mem

118 3557 179 3613 quae
193 3541 220 3596 in
232 3541 256 3596 t
270 3549 374 3598 tantum
384 3543 524 3600 terminari
533 3552 658 3616 possunt,
672 3547 746 3616 quod
760 3547 911 3602 secundum
965 3539 1111 3595 mutatione
1126 3539 1289 3610 indigentes,
1301 3537 1330 3590 in
1344 3551 1376 3591 ‘a
1389 3541 1468 3606 parts
1481 3533 1596 3592 ⁰0ll00ll
1611 3540 1685 3590 sunl·
1695 3533 1762 3604 (Μ’

118 3629 275 3701 hujusmodi
293 3630 499 3702 dispositionem
519 3632 712 3703 proculdubio
739 3632 835 3704 primoe
848 3640 912 3690 sunt
965 3627 1029 3683 dam
1050 3640 1115 3685 vero
1131 3633 1204 3692 sunta
1219 3624 1265 3696 qui
1280 3625 1314 3678 lb
1333 3637 1366 3678 θα
1380 3622 1468 3678 llllel'l
1489 3621 1518 3677 5¹¹
1544 3637 1600 3694 (1⁰⁸
1617 3619 1761 3694 incipiunt,

120 3719 257 3788 maneriae,
273 3727 300 3776 et
318 3735 374 3775 oon
394 3729 501 3792 quarto,
517 3720 565 3777 sed
588 3721 708 3778 secundo
733 3730 798 3778 tono
823 3720 912 3794 appli-
968 3724 1032 3771 tono
1061 3714 1152 3770 statim
1170 3714 1354 3786 damnantur,
1369 3717 1397 3765 ll
1418 3709 1562 3767 felleum&
1589 3711 1624 3766 ld
1639 3719 1763 3782 quartam

117 3811 213 3866 cande
228 3818 299 3865 suut.
322 3809 393 3866 Ecce
406 3808 480 3865 enim
495 3810 553 3866 haec
566 3809 715 3882 antiphona
735 3830 750 3864 s
765 3809 912 3867 benedicta
966 3811 1083 3876 pausant
1097 3804 1125 3859 in
1148 3817 1189 3871 ea,
1216 3800 1291 3874 qood
1303 3797 1394 3875 magis
1408 3797 1515 3858 ridetur
1528 3798 1675 3872 plagalium
1689 3812 1761 3866 0³⁸⁰,

119 3911 157 3971 tu,
175 3920 186 3951 ι
205 3899 233 3953 ἰιι
256 3899 375 3970 quodam
388 3899 449 3956 loco
461 3914 545 3972 supra
567 3899 678 3956 finalem
693 3907 800 3967 tonum,
817 3906 913 3971 postea
967 3893 1048 3960 sieut,
1063 3914 1074 3946 t
1092 3892 1226 3949 Dominus
1238 3889 1376 3963 regiique,
1395 3908 1408 3942 ⁸
1424 3895 1461 3960 el,
1484 3909 1495 3939 ⁴
1523 3887 1589 3945 P⁰⁸l
1613 3895 1763 3962 limum-⁸

117 3988 288 4046 semitonium
318 3989 477 4046 naturaliter
501 3990 581 4046 babet
599 4005 648 4062 per
675 3991 696 4046 a
724 3991 887 4063 quadratum
903 4008 910 4061 3
968 3983 1024 4039 llos
1041 3999 1107 4057 ergo
1120 3997 1176 4039 non
1190 3982 1278 4038 solnm
1298 3981 1325 4037 in
1349 3978 1410 4048 dne,
1424 3977 1473 4034 sed
1487 3977 1569 4034 etism
1587 3979 1616 4034 in
1628 3977 1766 4051 principio

116 4080 179 4135 alibi
195 4079 269 4150 prius
283 4079 468 4148 semitonium,
485 4079 582 4137 deinde
597 4090 690 4135 tonum
715 4095 764 4151 per
778 4080 797 4136 B
810 4088 910 4152 ,rotun
971 4081 1090 4130 mutatos
1104 4073 1233 4143 invenias,
1248 4076 1277 4126 rit
1291 4069 1408 4141 septimo
1419 4076 1485 4126 tono
1498 4065 1603 4142 ubique
1616 4067 1764 4125 arrideant.

117 4171 192 4226 dum.
217 4168 296 4238 Qun,
316 4169 442 4238 obsecro,
459 4169 650 4242 perspicacitas
664 4177 706 4226 est
728 4169 762 4225 ad
782 4169 913 4240 jndican·
969 4165 1079 4221 lterum
1093 4160 1303 4236 praemonendus
1317 4156 1405 4216 Μ
1420 4174 1450 4215 es
1458 4157 1495 4216 de
1508 4155 1634 4214 finalibus
1644 4156 1767 4218 tertiaeet

116 4259 181 4313 dum
196 4258 230 4314 de
245 4270 325 4316 cantu
351 4259 398 4315 illo
413 4259 491 4329 cuius
511 4259 545 4316 sit
554 4259 691 4327 maneriae,
705 4258 831 4316 accidens
844 4275 916 4331 prae·
972 4264 1075 4328 quartae
1093 4251 1230 4322 maneria,
1259 4251 1331 4323 apud
1350 4264 1417 4322 qoas
1441 4246 1566 4305 similiter
1578 4262 1677 4324 magna
1692 4246 1768 4306 inre·
1790 4285 1793 4292 ·

119 4347 182 4405 terri
198 4357 323 4405 naturae:
355 4357 458 4405 etcum
475 4350 511 4406 sit
534 4349 792 4422 primosecundum
809 4358 918 4407 natura·
973 4345 1048 4401 nitor
1062 4343 1197 4400 conlusio.
1215 4341 1284 4398 Sunt
1297 4339 1369 4396 enim
1384 4338 1491 4412 qnidam
1505 4337 1766 4405 miserrimiosntue,

118 4437 183 4508 lem,
197 4438 316 4510 judicari
331 4439 461 4495 secundae
483 4442 635 4496 secundum
651 4439 847 4498 accidentalem
862 4440 919 4496 dis·
974 4434 1075 4492 nullius
1098 4431 1226 4488 maneriae
1253 4430 1386 4487 babentes
1412 4429 1615 4511 proprietatem,
1630 4425 1677 4500 qui
1690 4442 1768 4501 toque

119 4528 315 4601 positionem?
330 4528 365 4585 llt
378 4537 467 4585 autem
482 4529 571 4604 magis
585 4530 694 4587 mireris
711 4538 738 4588 et
766 4531 918 4588 abhorreas

118 4618 275 4690 hujusmodi
288 4617 429 4691 ineptiam,
441 4617 544 4690 inspice
558 4620 824 4692 bancantiphonam‚
843 4624 919 4678 «Pe-

119 4713 172 4775 trs,
189 4725 264 4765 amaa
278 4723 333 4776 ms,
352 4727 365 4762 s
380 4717 406 4764 et
419 4709 519 4766 multas
531 4709 598 4766 alias
611 4711 785 4780 hujusmodi:
796 4726 843 4769 eas
858 4728 920 4785 pro-

119 4799 194 4856 iecto
208 4798 330 4858 iuvenies
352 4790 512 4855 naturaliter
535 4800 637 4857 hahere
651 4815 736 4872 supra
749 4799 860 4856 finalem
875 4809 921 4858 to·

120 4905 184 4946 num
200 4897 226 4945 et
239 4889 415 4945 semitonium
432 4904 481 4961 per
501 4889 521 4945 B
537 4891 626 4957 molle,
649 4897 676 4946 el
689 4906 823 4962 nusquam
839 4891 920 4947 semi-

122 4981 224 5034 tonium
239 4986 264 5034 et
290 4986 385 5034 tonum
400 4994 451 5049 per
469 4979 490 5034 b
514 4980 667 5035 rotundum.
688 4979 743 5034 Cur
765 4995 832 5052 ergo
844 4981 920 5050 jndi-

120 5076 216 5122 cantur
235 5083 296 5124 esse
318 5067 473 5122 secundae?
496 5066 625 5125 Similiter
644 5071 713 5126 hanc
732 5070 920 5142 antiphonam,

127 5158 211 5212 «Nos
227 5158 273 5229 qui
297 5155 425 5224 risimus,
444 5177 457 5210 o
473 5159 623 5215 secundum
646 5161 719 5232 quod
744 5160 802 5219 iere
822 5159 922 5231 ubique

125 5255 269 5315 cantatur,
304 5260 365 5303 cum
384 5246 571 5319 principaliter
588 5264 621 5306 ac
648 5249 761 5323 proprie
782 5248 921 5308 terminari

123 5337 220 5393 habeat
235 5339 262 5392 in
277 5337 311 5407 D,
328 5344 355 5393 ct
374 5336 409 5393 sit
423 5337 537 5394 secundi
560 5337 627 5411 toni,
642 5348 736 5397 notant
759 5355 817 5397 eam
833 5338 919 5412 iniqui

973 4524 1114 4581 terminari
1138 4529 1252 4597 possunt
1265 4522 1293 4577 in
1322 4520 1343 4577 C
1368 4526 1394 4578 et
1414 4518 1443 4575 in
1460 4518 1496 4590 G,
1526 4534 1588 4591 quta
1601 4516 1768 4574 direrssrnnr

976 4624 1044 4672 sunt
1058 4613 1153 4671 finales
1168 4610 1361 4668 maneriarum.
1377 4607 1495 4679 Quidam
1523 4622 1604 4680 super
1625 4607 1697 4664 banc
1710 4618 1769 4664 rem

975 4704 1133 4779 diligentius
1153 4703 1289 4760 intuentes
1312 4700 1414 4766 dicunt,
1431 4705 1460 4756 et
1472 4697 1543 4756 bene
1556 4696 1659 4769 dicunt,
1676 4694 1771 4754 omnes

977 4797 1037 4854 illos
1061 4803 1155 4851 cantus
1171 4808 1231 4849 esse
1243 4790 1415 4863 irregulares,
1440 4803 1509 4861 qrros
1527 4786 1627 4844 nullius
1640 4783 1770 4845 maneriae

975 4885 1108 4944 certitudo
1137 4880 1280 4957 distinguit
1303 4896 1309 4938 :
1331 4887 1357 4937 et
1374 4878 1497 4950 indicant
1524 4877 1645 4935 omnium
1672 4876 1772 4935 horum

978 4985 1109 5034 mutuum
1129 4975 1167 5030 ita
1180 4973 1282 5029 debere
1303 4970 1346 5026 rel
1361 4969 1469 5026 extendi
1484 4966 1713 5041 progressionem,
1727 4963 1772 5023 rel

977 5062 1205 5136 compositionem
1219 5059 1328 5125 variari,
1344 5067 1374 5116 nt
1394 5059 1420 5114 in
1449 5056 1576 5114 iinalibns
1602 5057 1773 5114 diversarum

977 5154 1162 5211 maneriarum
1167 5149 1308 5209 terminari
1318 5149 1477 5208 nullatenus
1487 5144 1653 5219 possinsltis
1660 5142 1775 5220 proinde

979 5243 1143 5302 miserrimis
1161 5240 1288 5300 cantibus
1312 5255 1390 5298 suam
1405 5236 1625 5296 incertitudinem
1639 5233 1735 5294 laritsr
1747 5239 1775 5291 et

980 5333 1102 5394 breritsr
1116 5332 1239 5391 ablatam
1261 5330 1394 5400 insanies,
1418 5333 1449 5387 ut
1469 5330 1526 5401 jsrn
1540 5342 1595 5385 non
1609 5326 1649 5383 sis
1661 5323 1773 5391 domna

123 5428 349 5501 prevaricatores
361 5427 391 5483 in
403 5426 428 5484 G
443 5429 525 5500 peril
539 5429 693 5499 rotundum,
709 5439 737 5487 et
749 5436 918 5490 sacramento
987 5425 1089 5502 quibus
1103 5422 1229 5497 singulos
1252 5419 1379 5478 finalibus
1396 5418 1533 5494 applicare
1545 5417 1658 5476 debeas.
1672 5412 1775 5474 ouum

121 5525 251 5576 asserunt
264 5518 329 5575 eam
340 5530 401 5574 esse
423 5516 511 5579 ocari
526 5517 593 5592 toni,
607 5517 672 5578 lieet
684 5519 756 5593 opud
775 5517 925 5578 eosdemti
985 5515 1070 5591 igitur
1084 5522 1180 5572 cantus
1202 5510 1298 5588 primae
1316 5506 1495 5586 manedoe,ld
1517 5513 1560 5566 est
1571 5505 1655 5582 primi
1667 5504 1775 5567 selse-
