3728 5940
168 208 221 271 an
457 184 460 189 ’
626 201 654 260 s.
682 196 850 261 nannnnnr
876 195 1012 259 sanans
1037 193 1350 271 mmmvnumnsrs
1766 194 1825 256 arr

136 391 142 401 ,
166 331 330 392 conditionis
347 340 374 386 et
390 325 538 385 nobilitatis
560 323 667 389 oblitas,
692 340 761 397 quas
785 338 840 380 non
861 321 962 393 pudeat
979 335 1003 415 Α
1022 329 1079 378 tant
1099 320 1226 378 homines
1258 319 1405 392 iniquitatis
1431 319 1569 391 mysteria,
1600 320 1665 376 dum
1692 321 1825 377 vanitatis

167 424 258 498 porcis
273 422 299 477 in
313 416 465 474 ministerio
480 414 628 488 subjugari,
645 413 672 469 in
696 411 831 468 desiderio
854 409 960 482 sociari,
1019 409 1239 476 consiliamini,
1254 410 1319 466 dum
1334 407 1521 480 perambulant
1537 409 1563 464 in
1589 408 1697 466 enebris
1712 409 1825 484 negotia

167 529 218 569 noc
241 511 279 566 sic
304 518 391 563 tarnem
415 503 517 561 infelici
545 502 634 560 edulio
658 500 757 559 sedari.
785 499 860 558 Unde
890 499 964 555 enirn
1018 499 1197 556 tenebrarum.

166 604 224 657 baec
237 605 310 653 tanta
327 593 533 667 pusillanimitas
546 600 573 649 et
586 591 701 665 abjectio
716 602 768 645 tem
787 588 958 654 miserabilis,
1316 639 1431 696 CAPUT
1446 641 1485 696 [x

168 697 195 744 ut
209 685 320 760 egregia
337 691 471 749 creature,
496 697 588 754 capax
611 690 719 738 aeternae
742 677 917 736 beatitudinis
937 686 966 732 et
1488 683 1497 698 ·

165 777 260 850 gloria
273 772 362 844 magni
378 772 436 837 Dei,
453 777 545 842 utpote
560 772 639 840 cujus
650 769 685 825 sit
705 766 883 839 inspiratione
895 781 962 821 cen·
1110 756 1185 826 Quod
1199 756 1370 828 impossibile
1391 759 1429 814 sit
1450 762 1616 830 peccantem
1631 761 1731 819 tatere.

165 866 228 936 dita,
253 861 428 919 similitudine
450 859 586 932 insignite,
614 872 710 915 cruore
734 855 880 927 redempta,
911 853 963 909 nde
1054 857 1097 910 18.
1112 853 1238 920 Parietes,
1254 852 1354 926 inquit,
1371 861 1434 909 sunt
1448 854 1584 928 undique:
1597 855 1657 927 quis
1670 872 1716 913 me
1730 858 1823 916 videt?

165 955 256 1011 dotata
284 951 380 1025 spiritu
411 949 545 1019 adoptata,
580 949 705 1003 miseram
731 960 785 1000 non
823 942 965 999 erubeseat
1016 943 1090 1014 Esto,
1115 958 1194 998 nemo
1208 950 1234 998 te
1249 940 1353 999 videat:
1380 958 1435 1000 uon
1461 952 1550 999 tamen
1578 946 1678 1004 nullus.
1698 945 1782 1003 vider
1795 956 1822 1002 te

165 1045 217 1100 sub
246 1039 386 1114 putredine
414 1039 464 1094 bac
491 1050 684 1108 corporeorum
714 1048 839 1088 sensnum
868 1045 962 1102 gerere
1015 1030 1128 1105 angelus
1143 1030 1603 1105 malus,videtteangelusbonus,
1618 1033 1821 1092 videtctbonis

167 1129 344 1191 servitutem?
361 1125 456 1183 blerito
471 1125 549 1198 plane
568 1140 601 1180 ue
621 1139 669 1179 eos
682 1121 790 1196 quidem
808 1119 962 1193 apprehen·
1015 1127 1042 1177 et
1060 1119 1139 1175 malis
1154 1122 1241 1191 major
1258 1120 1363 1191 angelis
1378 1120 1465 1188 [teum
1483 1121 1556 1178 uidet
1574 1131 1730 1192 accusator,
1748 1123 1822 1180 sidet
1848 1140 1855 1156 r

165 1222 231 1276 dere
256 1225 352 1289 potest,
376 1232 436 1286 qnae
466 1213 545 1270 talem
571 1213 702 1269 deserens
726 1225 868 1283 sponsum,
897 1208 964 1264 tales
1017 1209 1124 1264 testium
1157 1208 1313 1279 multitudo,
1346 1209 1420 1266 videt
1442 1219 1470 1265 ct
1497 1211 1664 1279 ipseiudex,
1689 1213 1772 1283 cujus
1795 1223 1821 1268 te

167 1308 288 1383 sequitur
315 1314 458 1362 amatores.
481 1303 575 1358 blerito
600 1301 710 1374 siliquas
738 1299 841 1364 esuriit,
862 1307 889 1356 et
908 1313 962 1353 uon
1016 1306 1121 1369 oportet
1152 1297 1280 1356 assistere
1306 1297 1452 1354 tribunali:
1483 1299 1535 1355 sub
1551 1301 1629 1370 cujus
1653 1303 1820 1359 saneocutis

169 1397 272 1471 accepit
292 1396 338 1469 qui
356 1408 451 1465 porcos
475 1407 585 1464 pascere
612 1390 716 1461 maluit,
740 1405 823 1461 quarn
845 1387 965 1460 paternis
1016 1387 1087 1443 velle
1111 1387 1271 1459 delinquere
1299 1396 1351 1442 tam
1381 1388 1515 1449 insanum,
1545 1404 1625 1460 quam
1655 1389 1819 1446 horrendum

169 1485 258 1560 epulis
271 1483 360 1540 satiari
376 1485 454 1553 (bne.
478 1496 527 1547 xv,
543 1479 597 1552 16).
613 1479 726 1535 insanus
739 1475 871 1550 siquidem
887 1476 965 1532 labor
1018 1476 1135 1534 incidere
1150 1477 1178 1534 in
1199 1475 1361 1534 mauusDei
1384 1477 1508 1535 viventis.
1537 1477 1598 1534 Noli
1616 1495 1677 1535 csse
1691 1495 1818 1539 securus:

168 1590 281 1648 pascere
298 1571 415 1631 sterilem
430 1584 490 1641 quoe
503 1581 559 1627 non
578 1567 659 1639 parit,
678 1573 706 1623 et
716 1565 803 1624 viduae
817 1564 962 1622 benetune·
1017 1564 1100 1621 latent
1111 1566 1223 1637 insidiae,
1233 1582 1302 1637 quas
1311 1566 1395 1623 latere
1404 1582 1460 1624 non
1468 1567 1568 1640 possis.
1579 1569 1684 1636 Latent,
1694 1569 1819 1641 iuquam,

168 1682 198 1720 re
217 1663 289 1722 nolle
309 1661 458 1718 :omittere
484 1673 576 1715 curam
597 1656 697 1721 cordis,
717 1661 744 1711 et
765 1670 855 1710 curam
875 1653 963 1710 carnis
980 1642 1134 1726 Binsidioe,
1155 1662 1265 1728 qnasut
1282 1654 1487 1728 deprehendere
1509 1656 1569 1728 ipse
1583 1671 1638 1713 nou
1660 1667 1750 1730 potes,
1777 1662 1816 1715 sie

168 1769 251 1827 agere
269 1751 297 1808 in
316 1748 450 1808 desiderio
474 1748 673 1820 :impinguare
686 1754 712 1800 ct
736 1743 825 1799 lovere
848 1740 964 1798 cadaver
1016 1759 1071 1800 non
1090 1751 1169 1816 potes
1192 1744 1252 1815 ipse
1274 1759 1329 1801 non
1359 1745 1535 1815 deprehendi.
1563 1746 1648 1802 Audit
1666 1747 1744 1818 plane
1770 1737 1819 1819 qui

169 1843 319 1918 putridum,
337 1838 410 1911 quod
429 1837 509 1909 paulo
527 1844 589 1908 post
607 1833 738 1892 vermium
761 1847 823 1889 esea
842 1831 962 1888 sutorum
1018 1830 1148 1906 plantavit
1162 1848 1255 1888 aurem
1267 1849 1275 1901 ;
1289 1840 1317 1888 et
1329 1834 1375 1905 qui
1390 1832 1466 1890 linxit
1479 1835 1597 1902 oculum,
1611 1837 1669 1906 ipae
1690 1836 1820 1892 cunalde—

172 1932 331 1990 uullatenus
358 1928 505 1985 dubitatur.
529 1927 597 1980 Nam
622 1933 649 1981 et
671 1923 771 1980 servire
793 1937 964 1991 mammona,
1017 1930 1060 1977 rat
1072 1923 1160 1993 (Psoi.
1177 1937 1258 1991 xcrrr,
1272 1923 1311 1994 9).
1326 1924 1385 1980 Non
1401 1924 1475 1980 illius
1487 1925 1642 1983 Solisarcet
1656 1925 1746 1982 radios
1766 1941 1820 1981 rna·

171 2033 199 2080 et
225 2020 361 2080 avaritiam
387 2018 489 2083 colere,
518 2017 588 2087 quod
613 2020 655 2069 est
678 2012 793 2069 servitus
819 2010 963 2078 idolorum,
1018 2010 1088 2065 ceria
1103 2011 1231 2083 lapidum,
1248 2011 1391 2084 quosipse
1414 2012 1535 2081 creavit;
1556 2029 1610 2070 non
1633 2014 1748 2085 volipes
1758 2029 1819 2070 cor·

170 2123 219 2169 aut
250 2109 392 2169 vanitatem
424 2103 530 2170 sectari,
558 2117 670 2176 prorsus
700 2101 844 2174 degeneris
866 2100 965 2155 anima
1018 2099 1184 2170 porisbnjus
1198 2100 1287 2173 paries
1300 2101 1424 2160 veritatis
1437 2103 1555 2159 excludit
1568 2111 1720 2176 aspectum.
1740 2103 1818 2159 Nuda

173 2201 301 2258 indicium
315 2213 377 2256 esse
391 2196 452 2268 quis
466 2193 585 2250 nesciat?
1017 2194 1081 2244 sunt
1096 2189 1158 2259 ejus
1174 2188 1260 2245 oculis
1289 2191 1391 2259 omnia,
1423 2191 1612 2260 penetrabilior
1639 2203 1681 2248 est
1709 2190 1819 2262 ancipiti

208 2295 251 2347 to.
272 2291 336 2345 Esto
355 2295 454 2353 tarnem
470 2298 566 2359 magna
578 2283 666 2354 sintjct
679 2280 793 2336 bonestn
806 2295 867 2352 quae
881 2295 963 2335 mun·
1017 2276 1122 2348 gladio.
1137 2279 1213 2352 lpsas
1226 2294 1334 2351 quoqne
1348 2293 1403 2337 non
1416 2279 1497 2338 modu
1509 2279 1664 2352 cernit,ssd
1679 2280 1819 2337 etdiseer·

173 2380 225 2437 dus
249 2377 355 2434 interim
379 2366 543 2432 aenatoribus
565 2370 622 2427 suis
640 2384 756 2442 erogare
776 2367 880 2426 videtur
895 2385 903 2427 :
916 2369 963 2425 sad
1017 2367 1057 2422 nit
1071 2368 1267 2440 cogitationum
1282 2369 1380 2427 vianet
1393 2367 1719 2427 medullasalfectionnm.
1735 2368 1821 2426 Deui-

169 2469 251 2525 iulida
271 2483 332 2523 esse
346 2464 408 2538 quis
421 2459 543 2520 nesciat?
558 2459 636 2516 Certa
651 2459 779 2513 nimirum
793 2473 886 2514 eorum
904 2458 964 2513 bre·
1017 2473 1081 2529 qne,
1097 2457 1121 2512 si
1135 2472 1190 2513 non
1218 2468 1301 2515 totam
1317 2456 1426 2514 bomani
1441 2456 1531 2514 cordis
1544 2456 1683 2528 abyssum,
1698 2466 1726 2513 et
1742 2457 1822 2529 qnid·

167 2560 246 2626 vitas,
261 2567 288 2616 et
302 2555 387 2628 ipsius
402 2565 511 2625 qnoque
522 2547 725 2608 brevitatistinis
739 2550 868 2605 incertus.
885 2548 964 2621 Saepe
1017 2544 1087 2618 quid
1100 2546 1128 2602 in
1150 2547 1210 2616 ipso
1222 2546 1286 2604 latet
1304 2545 1449 2620 inspiceret
1462 2562 1519 2618 praa
1541 2546 1609 2618 ipso,
1626 2560 1681 2602 non
1695 2544 1740 2600 ille
1758 2547 1822 2616 jam

167 2650 304 2706 viventem
318 2645 473 2700 deserunt:
496 2654 559 2695 nsm
581 2637 741 2694 morientem
766 2652 815 2694 nec
833 2653 895 2693 raro
918 2653 964 2694 sc·
1017 2634 1056 2691 nil
1071 2635 1123 2692 sibi
1147 2636 1274 2693 conscium
1288 2636 1502 2708 judicantissese
1525 2636 1632 2692 Domini
1655 2635 1821 2691 sententiam

167 2744 296 2811 quuntur.
313 2732 383 2802 Quid
397 2744 463 2788 vero
481 2728 509 2784 in
524 2729 606 2784 rebus
619 2727 743 2784 humanis
755 2727 854 2785 certius
868 2736 962 2793 morte,
1020 2733 1162 2797 tantopere
1178 2724 1347 2782 formidaret.
1364 2725 1440 2793 diti,
1451 2723 1549 2796 inquit,
1558 2740 1610 2796 pro
1623 2724 1747 2781 minimo
1764 2729 1819 2791 eat,

169 2824 243 2896 .quid
256 2823 325 2879 bora
337 2819 432 2877 mortis
447 2816 573 2874 incertius
587 2815 740 2873 invenitur?
752 2815 814 2874 Non
827 2817 967 2873 miseratur
1021 2815 1167 2871 nteoobis
1173 2814 1299 2886 judicer,
1310 2813 1403 2871 octob
1412 2814 1537 2870 inmune
1546 2812 1601 2876 die,
1611 2811 1757 2882 sedesque
1766 2827 1822 2867 me

170 2913 304 2986 inopiam,
320 2925 374 2967 non
389 2905 495 2965 divitias
509 2912 658 2976 reveretur,
675 2907 836 2980 congeneri
850 2906 963 2976 cujusli·
1021 2904 1113 2976 ipsum
1130 2903 1234 2962 iudico.
1251 2903 1329 2961 Nihil
1349 2906 1428 2961 enim
1441 2902 1514 2960 mibi
1526 2904 1655 2960 conscius
1668 2915 1744 2970 sum,
1772 2900 1820 2958 sed

165 3002 222 3071 bet,
243 3016 300 3057 nou
314 2998 445 3064 moribus,
467 3010 523 3052 non
546 2993 598 3066 ipsi
620 2994 739 3067 deniqne
758 2994 842 3067 parcit
859 2995 931 3052 aetati
956 3015 961 3050 :
981 2952 1003 3031 Β
1019 3008 1078 3051 non
1092 2996 1123 3050 in
1133 2992 1182 3051 boc
1192 2994 1368 3066 justificatus
1378 3010 1452 3052 sum.
1467 2994 1520 3063 Qui
1531 2996 1629 3051 entem
1637 2991 1753 3064 judicat
1762 3006 1817 3056 rrae,

165 3094 218 3151 nisi
232 3088 307 3164 qnod
321 3087 434 3144 senibus
452 3083 562 3157 quidem
582 3083 610 3138 in
626 3083 728 3153 jannis,
749 3083 963 3142 adolescentibus
1018 3084 1154 3140 Dominus
1169 3088 1212 3140 est
1225 3085 1249 3153 (l
1264 3085 1324 3140 Cor.
1336 3098 1377 3153 rv,
1388 3086 1415 3153 3,
1431 3081 1471 3154 i).

164 3187 255 3237 summ
278 3177 306 3233 in
319 3173 425 3232 insidiis
444 3178 494 3230 est.
513 3167 610 3228 lulelix
626 3169 746 3242 proinde,
762 3171 810 3243 qui
832 3171 859 3227 in
881 3173 964 3243 hujus
1055 3175 1098 3231 19.
1114 3173 1142 3230 Si
1156 3180 1185 3228 tu
1199 3173 1306 3244 obiectu
1328 3173 1449 3245 parietis,
1469 3180 1516 3228 aut
1538 3171 1682 3243 cujuslibet
1703 3173 1819 3229 simula·

165 3268 228 3326 vitae
244 3263 362 3323 tenebris
376 3270 404 3318 et
417 3261 521 3316 lubrico
540 3256 623 3315 485
637 3257 737 3328 fidens,
752 3262 895 3332 perituram
918 3260 964 3316 in·
1018 3262 1101 3318 tionis
1115 3269 1258 3334 praetentn,
1273 3263 1390 3317 bumana
1412 3262 1536 3317 frustrari
1551 3277 1632 3333 posse
1642 3260 1748 3333 iudicia
1761 3262 1820 3334 glo·

167 3355 251 3412 sumit
273 3365 398 3423 operam3
411 3360 461 3404 nec
480 3346 594 3404 advertit
612 3347 738 3418 quoniam
763 3362 848 3420 vapor
869 3355 911 3403 est
932 3348 965 3404 ad
1018 3341 1117 3415 ,ieris;
1132 3349 1222 3399 certus
1235 3340 1820 3415 esto,nonillumvcraoriminapraeterire,

168 3442 304 3501 modicum
322 3451 429 3511 parens,
449 3442 477 3490 et
504 3433 606 3493 vanites
634 3433 790 3493 vanitatum.
820 3433 965 3492 Obtinuisti
1018 3431 1064 3504 qui
1079 3432 1113 3488 de
1129 3430 1202 3486 ialsis
1231 3431 1309 3488 etlam
1334 3446 1463 3487 accusare
1484 3433 1647 3489 criminibus
1665 3435 1818 3490 consuemt

167 3533 286 3597 tandem,
302 3524 454 3590 ambitiose,
473 3537 554 3596 quam
574 3537 607 3579 ex
624 3522 707 3596 longo
719 3531 848 3594 3temporc
861 3539 965 3581 concu—
1020 3520 1049 3579 si
1064 3529 1206 3593 tantopere
1219 3520 1290 3594 ejus,
1305 3521 1351 3594 qui
1365 3520 1542 3579 nibilominus
1556 3521 1628 3579 forte
1639 3529 1714 3579 tuam
1727 3537 1820 3581 nerra·

167 3621 258 3696 pietas
273 3613 450 3693 dignitatem?
468 3627 548 3669 serva
562 3611 635 3683 quod
650 3612 743 3682 babes,
763 3611 895 3685 lrnplesti,
916 3630 965 3686 pe·
1020 3619 1074 3681 tur,
1089 3609 1205 3682 proximi
1220 3608 1412 3669 conscientiam
1432 3610 1608 3682 reformidem
1631 3611 1718 3670 multo
1731 3613 1821 3668 miuus

167 3708 294 3779 enniosc,
324 3703 427 3761 loculos
452 3697 531 3757 tuos?
555 3698 688 3759 sollicitus
712 3708 769 3757 esto
802 3718 835 3757 ne
857 3701 964 3774 perdas.
1020 3715 1068 3757 eos
1094 3708 1266 3768 contemnas,
1284 3701 1384 3774 quibus
1406 3700 1501 3757 odiosa
1526 3700 1613 3776 magis
1630 3701 1772 3775 iniquitas,
1793 3714 1822 3758 et

169 3801 271 3858 Uberes
289 3794 392 3851 fruetus
409 3789 499 3847 attulit
516 3803 581 3861 ager
600 3789 681 3846 tuus‘l
695 3789 773 3846 dirue
794 3791 891 3848 horrea
910 3802 965 3856 tua,
1019 3792 1102 3865 longe
1115 3788 1415 3862 ampliusexsecrabilis
1428 3790 1626 3863 corruptioest.
1654 3790 1683 3850 Si
1701 3791 1821 3864 denique

167 3897 198 3946 nt
208 3885 311 3955 majora
323 3879 453 3949 aedificem
469 3883 544 3933 muta
559 3877 687 3949 quadrata
698 3879 832 3951 rotundis,
847 3880 890 3935 dic
904 3877 967 3934 ani·
1021 3881 1107 3937 mum
1124 3896 1179 3937 non
1195 3880 1283 3947 times,
1299 3891 1326 3936 et
1347 3881 1421 3937 solos
1435 3879 1574 3939 hominum
1594 3881 1730 3938 revereris
1742 3895 1821 3953 aspa·

171 3966 967 4041 mtetuae:Hubesmnltobonerepositoinenrsosplurr'mov
1021 3977 1092 4038 etus,
1114 3979 1285 4028 memoresto
1299 3969 1435 4027 bominem
1449 3968 1585 4027 Christum
1601 3969 1745 4026 bominum
1752 3969 1821 4028 laeta

168 4060 361 4134 Britaniuqni
370 4055 870 4122 dicat:Stulte,bccnoctennimem
887 4062 968 4115 tunm
1022 4057 1155 4132 ignorare
1176 4075 1231 4118 non
1246 4075 1341 4132 posse:
1367 4069 1397 4117 ut
1417 4059 1492 4133 quod
1522 4074 1616 4116 corarn
1630 4067 1821 4118 meattentare
1854 4052 1859 4061 '

174 4157 325 4229 repetente
336 4155 363 4207 te
375 4167 383 4204 s
393 4149 766 4223 quenammparastacnjm
776 4152 862 4206 erunt
871 4145 969 4220 illuc.
1025 4150 1136 4207 minime
1146 4149 1392 4222 prorsusauderes,
1407 4148 1595 4207 multominus
1612 4155 1717 4206 audeas
1730 4165 1821 4208 eoram

167 4260 219 4311 mr,
237 4245 282 4310 19,
298 4243 355 4310 20.)
1024 4239 1097 4314 ips03
1111 4240 1238 4313 qnodque
1248 4253 1302 4295 non
1316 4236 1452 4296 dico'uon
1465 4237 1571 4308 liceret,
1591 4238 1641 4294 sed
1655 4254 1707 4296 nec
1728 4239 1822 4296 liberet

206 4334 252 4388 17.
267 4332 356 4400 etque
366 4325 466 4383 utinam
486 4333 588 4382 tantum
608 4335 775 4400 congregate
792 4327 923 4398 perirent,
939 4339 967 4385 et
984 4289 1008 4368 n
1023 4329 1134 4404 quidem
1156 4343 1321 4401 praesumere
1349 4326 1458 4384 ridente
1487 4342 1630 4399 conservo,
1660 4329 1823 4401 inspiciente

172 4437 225 4480 non
237 4417 355 4478 deterius
364 4416 422 4488 ipse
435 4430 543 4487 quoque
556 4414 656 4486 periret
669 4423 847 4489 congregator
860 4431 967 4475 eorum.
1024 4416 1138 4473 Domino
1152 4416 1196 4474 vel
1217 4415 1337 4489 copiare
1351 4415 1456 4487 penitus
1476 4416 1660 4474 exhorrescas.
1675 4415 1820 4491 Alioquin,

173 4514 256 4571 Esset
271 4505 364 4578 utique
384 4502 548 4561 tolerabilius
567 4505 697 4575 perituro,
715 4519 796 4575 quam
811 4513 969 4576 perempto·
1024 4507 1048 4562 si
1080 4505 1170 4561 carnis
1184 4504 1292 4562 oculum
1318 4504 1416 4578 magis,
1428 4519 1508 4578 qnam
1518 4504 1647 4577 gladium,
1662 4505 1708 4578 qui
1727 4522 1824 4564 carnes

173 4605 214 4661 rio
241 4597 370 4657 insudare
396 4591 491 4649 labori.
518 4591 594 4648 Nunc
619 4607 682 4649 vero
710 4592 843 4662 stipendia
866 4595 970 4664 peccati
1025 4594 1110 4650 babet
1123 4593 1266 4666 devorare,
1275 4593 1407 4652 formidas
1428 4603 1477 4662 ;et
1488 4593 1627 4667 nonoque
1644 4594 1725 4650 timor
1737 4611 1823 4667 quern

180 4708 254 4750 mors
285 4682 394 4756 :etqui
418 4682 446 4737 in
472 4695 554 4738 carne
581 4682 707 4751 seminat,
730 4681 763 4737 dc
788 4696 869 4737 carne
888 4691 979 4741 metet·
1023 4685 1112 4751 times,
1141 4684 1246 4741 eveniet
1274 4683 1323 4740 tibi
1345 4689 1372 4740 et
1390 4683 1495 4740 accidet
1515 4681 1588 4757 quod
1613 4682 1726 4757 vereris.
1751 4685 1822 4742 Nibil

178 4777 389 4852 corruptionem.
404 4773 462 4833 Noe
475 4770 548 4827 enirn
562 4785 644 4843 opera
661 4778 756 4826 nostra
771 4780 917 4839 transeunt,
942 4782 971 4830 ut
1023 4783 1148 4849 opertum
1162 4774 1234 4846 quod
1249 4788 1303 4832 non
1318 4772 1462 4841 reveletur,
1477 4774 1521 4831 vel
1529 4771 1665 4831 occultum
1677 4774 1755 4845 quod
1770 4789 1822 4831 non

178 4873 303 4932 videntur
322 4884 329 4921 ι
346 4863 394 4920 sed
413 4859 573 4932 temporalia
590 4875 705 4932 quaeque
723 4858 794 4920 velut
813 4862 971 4919 aeternitatis
1023 4861 1124 4919 suatur
1135 4862 1212 4932 (Luc.
1228 4864 1331 4929 mni).
1349 4860 1531 4934 Arguentura
1544 4861 1603 4918 luae
1614 4860 1641 4918 in
1652 4860 1745 4918 lucem
1759 4877 1821 4936 pro·

178 4960 282 5018 semina
292 4955 438 5029 jaciuntur.
454 4949 578 5020 Stupebit
594 4947 644 5022 [ol.
665 4951 733 5007 ancl.
750 4949 883 5023 superbit]
901 4950 969 5006 insi·
1024 4948 1077 5006 lata
1100 4966 1183 5023 opera
1215 4951 1406 5016 tenebrarum3
1445 4965 1496 5005 nee
1523 4951 1605 5006 modo
1626 4949 1821 5009 obscenitatum

179 5043 275 5126 piens,
297 5036 578 5103 cumexboemodieo
606 5036 707 5096 semine
722 5038 862 5111 copiosam
876 5038 972 5096 viderit
1024 5040 1203 5098 abominanda
1217 5048 1329 5106 mereti,
1363 5038 1411 5095 sed
1439 5038 1530 5112 iniqua
1552 5040 1714 5098 commercia
1738 5038 1822 5099 ⁴¹80

179 5151 328 5214 exsurgere
342 5145 472 5197 messem,
485 5143 531 5183 scu
547 5128 657 5198 bonam,
672 5144 719 5185 seu
733 5128 843 5196 malam,
864 5129 972 5206 prodi·
1023 5129 1199 5188 vendentium
1227 5140 1406 5196 sacramenta,
1431 5134 1460 5185 et
1496 5126 1667 5186 fraudulenta
1701 5131 1824 5188 susurn'a

179 5249 257 5297 tersa
270 5223 395 5301 qualitate
413 5218 553 5275 sementis.
582 5218 638 5276 iloc
664 5217 710 5291 qui
732 5217 841 5290 cogitat,
870 5218 971 5275 nullum
1026 5217 1076 5293 [ol.
1093 5217 1220 5293 suspiria]
1240 5217 1468 5279 adinvenientium
1490 5215 1579 5284 dulus,
1598 5224 1626 5274 et
1643 5217 1825 5289 judieiasub-

180 5321 293 5382 0mn‘1n0
320 5328 432 5388 parvum
444 5315 550 5382 reputat
562 5323 624 5366 esse
637 5315 788 5380 peceatum,
802 5305 876 5379 quod
897 5306 973 5364 iutn·
1027 5311 1204 5378 vertentium,
1218 5310 1355 5384 quinovit
1375 5307 1475 5380 omnim
1491 5317 1555 5365 nota
1572 5306 1652 5365 faciet
1670 5308 1824 5379 universim

183 5426 243 5470 ram
259 5424 375 5467 messem
394 5407 484 5481 potius
502 5401 627 5463 estimet,
650 5413 732 5471 quarn
754 5394 972 5454 sementemse-
1028 5415 1090 5455 cum
1104 5400 1217 5472 coeperit
1238 5407 1372 5458 scrutator
1386 5397 1432 5454 ille
1450 5397 1540 5455 cordis
1557 5407 1586 5455 et
1597 5411 1694 5455 renum
1711 5400 1828 5459 marni

174 5502 296 5565 :aninam
310 5514 376 5572 erpo
389 5497 455 5554 dum
469 5491 603 5556 nesciunt,
614 5492 642 5545 et
654 5485 789 5543 seminant
800 5487 866 5544 dnm
877 5484 975 5546 uocul-
1023 5485 1177 5548 terunciu
1187 5486 1217 5545 in
1234 5485 1362 5549 lucernis.
