3714 5940
21 219 80 291 §li
489 215 586 281 lrfflssli
604 219 649 282 ab
668 219 802 283 abluas
819 219 949 284 efflat.
970 249 1004 268 ·-
1021 219 1213 319 coaculato
1619 214 1675 284 918

25 341 102 416 quod
116 339 255 405 tenebant,
272 345 299 395 et
322 346 424 397 temere
442 353 674 417 praesumpserunt
684 346 757 419 quod
772 360 826 402 non
842 367 865 447 fl
880 346 1040 418 incipiamus
1055 349 1100 403 ubi
1114 363 1168 405 non
1190 362 1419 421 perseveremus3
1448 352 1476 405 et
1496 348 1549 405 hoc
1572 349 1673 420 pariter

24 432 174 498 valebant,
194 426 280 500 digno
294 427 367 485 Deus
380 430 453 486 exitu
467 447 560 490 eorum
577 433 684 489 taudem
698 433 826 506 patefecit
878 452 975 498 omnes
988 437 1154 504 studeamus,
1162 452 1216 507 quo
1228 435 1380 493 seeundum
1390 435 1511 506 Apostoli
1524 435 1670 495 consiliunt

24 519 166 595 ignauiam
185 535 192 575 :
213 516 278 589 quia
303 524 330 573 et
354 518 526 590 impudenter
550 522 729 580 deseruerunt
751 527 824 596 quod
877 524 973 587 omnin
983 531 1081 583 nostru
1093 527 1124 581 in
1139 525 1281 583 cltorr'tcte
1290 525 1365 596 fiunt
1374 525 1400 595 (1
1416 525 1540 590 Cormvr,
1555 524 1600 597 11)
1609 524 1673 582 llaec

25 607 217 681 imprudenter
230 605 407 675 arripucrant,
422 616 449 664 et
464 610 576 681 turpiter
594 611 731 668 redierunt
745 613 778 667 ad
797 613 823 667 id
878 624 919 673 cst
932 616 966 671 dc
980 622 1073 670 nostra
1086 621 1191 678 nostro,
1206 620 1234 669 et
1255 613 1289 670 de
1308 620 1396 670 vestro
1410 611 1512 669 Ordine
1525 614 1672 683 sententia;

23 698 102 770 quod
116 694 211 752 leviter
229 694 412 751 deseruerant.
427 698 494 752 Cum
509 697 581 754 enim
596 699 714 757 claustra
733 708 825 758 nostra
876 704 936 760 baec
949 701 1049 759 nostris
1064 708 1091 758 et
1104 701 1216 770 restris,
1231 702 1289 757 lraec
1310 716 1365 757 non
1387 701 1420 756 de
1443 701 1530 764 robis,
1550 700 1598 757 aed
1623 716 1673 757 so·

24 785 85 843 suis
100 783 191 857 potius
203 781 314 841 Ordinis
329 783 504 855 impatientia,
520 803 603 860 quam
617 788 755 846 desiderio
770 806 823 846 no·
877 792 920 847 bis
952 807 994 847 me
1021 791 1108 846 solere
1134 790 1236 857 dicere,
1261 790 1351 845 nullus
1378 787 1475 844 melius
1500 788 1567 843 milri
1596 787 1672 844 testis

25 873 80 932 stri
92 872 269 945 expetierint3
280 873 424 929 ostendunt
435 874 505 944 quod
516 877 663 942 sunt,dum
674 894 689 932 a
702 877 824 936 uobisad
877 879 927 936 erit
945 894 1026 950 quam
1045 895 1104 943 uos,
1119 878 1181 933 etsi
1200 880 1259 950 quis
1276 895 1317 932 mo
1335 877 1411 934 novit
1430 876 1500 931 sicut
1524 892 1581 932 ros.
1604 874 1671 944 Quae

24 978 89 1032 noe,
104 979 122 1018 a
135 962 216 1018 nobis
229 961 261 1015 ad
277 975 326 1015 vos
341 961 458 1018 instabili
476 963 584 1022 leuitate
599 965 780 1037 pervolantes,
797 975 824 1022 et
877 968 906 1024 in
919 966 1016 1024 vestris
1030 966 1253 1030 laudabiliasunt,
1275 966 1354 1022 laudo
1370 975 1397 1020 et
1411 965 1529 1036 praedico
1550 964 1671 1036 :siquis

22 1036 116 1119 nobis,
138 1058 165 1107 et
179 1050 267 1115 vobis,
292 1060 319 1107 et
338 1050 464 1108 omuibus
488 1052 569 1109 bonis
595 1054 752 1111 scandalum
780 1055 822 1111 fa·
877 1055 1099 1130 reprehendenda
1122 1061 1195 1122 sunt,
1217 1062 1245 1108 ut
1268 1055 1455 1117 emendentur,
1471 1054 1547 1108 vobis
1570 1058 1597 1107 et
1611 1051 1672 1107 aliis

22 1141 111 1199 cium.
129 1140 289 1213 Quanquam
304 1154 371 1213 ergo
390 1141 536 1199 nonnullos
549 1157 642 1200 eorum
656 1143 822 1211 noverimus,
876 1144 969 1202 amicis
982 1142 1051 1199 meis
1065 1142 1179 1199 suadere
1189 1142 1274 1200 soleo.
1287 1144 1405 1199 llocnou
1420 1151 1462 1196 est
1474 1140 1613 1204 detractio,
1625 1138 1672 1194 sed

23 1229 75 1302 qui
92 1238 120 1285 et
135 1227 243 1284 fortiter
254 1228 312 1285 Deo
335 1235 447 1286 auctore
461 1240 615 1303 caeperunt,
637 1241 665 1288 et
686 1233 746 1304 ipso
762 1247 823 1304 pro
876 1232 1008 1288 attractio.
1025 1231 1105 1301 Quod
1119 1238 1149 1286 ut
1163 1231 1242 1287 nobis
1255 1247 1270 1285 a
1285 1231 1362 1287 vobis
1375 1245 1480 1300 semper
1488 1228 1544 1295 liat,
1560 1226 1672 1284 omnino

27 1325 133 1376 tectore
146 1316 242 1373 lortius
255 1327 449 1387 perseverant;
469 1319 593 1377 securius
610 1329 651 1378 est
684 1328 775 1377 temen
795 1328 824 1377 ut
879 1336 975 1392 precor
990 1319 1163 1391 etsupplico.
1180 1318 1286 1377 valete.

25 1421 236 1481 merueramus
253 1405 281 1461 in
295 1406 371 1465 bono
384 1408 457 1481 quod
471 1408 615 1480 coepimus,
643 1425 723 1481 quam
750 1411 824 1482 quod

25 1581 1672 1615 w

401 1817 482 1877 Μ·
516 1833 797 1915 tnuonrrro
825 1831 872 1945 ru
898 1833 1202 1915 oeuscunuu
1223 1836 1284 1912 vr.

64 2219 88 2270 1.
106 2214 185 2270 biber
211 2212 350 2284 subjectus
373 2212 400 2268 in
422 2211 563 2269 codicibus
576 2213 694 2287 antiquis
708 2216 781 2271 bunc
795 2213 903 2285 proeiert
918 2215 1035 2284 titulum,
1053 2235 1064 2266 ι
1081 2215 1179 2286 lucipit
1194 2219 1319 2291 prologus
1334 2218 1421 2273 sancti
1435 2218 1564 2275 bernardi
1590 2218 1674 2275 abba·

26 2305 62 2362 tis
79 2303 108 2359 in
123 2301 212 2359 libello
226 2301 259 2357 ad
275 2300 372 2356 llilites
385 2301 506 2372 Templi:
521 2322 534 2354 a
559 2309 585 2358 et
613 2310 675 2373 pust
693 2303 847 2377 prologum,
866 2324 878 2355 a
905 2301 1037 2373 lucipinus
1051 2304 1167 2375 capitula
1184 2306 1218 2361 de
1242 2306 1323 2362 laude
1346 2322 1422 2362 novae
1446 2304 1566 2362 llilitim:
1584 2324 1597 2360 s
1613 2321 1674 2377 quae

26 2391 140 2448 omuino
158 2399 220 2447 eunt
234 2389 372 2455 tredecim,
387 2390 456 2446 utin
470 2390 548 2446 editis
561 2391 672 2457 nostris,
687 2391 735 2449 ubi
752 2391 845 2448 titulos
863 2406 896 2446 ex
915 2400 1006 2448 monte
1021 2393 1138 2449 auctoris
1157 2393 1327 2450 retinuimus.
1343 2393 1423 2449 liber
1438 2394 1487 2448 isto
1502 2410 1518 2447 a
1542 2392 1673 2450 Gauirido

27 2481 56 2537 in
70 2481 138 2536 libro
158 2479 237 2535 tertio
251 2479 286 2534 de
301 2478 361 2534 llita
374 2479 511 2544 bernardi,
527 2480 614 2550 capite
629 2490 736 2547 octauo,
756 2502 767 2529 a
785 2480 991 2535 Exhortatorius
1004 2496 1092 2538 sermo
1106 2481 1140 2534 ad
1160 2481 1258 2536 blilitcs
1272 2480 1376 2549 Templi
1391 2499 1403 2533 a
1419 2486 1541 2537 vocatur.
1557 2503 1571 2530 ι
1586 2481 1673 2552 Quam

26 2583 91 2628 raro
114 2567 211 2634 tidelis,
236 2586 247 2615 s
264 2569 359 2640 inquit,
380 2589 391 2617 r
406 2566 553 2637 cujuslibet
575 2568 626 2638 piae
640 2567 855 2624 conversationis
868 2568 1070 2624 commendator
1085 2568 1216 2624 exstiterit
1231 2578 1258 2623 et
1280 2569 1398 2638 adJutor,
1427 2568 1626 2626 exhortatorius
1640 2571 1674 2626 ad

26 2657 125 2716 lilites
138 2655 240 2727 Templi
255 2655 349 2711 Sermo
363 2656 491 2712 declaret.
507 2676 519 2706 s
536 2656 574 2710 lta
586 2670 653 2726 ergo
668 2656 781 2725 hujusce
801 2654 863 2710 libri
877 2655 969 2712 titulus
988 2655 1092 2712 institui
1117 2664 1227 2728 potest:
1247 2678 1258 2709 ι
1276 2657 1355 2713 Liber
1376 2657 1410 2712 ad
1434 2657 1534 2713 llilitea
1555 2656 1673 2729 Templi,

26 2746 63 2803 de
76 2745 157 2801 laude
171 2759 249 2801 norae
262 2743 374 2800 llilitiae.
396 2763 409 2795 a

63 2837 89 2889 a.
108 2853 122 2884 s
137 2832 273 2904 llugoni»
294 2841 381 2889 umen
398 2854 409 2883 s
426 2831 505 2887 militi
518 2832 616 2888 Christi
629 2837 657 2887 et
669 2832 797 2903 magistro
808 2831 907 2887 llilitiae
920 2831 1020 2888 Christi
1035 2852 1046 2881 a
1063 2831 1208 2904 inscriptus
1222 2841 1262 2889 cst
1277 2834 1407 2905 prologus
1423 2852 1430 2889 ε
1447 2833 1495 2890 scd
1507 2832 1617 2905 perinde
1632 2841 1674 2891 est

26 2922 158 2997 Uagiatro
170 2920 283 2986 llilitiae,
299 2929 382 2992 atque
397 2921 524 2976 omnibus
537 2921 669 2976 Militibus
683 2919 780 2976 librum
796 2935 977 2990 nuncupasse.
992 2921 1063 2978 Dicti
1078 2932 1141 2976 sunt
1160 2921 1268 2977 Fratres
1280 2922 1387 2993 Templi
1403 2938 1435 2978 ex
1458 2936 1500 2986 eo,
1517 2921 1591 2993 quod
1605 2937 1672 2978 cou-

24 3027 106 3069 oessu
121 3009 243 3066 balduini
265 3009 337 3076 regis
356 3010 435 3079 jutta
459 3009 599 3079 Templum
623 3007 731 3064 Domini
745 3008 833 3079 primo
846 3008 1027 3074 consederint,
1044 3014 1114 3065 teste
1128 3009 1273 3065 Guillelmo
1301 3009 1504 3082 archiepiscopo
1518 3008 1631 3081 Tyrensi
1643 3009 1672 3063 in

26 3100 97 3156 libro
112 3096 285 3165 duodecimo,
300 3098 389 3168 capite
415 3098 541 3167 septimo,
557 3097 604 3152 ubi
619 3111 714 3152 eorum
728 3095 860 3169 originem
878 3096 1006 3153 describit
1019 3097 1053 3152 ad
1076 3113 1175 3152 anuum
1192 3101 1269 3154 1118.
1289 3118 1300 3148 ι
1322 3097 1424 3152 Eodem
1439 3113 1520 3163 anno,
1538 3116 1550 3149 a
1575 3096 1670 3167 inquit,

28 3187 170 3260 «quidam
184 3186 288 3242 nobiles
313 3186 364 3241 viri
388 3186 422 3241 de
444 3185 564 3257 equestri
579 3185 682 3254 ordine,
697 3187 756 3243 Deo
779 3185 878 3250 devoti,
895 3185 1025 3259 religiosi,
1049 3195 1076 3241 et
1099 3185 1225 3242 timentes
1238 3187 1324 3240 Deum
1349 3185 1377 3239 in
1404 3201 1486 3241 manu
1501 3183 1604 3239 domini
1620 3199 1672 3254 pa-

24 3276 152 3333 triarchas
174 3274 272 3331 christi
300 3273 409 3331 seruitio
437 3289 467 3329 se
488 3274 682 3345 mancipantes,
706 3289 783 3330 more
807 3273 999 3329 canonicorum
1016 3274 1193 3346 regularium,
1215 3273 1241 3328 in
1257 3275 1388 3341 castitate,
1412 3280 1438 3328 et
1466 3271 1631 3337 obedientia,
1646 3280 1673 3327 et

24 3365 88 3422 sine
102 3362 213 3434 propriu
231 3362 308 3428 velle,
326 3370 457 3433 perpetuo
471 3363 566 3420 virere
580 3361 695 3432 professi
711 3371 783 3418 sunt.
799 3364 871 3418 luter
889 3377 957 3435 quos
972 3363 1051 3434 primi
1075 3369 1102 3417 et
1127 3361 1256 3432 praecipui
1279 3361 1389 3417 luerunt
1416 3359 1466 3417 riri
1492 3359 1672 3426 venerabiles,

25 3454 111 3525 llngo
136 3452 170 3506 de
184 3449 310 3523 Paganis,
327 3459 353 3506 et
366 3450 520 3507 (lantredus
534 3451 568 3506 de
582 3449 681 3507 Sancto
704 3452 851 3507 aldemaro
866 3468 873 3504 ε
897 3451 996 3522 quibus
1005 3450 1136 3522 quoniam
1148 3461 1241 3521 neque
1253 3450 1366 3506 ecclesia
1381 3456 1449 3518 erat,
1466 3464 1556 3521 neque
1569 3454 1674 3506 certum

24 3541 167 3598 habebant
189 3539 363 3606 domicilium,
389 3539 443 3594 llos
467 3539 495 3593 in
520 3539 630 3609 palutio,
656 3541 727 3611 quod
752 3553 830 3594 secus
853 3539 994 3609 Templum
1015 3538 1169 3594 Domiuiad
1198 3540 1344 3594 australem
1359 3539 1438 3593 habet
1453 3544 1565 3606 partem,
1582 3537 1621 3592 eis
1640 3537 1674 3590 ad

24 3638 139 3701 tempus
157 3627 289 3684 concessit
302 3626 497 3682 babitaculum.
512 3627 603 3682 Prima
615 3634 706 3681 autem
726 3642 819 3681 eorum
843 3625 989 3697 professio,
1005 3627 1134 3698 qnodque
1148 3625 1189 3681 eis
1216 3641 1233 3679 a
1261 3625 1371 3680 domino
1393 3625 1547 3695 patriarcha
1565 3630 1592 3678 et
1615 3623 1675 3678 aliis

24 3716 168 3791 episcopis
191 3715 218 3770 in
242 3715 426 3772 remissionem
446 3722 620 3786 peccatorum
638 3714 788 3783 injunctum
803 3722 854 3778 est,
871 3721 900 3768 ut
914 3713 972 3768 vias
986 3721 1013 3768 et
1028 3713 1131 3781 itinera,
1149 3712 1266 3767 maxime
1279 3712 1313 3767 ad
1328 3713 1444 3766 salutem
1470 3711 1675 3783 peregrinorum

23 3814 125 3863 contra
138 3805 271 3860 latronum
291 3812 318 3859 et
345 3803 545 3860 incursantium
567 3802 688 3869 insilias,
714 3817 763 3872 pro
789 3801 893 3857 viribus
917 3809 1118 3856 conservarent.
1135 3820 1149 3849 n
1166 3802 1230 3855 llaec
1257 3801 1289 3855 de
1308 3800 1423 3855 llilitum
1437 3798 1544 3870 Templi
1558 3798 1673 3871 origine,

24 3894 131 3970 quibus
144 3893 247 3964 primus
269 3891 397 3967 Magister
411 3891 557 3962 praefectus
571 3897 612 3946 est
625 3889 771 3962 praedictus
784 3889 863 3961 llngo
883 3889 918 3945 de
932 3888 1055 3962 Pagaois,
1073 3904 1153 3960 quem
1178 3888 1250 3942 idem
1266 3888 1427 3944 Guillelmus
1441 3886 1569 3959 Tyrensis
1583 3886 1675 3960 magi·

24 3991 118 4041 atrum
136 3980 237 4036 puritia
247 3979 352 4052 Templi
367 3979 485 4052 primum
507 3987 586 4036 vocat
608 3978 636 4033 in
653 3977 713 4033 libri
727 3976 824 4034 dedmi
838 3977 911 4035 tertii
933 3977 1021 4048 capite
1036 3977 1168 4048 vigesimo
1183 3983 1265 4031 sento.
1285 3995 1297 4029 a
1317 3974 1425 4047 Hugoni
1449 3983 1548 4031 sanctae
1572 3974 1676 4031 militia

25 4069 118 4129 Priori
131 4069 260 4140 inscripta
273 4075 313 4124 est
336 4068 471 4141 Guigouis
493 4067 641 4124 Cambusis
665 4065 803 4138 praepositi
820 4063 934 4136 epistola
948 4066 1079 4121 secunda.
1093 4066 1143 4120 lste
1158 4072 1200 4120 est
1214 4066 1302 4137 Hugo,
1323 4063 1366 4119 eui
1385 4064 1542 4119 Bernardue
1557 4079 1679 4136 sequen-

23 4169 88 4216 tem
103 4158 202 4214 librum
216 4157 392 4228 nuncupavit,
408 4155 614 4229 distinguendus
638 4154 730 4226 utique
746 4153 780 4207 ab
805 4154 892 4208 altero
915 4155 1040 4227 llugone,
1060 4153 1106 4223 qui
1125 4169 1156 4208 er
1172 4154 1271 4210 comite
1286 4151 1442 4225 Campania
1467 4152 1543 4206 miles
1572 4151 1679 4224 Templi

27 4255 128 4322 pactus
141 4252 192 4313 est,
208 4252 322 4300 testante
337 4243 464 4300 Bernardi
478 4244 592 4316 epistola
606 4242 744 4315 trigesima
758 4241 846 4313 prima
861 4241 913 4312 ipsi
927 4242 1039 4297 directa.
1056 4243 1138 4296 Porro
1155 4243 1261 4315 llugoni
1277 4243 1310 4298 de
1334 4241 1451 4313 laganis
1465 4241 1555 4313 primo
1577 4240 1679 4296 militiae

29 4335 163 4406 Magistro
190 4333 318 4390 successit
348 4353 359 4384 ι
385 4333 463 4387 miles
489 4332 603 4388 eximius
625 4331 652 4385 in
681 4330 764 4386 armis
789 4338 924 4394 strenuus,
949 4330 1142 4385 nobiliscarnc
1165 4339 1191 4386 ct
1218 4331 1349 4399 moribus,
1379 4330 1506 4386 dominus
1533 4330 1679 4396 liebertus,

28 4421 197 4496 cognomine
219 4421 389 4492 Burgundio,
415 4420 526 4477 natione
548 4419 736 4493 Aquitanicus,
765 4440 776 4467 s
803 4427 830 4474 et
858 4419 966 4491 quidem
982 4420 1032 4473 sub
1055 4434 1156 4473 annum
1173 4424 1251 4487 1136,
1269 4428 1297 4474 ut
1312 4419 1449 4492 colligitur
1472 4436 1504 4475 cx
1533 4419 1680 4474 Guillelmo

27 4509 146 4586 Tyrensi
160 4511 188 4565 in
201 4509 262 4565 libri
288 4509 383 4564 decimi
400 4508 486 4582 quinti
500 4508 585 4580 capite
609 4516 696 4574 sexto,
720 4508 765 4581 qui
784 4507 847 4562 item
869 4509 903 4562 de
922 4507 1018 4562 eodem
1038 4507 1094 4582 agit
1109 4507 1185 4563 initio
1209 4509 1270 4562 libri
1290 4508 1387 4564 decimi
1416 4508 1534 4579 septimi.
1563 4505 1681 4562 llobrrto

31 4599 165 4657 mtteetus
180 4598 284 4654 videtur
302 4597 451 4668 Ebrurdus,
462 4597 505 4653 cui
514 4594 792 4654 Perrusvenerabitis
807 4590 900 4652 scribit
924 4596 1076 4666 epistolam,
1100 4613 1159 4668 qua
1185 4605 1227 4652 ost
1242 4596 1305 4652 libri
1321 4597 1390 4652 serti
1413 4597 1527 4667 epistola
1552 4592 1683 4667 vigesima

32 4694 122 4746 sexta.

70 4772 156 4832 M!
171 4776 198 4829 3.
212 4773 273 4843 Quo
288 4788 359 4828 anuo
374 4773 489 4845 scriptus
508 4771 607 4828 sitista
621 4772 699 4839 liber,
715 4787 771 4826 nou
787 4769 867 4827 facilc
891 4771 1015 4830 dixerim.
1031 4773 1061 4829 ld
1081 4773 1181 4830 lactum
1205 4779 1311 4828 constat
1325 4770 1426 4828 Ordine
1447 4773 1505 4840 J'am
1536 4769 1682 4842 plurimum

31 4871 129 4929 aucto,
149 4868 175 4918 et
186 4862 302 4918 militum
317 4877 431 4917 numero
456 4861 643 4933 multiplicato.
660 4858 791 4915 bernardi
805 4859 890 4914 verbe
904 4859 956 4917 hoc
968 4863 1086 4932 probant
1101 4878 1128 4916 n.
1146 4864 1200 4915 tu:
1224 4879 1235 4911 a
1252 4862 1314 4916 llaec
1331 4860 1511 4930 ierosolymis
1524 4859 1682 4927 actitantur,

31 4959 61 5010 et
75 4951 151 5008 orbis
161 4950 300 5007 excitatur.
324 4949 445 5005 Audiunt
464 4949 571 5021 iusuloe,
586 4957 613 5005 et
629 4946 772 5003 attendunt
785 4948 879 5019 populi
894 4949 928 5004 de
943 4949 1033 5023 longe,
1053 4957 1079 5004 et
1107 4948 1238 5004 ebulliunt
1262 4950 1297 5004 ab
1325 4948 1434 5005 Oriente
1459 4957 1485 5003 et
1504 4947 1683 5004 Occidente...

31 5039 171 5110 Quodque
191 5038 309 5095 cernitur
323 5037 479 5107 jucundius,
495 5045 521 5093 et
548 5037 637 5112 agitur
649 5034 837 5103 commodius,
853 5053 957 5108 pancos
980 5038 1126 5093 admodum
1143 5039 1168 5092 in
1184 5045 1258 5092 tauta
1280 5036 1450 5092 multitudine
1478 5036 1618 5092 hominum
1638 5036 1683 5092 illo

32 5127 175 5186 conllucre
204 5126 307 5193 videas,
336 5126 387 5181 nii
411 5125 503 5198 utique
530 5125 1106 5197 sceleratos»etcatquianteconsilium
1124 5126 1267 5192 Trecensc,
1291 5125 1373 5181 idest
1396 5133 1459 5181 ante
1481 5141 1584 5181 anuum
1605 5125 1684 5193 liat,

35 5231 138 5273 novem
153 5223 258 5271 tantum
272 5223 348 5269 erant
363 5215 425 5284 ejus
441 5213 556 5271 instituti
573 5212 680 5280 llilites,
697 5219 726 5269 ut
742 5229 775 5268 ex
789 5213 936 5271 Guillelmo
947 5231 1008 5270 mor
1026 5214 1186 5271 ridebimus.
1203 5214 1251 5270 Vix
1266 5229 1334 5288 ergo
1357 5221 1419 5270 anta
1433 5230 1533 5269 annum
1549 5217 1628 5283 1132,
1644 5214 1689 5271 hic

33 5304 108 5360 liber
121 5304 290 5374 compositus
306 5302 360 5360 diei
374 5311 473 5375 potest,
492 5302 539 5358 scd
556 5310 647 5358 tamen
667 5309 731 5358 ante
745 5317 848 5358 aunum
865 5306 944 5369 1136,
961 5321 1016 5375 quo
1031 5303 1087 5359 lere
1101 5319 1173 5358 annui
1198 5303 1334 5358 liebertus
1358 5303 1488 5376 magister
1502 5303 1609 5376 llugoni
1623 5318 1689 5361 auc·

34 5391 132 5451 cessit.

79 5480 338 5553 &Templarioruru
358 5481 489 5555 Regulam
512 5498 545 5538 ex
565 5480 657 5538 codice
673 5481 791 5540 Victorio
806 5482 876 5556 typis
904 5481 1043 5538 nrandavit
1070 5481 1188 5549 lliraeus,
1219 5496 1334 5554 eamque
1362 5480 1495 5538 Chronico
1523 5480 1693 5558 Cistereiensq
