3728 5940
98 214 156 295 iti
706 212 1159 297 lamellulolttoltttll·
1689 226 1749 303 aaa

101 342 211 417 glqdius
238 346 352 412 uterque
366 339 489 415 fidelium
515 340 579 414 (118
592 341 602 362 ·
619 342 628 413 )
653 342 683 401 in
696 342 816 399 cervices
840 341 895 397 ini·
913 356 938 437 p
955 357 998 400 res
1011 351 1037 399 et
1052 343 1146 409 uitam;
1167 344 1281 416 qualiter
1295 344 1324 400 in
1337 345 1411 401 bella
1439 345 1546 411 domiue
1578 365 1746 409 conversen-

103 431 246 504 micorqpr,
268 428 304 501 aq
328 429 518 497 destruendam
531 445 641 513 apppem
658 430 829 505 qldtodinem
845 446 896 487 ex·
951 450 1013 499 nur:
1027 430 1248 507 quapalamiiot,
1271 440 1404 505 quantum
1421 433 1455 489 ab
1474 434 1590 495 inuicem
1616 437 1745 499 diiiemut

102 519 240 591 tqlientam
254 533 284 577 se
309 517 441 587 adsersus
455 518 597 597 scianqnm
614 519 673 587 Dei,
689 535 751 592 que
772 519 897 596 celebri·
952 529 1001 588 nei
1029 522 1175 599 saeculique
1198 520 1302 577 militia.
1326 521 1416 581 Primo
1440 522 1551 594 quidem
1565 526 1748 585 utralibetdi·

104 607 255 677 stianorurn
268 605 334 673 lidae
349 625 358 676 ς
374 607 530 681 nequando
552 607 652 675 dicam
662 612 777 684 peotes:
793 609 842 666 abi
856 613 899 666 cst
951 617 1065 690 sciplina
1078 627 1133 670 non
1152 610 1236 673 deest,
1257 609 1413 667 obedientia
1431 616 1603 685 nequaqnam
1623 623 1749 673 conmm-

103 698 176 767 lleas
187 711 285 763 eorum
295 692 405 770 liisai.
420 711 497 765 eam,
514 697 555 768 l.)
725 755 729 762 ,
952 708 1034 775 muni,
1050 701 1124 776 quia,
1138 705 1207 755 testa
1221 697 1369 769 Scriptura,
1387 706 1414 754 et
1433 699 1512 770 pilius
1528 701 1748 775 indiciplinatas

137 785 166 845 -5-
182 782 286 855 Quibuq
300 783 420 855 “9¹³³ss
433 792 585 861 1618111111
599 784 658 866 ipse
677 784 897 863 illiljaeieffllalem
951 794 1056 868 peribit
1067 789 1164 860 (diocli.
1186 802 1254 852 xxii,
1269 787 1311 857 3);
1324 794 1361 853 et,
1368 792 1519 859 peccatam
1528 794 1571 847 ost
1586 789 1748 849 hariolandi

104 872 271 945 domumque
285 887 375 946 mam,
393 872 426 927 de
444 887 500 945 qua
512 872 598 949 iratus
611 873 641 949 ip
653 873 813 948 drappalia,
830 875 898 947 liceo
953 881 1152 956 repapaarcel
1161 878 1244 948 quasi
1253 875 1343 934 scolas
1354 876 1527 935 idololatrias
1537 879 1613 937 nollo
1628 883 1749 952 acquies-

104 959 449 1032 issquilo'tlioqaelarobis
456 961 650 1037 dommpeaira
662 962 772 1033 almaria
781 961 894 1033 (icitia
954 987 1016 1031 pern
1029 971 1055 1040 (1
1065 971 1177 1039 lionae,
1189 965 1246 1032 13).
1256 964 1322 1031 ltus,
1334 970 1362 1019 et
1371 963 1476 1022 reditur
1484 966 1519 1021 ad
1527 973 1624 1025 nulum
1633 967 1693 1036 eius
1702 969 1750 1038 qui

104 1064 178 1117 xrrrr,
194 1047 239 1120 38)
255 1057 302 1116 ;et
315 1064 364 1122 per
377 1050 538 1126 prophetam
551 1049 590 1109 ita
599 1050 900 1130 conquerjiur,lioiiqui
955 1051 1199 1130 praemuniamur
1221 1051 1295 1122 quod
1309 1050 1353 1107 ille
1375 1052 1539 1120 donaverit3
1568 1070 1620 1113 neo
1641 1054 1749 1111 aliunde

104 1137 218 1195 domm
232 1152 336 1203 meam,
359 1136 457 1195 dimisi
471 1136 666 1197 hereditatem
679 1152 772 1199 meam
784 1139 897 1208 (larem.
955 1145 1145 1203 vastinensem
1167 1155 1216 1195 seu
1238 1138 1397 1197 alimentum
1423 1141 1607 1212 presumitur.
1626 1142 1660 1198 lit
1673 1142 1701 1199 in
1711 1142 1750 1202 ri·

104 1240 154 1292 xu,
169 1227 213 1298 7):
228 1224 404 1298 implebitque
417 1225 483 1282 illud
495 1227 694 1298 propheticum,
706 1227 831 1303 Redemit
844 1229 900 1284 llo·
956 1242 1001 1291 atu
1014 1241 1041 1290 et
1054 1231 1153 1290 semla
1167 1234 1277 1286 noratur
1290 1241 1371 1282 omne
1388 1227 1568 1299 superfluum,
1585 1229 1637 1287 soli
1649 1245 1747 1287 necea-

104 1315 202 1371 minas
215 1313 353 1387 papalum
364 1330 448 1371 saum
457 1321 485 1371 ct
495 1315 624 1373 liberauit
638 1330 722 1372 eum:
732 1318 760 1373 et
783 1315 899 1389 repient
955 1323 1027 1379 citati
1041 1317 1205 1377 consulitur.
1221 1314 1325 1373 Vivitur
1338 1315 1419 1389 plane
1432 1316 1462 1372 in
1479 1318 1617 1375 communi
1630 1319 1752 1389 jucunda

104 1406 133 1460 el
143 1401 331 1465 inuitabant
344 1403 375 1465 iat
385 1406 481 1461 monio
495 1393 603 1474 Siliani
614 1401 902 1476 baudolenidtbonis
954 1419 981 1473 et
999 1408 1091 1467 sobria
1104 1403 1319 1472 conversatione,
1334 1405 1437 1477 absque
1452 1405 1592 1474 uramus,
1608 1414 1637 1464 et
1647 1408 1751 1480 absque

105 1492 218 1548 bomini
234 1490 344 1560 iim·
356 1505 429 1559 ¹¹¹1,
446 1493 489 1559 Η,
506 1490 561 1561 ¹2)-
571 1492 684 1559 lamam·
699 1491 861 1557 Jerusalem,
871 1497 900 1547 el
942 1498 1057 1556 liberis.
1077 1497 1109 1552 lit
1124 1511 1157 1551 ue
1170 1492 1236 1565 quid
1249 1491 1321 1549 desit
1339 1508 1371 1548 er
1399 1492 1558 1567 eremeliae
1586 1493 1751 1562 perfectione

105 1592 241 1650 cognosce
261 1577 321 1648 jam
343 1585 451 1650 tempus
477 1577 639 1637 visitationis
652 1586 716 1636 tuae.
731 1578 899 1651 eradetnel
954 1588 1058 1660 absque
1071 1583 1145 1641 omni
1159 1581 1271 1654 proprio
1286 1579 1407 1636 habitant
1420 1581 1500 1639 unios
1518 1582 1603 1639 moris
1625 1581 1653 1637 in
1667 1582 1751 1639 domo

104 1665 211 1721 laudate
239 1664 330 1732 simul,
356 1667 466 1725 deserta
482 1667 643 1737 ierusalem,
659 1668 725 1740 quia
741 1665 899 1724 consolatus
914 1631 938 1711 fl
954 1690 1018 1741 nna,
1044 1670 1153 1730 solliciti
1180 1683 1287 1727 semare
1304 1668 1434 1725 unitatem
1461 1668 1572 1741 spiritus
1597 1668 1627 1725 in
1642 1669 1750 1727 rincula

104 1762 145 1810 esa
159 1754 291 1811 Dominus
318 1756 450 1827 populum
477 1771 567 1824 sunm,
592 1755 705 1812 redemit
727 1753 899 1827 Jerusalem
953 1761 1039 1836 pacis.
1054 1758 1137 1817 Dicas
1150 1757 1283 1815 umrersae
1304 1754 1484 1811 multitudinis
1505 1771 1565 1813 esse
1588 1770 1636 1822 eor
1652 1772 1749 1829 anum,

104 1842 210 1914 bamili
224 1841 357 1898 D⁰mi¹¹l¹⁸
372 1842 515 1900 milium
528 1859 610 1899 suum
624 1849 750 1913 Sblssilllss
767 1841 900 1900 1110011118
953 1850 1108 1908 etanimam
1118 1861 1215 1905 unam:
1234 1843 1270 1899 ita
1283 1845 1463 1916 quiaqoenon
1485 1843 1596 1901 omina
1611 1844 1751 1917 propriam

106 1929 229 1987 omnium
256 1930 386 2004 gentium.
416 1931 502 2003 Virgo
528 1931 621 1999 lsrael,
636 1946 787 1999 corrueras,
806 1939 901 1989 elnon
953 1939 1030 2012 sequi
1043 1937 1219 2002 voluntatem,
1234 1931 1385 2005 sedmaqis
1403 1931 1516 2004 obsequi
1536 1931 1635 2005 mtagit
1658 1932 1750 2003 impo-

103 2026 161 2076 titi
173 2017 220 2090 (11Ῑί
248 2018 404 2075 sublevarat
417 2025 453 2075 ῑθ·
469 2017 558 2092 Surae
572 2020 638 2090 itm.
655 2027 780 2079 excutere
793 2018 901 2092 (1111111-
953 2028 1034 2087 santi.
1061 2024 1144 2082 Nullo
1157 2031 1280 2094 tempore
1293 2028 1341 2076 aut
1355 2018 1435 2076 otiosi
1461 2019 1568 2091 sedent,
1587 2027 1635 2077 aul
1647 2020 1749 2077 cudosi

102 2123 177 2175 uera,
192 2105 280 2178 virgo,
300 2107 409 2180 captiva
437 2105 491 2163 filia
505 2107 581 2163 Sion.
599 2109 696 2181 Saarna
729 2108 852 2181 inquom,
873 2115 900 2163 et
954 2122 1102 2190 vagantur:
1130 2111 1180 2168 aad
1207 2124 1312 2181 semper
1336 2109 1401 2167 dum
1424 2123 1478 2164 non
1502 2108 1653 2177 procedunt
1666 2108 1751 2181 (qood

104 2203 147 2253 sta
160 2194 189 2251 in
203 2195 320 2262 excelso,
337 2203 364 2251 et
382 2195 444 2253 uide
464 2194 662 2268 jucunditatum
685 2212 745 2269 quae
757 2196 829 2255 venit
852 2196 900 2252 tibi
954 2204 1066 2279 quinem
1080 2217 1142 2260 raro
1151 2198 1304 2272 contingit),
1319 2214 1354 2255 ne
1371 2197 1454 2267 qratia
1480 2199 1623 2254 comedant
1641 2213 1751 2269 panem,

104 2284 198 2340 olleo
221 2291 278 2339 tuo·
303 2283 367 2339 Non
395 2283 534 2345 vocaberis
561 2285 634 2343 ultra
664 2280 746 2343 W
761 2284 899 2354 derelicta,
954 2308 1093 2352 armorum
1115 2306 1162 2347 seu
1181 2289 1408 2351 vestimentorum
1429 2286 1469 2340 vel
1484 2285 1569 2342 scissa
1591 2285 1751 2351 resarciant,

104 2379 286 2428 atterritus
314 2386 369 2428 non
392 2373 533 2435 vocabitur
547 2372 664 2447 amplius
687 2373 819 2442 desolata,
837 2373 902 2446 quia
956 2381 998 2439 vel
1024 2387 1128 2436 vetusta
1143 2374 1275 2442 relidunt,
1299 2372 1342 2429 vel
1356 2371 1509 2429 inordinata
1532 2380 1709 2447 componunt,
1725 2380 1752 2428 et

105 2459 270 2531 complacuit
295 2459 411 2517 Domino
426 2460 454 2516 in
482 2468 517 2530 te,
532 2469 604 2518 tarra
631 2470 678 2520 tua
696 2461 899 2519 inhabitabitur.
956 2483 1071 2542 qunque
1107 2473 1243 2536 poserem
1271 2461 1392 2517 iacienda
1423 2459 1548 2532 magistri
1575 2460 1702 2517 voluutas
1724 2468 1751 2516 et

104 2548 178 2604 Lava
203 2548 231 2605 iu
253 2548 368 2606 oucuitu
389 2550 485 2605 oeulos
508 2558 570 2607 tuos
595 2558 622 2607 et
644 2550 705 2607 vide
721 2568 728 2608 :
744 2567 842 2606 omnes
857 2550 902 2605 isti
956 2555 1109 2615 eommunis
1122 2551 1216 2608 indicit
1229 2550 1387 2607 necessitas.
1411 2548 1616 2605 Personainter
1629 2564 1679 2605 aas
1702 2548 1752 2604 mi-

104 2637 264 2712 ⁰⁰¹lssr088li
278 2645 351 2704 sunt,
366 2645 497 2693 tenerum
529 2638 587 2695 libi.
611 2638 669 2694 1100
705 2636 753 2693 libi
772 2638 902 2693 omilium
957 2646 1029 2701 aime
1050 2641 1199 2713 accipitur:
1228 2637 1347 2694 defertor
1378 2637 1493 2705 meliori,
1528 2653 1584 2694 non
1612 2637 1751 2694 nobiliori.

104 2726 220 2783 missum
235 2725 269 2782 de
283 2724 499 2783 sancto.0mino
518 2741 568 2796 par
581 2717 649 2780 istos
677 2725 901 2798 tibijamjamque
956 2733 1066 2789 Honore
1094 2745 1125 2786 se
1142 2727 1259 2784 inuicem
1288 2723 1472 2795 meramnum
1499 2725 1656 2783 alterutrum
1670 2739 1754 2782 onera

103 2815 149 2870 illa
164 2813 324 2884 persolvitur
337 2813 450 2886 antiquo
475 2813 631 2884 promissio,
646 2829 751 2885 ponam
768 2818 795 2871 te
806 2815 902 2870 imsu-
956 2825 1071 2893 portant,
1100 2826 1130 2874 ut
1157 2815 1198 2873 ain
1219 2814 1386 2886 adimpleant
1400 2813 1491 2887 legem
1505 2813 1613 2875 Christi.
1635 2814 1752 2871 Verbum

101 2902 231 2976 perbiam
243 2904 412 2960 smcuwram
424 2902 604 2975 paudiamia
617 2903 800 2974 praeradiare
810 2907 838 2958 ct
854 2920 900 2975 qe·
917 2903 939 2985 c
955 2909 1085 2976 insolens,
1109 2921 1177 2977 opus
1205 2904 1311 2970 inutile,
1325 2903 1397 2961 risus
1419 2902 1621 2970 immoderatus,
1632 2919 1753 2959 murmur

105 2993 290 3058 occationem
311 2994 340 3050 st
352 3005 431 3063 sepes
447 2991 625 3063 iacpeatium
635 2995 663 3048 cl
676 2992 839 3049 mammilla
853 3008 904 3049 re·
956 2998 999 3054 uel
1015 3005 1107 3065 tenue,
1117 2994 1174 3051 aire
1183 2991 1335 3049 susurrium
1348 3006 1526 3062 nequaquam,
1541 2990 1587 3047 ubi
1601 2991 1752 3062 depreben-

103 3079 406 3153 pamiaciaberisllsa.
422 3080 598 3149 sr,15,ld):
615 3078 731 3150 etitem,
749 3079 902 3137 Sicaima·
957 3087 1039 3154 ditur,
1066 3081 1229 3154 relinquitur
1253 3078 1465 3145 inemendatum.
1495 3078 1597 3134 Soacos
1624 3077 1701 3149 (119)
1726 3086 1753 3135 el

105 3173 148 3228 ier
161 3169 326 3226 ⁶0²⁸³0lt⁸lllt
337 3169 411 3238 filiii
426 3184 499 3236 81101,
512 3170 556 3225 2²⁰
570 3172 599 3225 il
608 3184 656 3242 09ss
668 3168 829 3240 comantur
842 3184 900 3234 uos,
956 3175 1031 3231 aleas
1040 3173 1227 3238 detestantem
1252 3170 1400 3226 abhorrent
1422 3167 1615 3223 renationem:
1644 3182 1693 3223 nec
1708 3167 1749 3221 lu·

102 3258 131 3315 et
142 3256 175 3313 ia
188 3257 348 3315 ierusalem
360 3257 579 3316 consolabimini
594 3259 660 3327 (isa.
689 3271 763 3323 narr,
783 3256 838 3328 13).
854 3256 906 3313 vi·
958 3263 1032 3320 diora
1045 3261 1090 3316 illa
1103 3258 1190 3315 aulum
1200 3258 1294 3328 rapina
1307 3256 1348 3327 (ut
1366 3254 1475 3326 assolet)
1487 3254 1750 3327 delectantur(ldb).

102 3345 187 3402 dasne
197 3361 278 3419 quam
291 3346 386 3403 crebra
399 3353 521 3403 ueterum
530 3345 699 3403 attestatione
714 3359 786 3415 nora
799 3360 901 3418 appro·
957 3351 1063 3417 Mimos,
1079 3358 1106 3404 et
1118 3362 1223 3420 magos,
1243 3352 1270 3400 et
1285 3343 1456 3411 fabulatores,
1486 3341 1668 3415 nourrileaqua
1691 3357 1752 3401 oen·

103 3433 338 3501 saturnalitiam
352 3434 426 3515 quod
440 3433 863 3509 siculaudivimus,sicvidemus
876 3432 904 3489 io
958 3439 1064 3506 cilenis,
1081 3443 1162 3508 atque
1186 3434 1313 3492 ludorum
1334 3430 1499 3504 spectacula,
1529 3441 1654 3504 tanquam
1679 3432 1753 3489 nani.

104 3521 211 3581 oiritate
225 3521 334 3577 Domini
344 3521 495 3579 virtutum?
510 3522 665 3579 Dummodo
676 3537 740 3578 sane
753 3520 904 3597 spirisqali-
959 3535 1027 3583 tates
1047 3533 1074 3581 et
1093 3524 1211 3581 insanias
1229 3521 1311 3579 falsas
1338 3529 1470 3592 respuunt
1494 3527 1522 3576 et
1544 3519 1751 3577 abominantur.

105 3614 154 3666 bus
168 3623 223 3664 non
236 3608 400 3680 prejudicat
428 3609 554 3665 sensibus
567 3609 692 3665 litteralis
711 3608 903 3683 interpretatio,
959 3612 1076 3684 (lapillos
1097 3613 1211 3667 tondent
1228 3611 1314 3678 (131),
1344 3608 1461 3664 scentes
1485 3610 1562 3677 jnrts
1592 3607 1752 3676 apamiam

103 3697 249 3770 quominus
273 3695 377 3754 scilicet
398 3711 539 3769 speremus
556 3698 585 3751 in
606 3702 754 3769 oemroum,
769 3694 901 3768 quidquid
958 3698 1135 3772 iqnoinimsm
1160 3712 1222 3753 asse
1247 3693 1316 3762 uiro,
1346 3695 1370 3749 si
1392 3709 1497 3750 maiam
1515 3694 1652 3750 nutrimit.
1673 3696 1753 3751 Nun-

103 3787 168 3843 huic
195 3783 313 3856 tempori
336 3783 514 3858 significando
527 3799 561 3840 ex
576 3783 774 3855 Prophetarum
792 3782 906 3839 vocibus
959 3802 1041 3857 quam
1050 3787 1161 3857 compti,
1177 3798 1238 3838 raro
1249 3781 1406 3855 lamminis
1427 3788 1517 3838 autem
1538 3782 1664 3856 neglecta
1678 3781 1753 3841 crine

104 3888 268 3946 usurpamus
292 3887 349 3931 :ue
374 3889 425 3945 per
452 3871 480 3929 id
508 3873 582 3943 quod
600 3869 732 3939 cernitur,
761 3879 905 3933 evanescat
959 3874 1066 3949 hispidi,
1079 3874 1191 3945 puluere
1205 3869 1289 3926 ioedi:
1305 3867 1391 3927 lorica
1404 3876 1431 3925 et
1444 3876 1569 3927 caumata
1584 3869 1662 3926 lusci

102 3962 176 4036 quod
187 3961 306 4019 ereditur
321 3981 330 4032 ;
345 3967 372 4018 et
390 3958 451 4034 spei
462 3959 556 4033 copisa
568 3958 713 4017 imminuat
726 3957 838 4031 penuria
854 3957 903 4028 rei,
994 3967 1022 4019 8.
1037 3963 1121 4018 Porro
1130 3958 1287 4017 imminente
1298 3957 1380 4025 ballo,
1395 3957 1469 4014 intus
1481 3956 1545 4025 tide,
1573 3957 1641 4015 iaris
1669 3958 1751 4027 larsa,

101 4050 333 4124 praesentiumque
359 4048 496 4106 anesmlio
523 4049 559 4104 sit
572 4048 715 4106 evaeuaiio
731 4046 897 4104 iuturorum.
954 4069 1010 4110 non
1022 4067 1089 4109 auro
1107 4065 1136 4107 so
1151 4048 1292 4105 muniunt:
1307 4053 1443 4119 quatenus
1456 4045 1563 4112 armati,
1588 4055 1616 4103 at
1635 4063 1692 4104 non
1706 4062 1751 4106 or·

102 4141 231 4214 alioquin
256 4147 368 4197 terrena
397 4138 512 4195 civitatis
542 4136 700 4209 temporalis
728 4135 818 4209 gloria
844 4152 899 4192 non
952 4141 1018 4208 nati,
1034 4137 1120 4198 MS
1133 4136 1257 4194 bostihua
1266 4145 1369 4192 metum
1382 4133 1524 4204 incutiam,
1535 4148 1590 4199 non
1605 4144 1754 4205 prosecant

102 4229 214 4285 destruit
235 4227 360 4284 boeiaslio
379 4227 460 4293 bolla.
476 4227 525 4285 aad
539 4226 658 4291 delibili
675 4224 699 4290 ti
717 4232 807 4283 iamin
821 4171 936 4295 mimi
956 4229 1106 4287 ivandam.
1122 4229 1217 4299 Equos
1230 4225 1328 4282 babere
1350 4222 1465 4296 eupiunt
1478 4221 1562 4279 fortes
1586 4230 1615 4278 et
1634 4222 1752 4294 valona,

102 4317 212 4374 mininre
227 4315 382 4372 dubitamus
394 4315 467 4373 illius
477 4323 567 4373 tenere
581 4313 780 4386 ligurumque
794 4312 823 4369 io
839 4328 902 4372 om·
956 4335 1012 4377 non
1022 4327 1114 4375 umen
1126 4315 1261 4373 coloratos
1273 4323 1319 4370 aut
1333 4313 1502 4385 phaleratos:
1514 4312 1752 4386 pnqnmnquippe,

102 4407 136 4462 lis
148 4413 175 4463 et
184 4412 273 4462 mator
287 4411 391 4462 nostra.
957 4423 1013 4463 non
1027 4421 1165 4479 pompam,
1176 4401 1336 4472 uictoriam,
1351 4401 1398 4458 aed
1411 4416 1467 4461 non
1479 4400 1598 4474 pluriam
1626 4401 1752 4476 capian-

423 4491 539 4551 cabul
553 4491 599 4550 lv.
958 4504 1011 4568 tes,
1033 4504 1062 4552 at
1087 4494 1227 4551 studentes
1248 4491 1337 4563 napis
1350 4506 1410 4547 esse
1424 4489 1562 4547 formidini
1576 4489 1754 4562 quamadmi·

245 4581 506 4641 Dccaooersatioae
522 4580 646 4639 Militum
663 4581 776 4649 Christi.
955 4584 1064 4645 rationi.
1076 4581 1178 4641 Deinde
1187 4597 1243 4638 non
1254 4578 1400 4637 turbulenti
1410 4586 1457 4635 aut
1464 4579 1621 4649 impetuosi,
1638 4586 1665 4636 at
1675 4579 1753 4652 quasi

139 4682 167 4736 7.
185 4679 237 4736 Sed
249 4679 307 4749 iam
320 4678 354 4734 ad
377 4678 553 4736 imitationem
578 4694 627 4735 seu
650 4677 684 4734 ad
712 4676 901 4735 conlacionem
954 4689 989 4732 ex
1002 4673 1112 4732 levitate
1125 4670 1289 4744 precipites,
1309 4670 1357 4727 sed
1371 4667 1495 4727 consulta
1509 4675 1588 4740 atque
1604 4666 1752 4726 cumomni

106 4778 260 4825 nostrorum
288 4767 415 4833 militum,
440 4783 496 4824 nou
518 4768 599 4840 plane
627 4769 696 4833 Deo,
721 4765 770 4823 aad
789 4764 900 4822 diabolo
955 4765 1061 4821 cautela
1074 4758 1281 4833 elprouidentia
1295 4773 1325 4814 se
1338 4755 1588 4827 ipsosordioaotea,
1603 4763 1631 4814 et
1656 4755 1752 4827 diapa-

104 4856 288 4924 militantium,
304 4856 426 4914 dicamus
440 4857 558 4915 breuiter
575 4855 673 4913 Christi
686 4856 810 4926 equitum
837 4868 900 4909 mo·
954 4860 1050 4908 nantes
1075 4851 1103 4906 in
1117 4849 1214 4918 adem,
1227 4847 1305 4917 juria
1318 4846 1392 4917 quod
1414 4844 1449 4900 de
1477 4844 1598 4916 patribus
1619 4845 1751 4916 scriptum

140 4970 202 5039 (118
224 4971 235 4992 ·
255 4971 434 5042 ispiritnalia
458 4971 561 5028 scilicet
597 4985 631 5026 ac
660 4968 832 5025 materialis:
864 4967 900 5025 de
953 4966 1056 5039 quade
1070 4964 1174 5021 revide
1191 4959 1587 5032 Glossariumcanpianumet
1603 4958 1754 5032 Polycrati·

104 5047 218 5112 utroque
230 5041 346 5112 epistola
360 5045 423 5109 2116,
442 5051 469 5098 et
492 5041 562 5098 libro
577 5056 604 5097 ru
617 5043 659 5097 De
672 5039 898 5110 consideratione,
951 5052 1016 5094 aum
1027 5035 1139 5093 ioannis
1154 5031 1378 5096 saresberiensis,
1394 5030 1442 5086 lib.
1454 5045 1551 5114 neap.
1566 5033 1603 5089 a.

103 5127 166 5307 aa?
179 5115 206 5176 3.
222 5128 250 5167 n.
266 5112 294 5166 t.
988 5109 1064 5179 (131)
1082 5107 1110 5162 ld
1138 5112 1209 5176 patet
1233 5119 1267 5160 ox
1281 5101 1391 5176 Requlae
1405 5102 1537 5184 caprnbus
1555 5105 1590 5159 16
1604 5110 1633 5159 at
1649 5102 1695 5167 i'l.
1721 5101 1752 5158 ln

151 5186 209 5251 119)
226 5181 340 5263 Scriptis
368 5182 515 5251 nonnullis,
531 5199 619 5246 cacos.
633 5181 717 5259 uulgo
730 5180 836 5248 comcs.
852 5180 898 5254 qui
972 5178 1113 5247 riorieuim
1126 5175 1232 5231 serratio
1244 5189 1309 5232 curn
1324 5188 1384 5241 ave,
1404 5189 1433 5227 m
1443 5172 1588 5246 posteriori
1609 5172 1751 5248 percussio

100 5254 128 5308 lu
149 5271 181 5308 us
203 5254 240 5308 ita
268 5254 357 5308 dictus
380 5264 420 5308 est
435 5253 489 5308 sivo
504 5269 519 5307 a
533 5268 603 5308 uoce
618 5244 735 5309 Arabica
762 5252 804 5308 uel
831 5252 897 5309 Per·
950 5196 1016 5307 ieie
1031 5263 1097 5306 arcu
1111 5246 1153 5305 vel
1170 5244 1264 5302 balista
1280 5244 1455 5327 interdicitur.

100 5325 158 5381 sica
172 5324 265 5395 scaci,
281 5340 342 5396 quae
357 5340 446 5397 repom
475 5331 563 5389 sonat,
583 5339 643 5394 quse
657 5322 849 5396 prmcipuaest
863 5338 897 5380 eo
989 5322 1065 5394 (tol)
1081 5319 1167 5389 liujus
1179 5316 1220 5373 rei
1243 5323 1373 5373 statutum
1388 5318 1486 5391 leqrtur
1500 5315 1529 5372 in
1547 5314 1658 5388 Reqnlm
1680 5325 1749 5373 tem·

100 5396 128 5452 in
142 5397 208 5454 ludo
235 5409 355 5469 persam
371 5414 377 5451 :
393 5396 481 5452 alvea
499 5395 664 5453 Germanico
688 5394 802 5462 scinci,
815 5392 844 5450 id
856 5400 898 5450 eat
952 5392 1099 5465 plariorum
1111 5387 1248 5462 mnitibus
1256 5390 1293 5446 18
1306 5397 1334 5445 et
1347 5390 1395 5445 11.

100 5468 206 5527 latrone
218 5467 444 5539 seulatruneula,
469 5469 542 5529 unde
554 5465 775 5546 hmnqeuiaputn,
798 5464 894 5543 ludunt
