3728 5940
72 208 126 270 ree
491 203 533 264 on
550 201 832 266 mostoestrtorta
850 202 941 266 elcut
960 201 1237 274 ottones-‹ttn
1257 199 1288 259 v.
1467 182 1500 203 '⁸
1660 190 1729 253 tvo:

70 331 193 404 eorporis
205 344 314 386 sensum
330 348 338 385 ε
355 344 452 386 sensus
466 329 525 400 ipsa
538 327 602 395 sibi,
618 343 648 383 se
661 327 720 399 ipsa
735 327 863 388 sentiens.
878 341 901 419 Α
918 336 946 385 et
959 329 1117 400 ponderans
1134 330 1169 385 ad
1182 327 1373 409 vestigandum
1385 326 1479 381 Deum.
1493 322 1662 395 speculativa
1672 330 1716 378 est

71 416 207 491 Optimum
221 417 332 474 videndi
346 432 444 491 genus,
454 419 477 471 si
488 415 587 472 nullius
601 416 721 489 egueris,
738 416 770 470 ad
786 430 866 472 omns
918 419 1100 478 consideratio
1114 421 1184 476 sain
1200 434 1229 476 se
1251 418 1395 491 colligens,
1414 422 1451 484 et,
1464 420 1596 486 quantum
1609 410 1713 469 duni-

69 507 142 578 quod
166 507 278 564 libuerit
299 507 350 578 (ul.
376 505 439 563 edd.
456 505 558 578 nosse),
575 512 600 562 ta
621 512 776 563 conmotus.
790 504 865 560 Alio·
920 519 963 566 tus
976 510 1127 579 adiuvatur,
1155 511 1237 565 rebus
1250 505 1377 564 humanis
1396 503 1517 560 eximens
1530 503 1564 555 ad
1592 511 1713 558 conmm-

69 596 135 668 quin
151 595 242 667 juvari
263 595 383 667 aliunde,
399 594 546 652 obnoxium
561 594 619 651 fleri
639 604 680 651 est
696 597 866 667 minusquea
920 599 1048 668 piandum
1063 601 1160 656 Deum.
1184 600 1253 654 Puto
1278 597 1423 671 vigilanter
1450 591 1570 649 advertis
1599 589 1711 645 aliarum

70 684 189 754 perfecto
202 684 283 756 istud,
300 691 328 742 et
341 686 432 740 miuus
445 683 571 740 liberum.
919 688 988 744 bane
1005 704 1067 745 esse
1094 688 1212 744 irnetum
1228 705 1235 741 :
1252 701 1376 744 caterae.
1391 685 1415 740 si
1436 697 1491 736 nou
1505 678 1656 736 referantur
1678 679 1712 735 sd

104 776 131 829 2.
147 773 226 844 Quid,
242 773 314 846 quod
328 781 356 831 et
367 771 539 829 inferioribus
552 773 640 848 egea?
653 787 744 830 noune
757 787 865 846 praepo·
918 777 1009 843 istam,
1024 779 1096 852 quod
1111 778 1237 834 dicuutur
1251 775 1338 833 videri
1360 788 1449 844 posse,
1464 769 1512 826 sed
1527 784 1581 824 uon
1596 783 1663 824 esse.
1682 767 1714 822 Et

68 871 168 918 storum
184 861 235 917 boc
248 870 275 918 et
288 861 544 935 iudignumiPlane
558 861 728 934 superiorum
741 863 864 935 quaedam
918 865 993 938 prior
1006 865 1116 938 quidem
1143 869 1246 936 absque
1265 865 1365 921 intuitu
1381 863 1462 933 bujus
1485 860 1567 915 multa
1591 857 1670 923 serit,
1685 863 1714 912 et

67 950 164 1021 injuria
186 956 238 1019 est,
263 949 423 1007 inferiorum
446 965 557 1022 operam
578 949 731 1007 desiderata
755 971 761 1009 :
783 966 865 1023 aqua
918 954 984 1010 nibil
1006 955 1083 1011 metit
1102 972 1109 1009 :
1130 969 1246 1027 sequens
1266 969 1330 1010 vero
1348 950 1403 1006 uisi
1417 951 1449 1006 ad
1466 950 1546 1004 istam
1560 962 1590 1003 se
1603 945 1711 1015 dirigat,

66 1038 167 1108 injuria
190 1054 267 1095 nemo
291 1038 431 1096 bominum
453 1039 572 1111 perfecte
595 1036 786 1109 vindicabitur,
812 1040 865 1096 nisi
916 1043 999 1113 vadit,
1019 1044 1132 1100 sednon
1146 1043 1244 1101 evadit.
1271 1044 1342 1116 Ergo
1357 1040 1429 1112 quod
1452 1037 1540 1110 prima
1565 1041 1649 1107 aptat,
1664 1052 1713 1092 aa·

66 1144 129 1184 cum
152 1129 269 1202 quisque
294 1129 411 1186 evaserit
430 1130 458 1184 in
487 1130 636 1186 libertatem
664 1126 780 1186 filiorum
802 1130 861 1186 Dei.
915 1134 1132 1198 cundatodorat,
1147 1132 1224 1189 tertia
1238 1139 1337 1204 gustat.
1352 1130 1394 1185 to
1408 1143 1489 1201 quem
1500 1134 1590 1183 umen
1604 1133 1713 1197 gustum

65 1218 168 1288 Nempe
181 1227 260 1274 eruut
270 1217 297 1273 bi
312 1231 407 1275 omnes
422 1217 549 1275 docibiles
563 1218 614 1275 Dei
632 1218 724 1288 (locro.
746 1234 783 1286 vt,
804 1221 861 1291 lo),
915 1222 1066 1290 perducunt
1080 1230 1107 1278 et
1122 1230 1237 1289 catera,
1253 1220 1306 1276 etsi
1324 1218 1428 1275 tardius
1444 1233 1452 1273 τ
1467 1215 1521 1271 nisi
1534 1215 1609 1288 quod
1623 1215 1711 1285 prima

65 1311 92 1360 et
106 1306 180 1363 nulla
204 1305 398 1363 interveniente
416 1314 549 1373 ereatura,
564 1307 622 1364 solo
635 1307 705 1364 betti
719 1308 788 1364 Deo,
805 1307 859 1363 lle-
915 1311 1086 1379 laboriosius,
1099 1312 1219 1369 secunda
1233 1309 1350 1381 quietius
1366 1307 1532 1379 pervenitur.

65 1394 192 1459 patrinsse
215 1394 267 1450 erit
292 1395 354 1462 boc,
373 1396 461 1450 exisse
489 1395 523 1452 de
552 1397 637 1464 patria
663 1411 810 1468 corpomm
833 1395 860 1451 in
1227 1399 1337 1455 CAPUT
1351 1397 1397 1453 111.

63 1483 201 1554 regionem
217 1483 369 1555 spirituum.
384 1485 447 1553 Ipsa
460 1492 502 1540 est
518 1485 591 1541 [leus
608 1495 712 1555 noster,
729 1486 860 1541 metimus
915 1491 953 1547 lia
972 1507 1036 1563 qttoe
1050 1505 1138 1560 sopra
1151 1505 1201 1547 nos
1216 1492 1296 1552 suut,
1312 1490 1401 1543 Deum
1416 1487 1525 1542 scilicet
1539 1489 1567 1542 ct
1583 1483 1712 1555 Angelos,

63 1571 186 1642 spiritus,
203 1573 317 1628 matium
331 1571 436 1629 mansio
450 1572 592 1643 spirituum
607 1574 745 1630 beatorum
761 1591 767 1628 :
784 1582 811 1630 et
827 1589 861 1630 ue
1013 1580 1179 1650 imeslioart'
1192 1578 1333 1651 opinione,
1343 1576 1399 1645 pide
1411 1580 1440 1633 et
1450 1574 1612 1631 intellecta.

63 1659 128 1732 quid
143 1661 186 1716 bie
199 1659 250 1714 sibi
273 1666 384 1732 usurpet
407 1675 502 1717 sensus
526 1661 577 1731 (el.
601 1661 664 1718 cdd.
688 1661 787 1730 earnis)
811 1651 899 1735 sou!
948 1671 976 1722 5.
992 1666 1098 1736 Dixisti,
1114 1667 1212 1738 inquis,
1241 1665 1305 1722 satis
1328 1679 1382 1738 qua
1409 1663 1572 1720 munstur
1595 1680 1602 1715 :
1630 1662 1713 1717 etism

63 1748 230 1822 itnnginatio,
251 1751 348 1805 veritas
360 1759 412 1817 est,
436 1748 567 1820 sapientia
591 1759 641 1817 est,
662 1750 756 1818 virtus,
777 1757 858 1806 aeter-
914 1754 1187 1828 quemamodum,
1203 1755 1293 1812 dicero
1307 1755 1401 1810 babes,
1430 1750 1550 1817 patieris,
1565 1750 1589 1806 si
1603 1750 1631 1807 id
1645 1767 1711 1820 ⁸90.

62 1837 281 1905 lliffldummlim
296 1837 490 1894 bouumtlnoe
505 1838 555 1909 (ab
571 1837 859 1910 add·³(l¹¹⁰)i010¹'im
914 1861 981 1903 res:
1007 1845 1144 1904 ineiiabile
1169 1854 1220 1902 est.
1242 1846 1283 1900 Tu
1310 1861 1355 1900 me
1381 1842 1519 1899 existimas
1539 1839 1615 1912 loqui
1639 1840 1712 1912 quod

62 1928 192 1982 “mmm
209 1945 215 1981 ²
232 1933 259 1980 ⁰²
281 1925 328 1981 ”hi
341 1941 449 1997 ⁸¹¹ml¹is
464 1927 542 1983 Vinii
564 1936 606 1984 0⁸²
628 1927 818 1998 lacrymarum,
832 1927 859 1983 5¹¹
915 1933 1010 1993 oculus
1025 1950 1080 1991 nou
1094 1932 1172 2002 vidit,
1187 1949 1237 1989 nce
1251 1934 1324 1989 auris
1338 1931 1447 1997 audivit,
1467 1937 1495 1986 et
1509 1930 1535 1986 in
1557 1944 1604 1986 eor
1618 1928 1711 1984 horni-

61 2034 115 2089 qoa
138 2015 300 2072 sensualitas
322 2023 426 2087 regnat,
450 2025 477 2073 et
500 2016 681 2074 consideratio
703 2018 812 2075 exulat:
832 2018 859 2075 in
915 2024 957 2082 nis
970 2038 1024 2081 non
1038 2022 1186 2081 aseendit?
1201 2024 1292 2088 Notis,
1308 2021 1404 2094 inquit,
1424 2020 1560 2078 rovelavit
1573 2021 1646 2076 osus
1658 2033 1711 2090 per

60 2122 114 2178 qua
128 2104 214 2160 libere
228 2105 340 2175 quidem
362 2113 387 2160 et
408 2108 567 2176 potestative
591 2122 621 2162 se
642 2106 742 2164 exserit
763 2122 860 2163 seusus
915 2114 1057 2187 Spiritum
1071 2130 1157 2172 eoum
1170 2114 1197 2182 (1
1211 2114 1273 2171 cor.
1297 2126 1328 2176 tt,
1346 2115 1373 2178 9,
1389 2111 1444 2181 to).
1460 2109 1532 2181 Ergo
1545 2124 1607 2180 qute
1626 2121 1710 2178 supra

59 2209 220 2267 corporeus,
236 2195 283 2250 sed
306 2192 446 2251 intricatus
463 2194 562 2270 caligat
583 2197 678 2252 oculus
700 2195 859 2268 spiritualis.
915 2208 978 2257 sunt
992 2216 1046 2259 non
1060 2201 1158 2260 videbo
1182 2200 1325 2267 docentur,
1352 2199 1400 2255 sed
1420 2197 1516 2271 spiritu
1540 2195 1708 2253 revelentur.

59 2282 131 2353 Quid
147 2282 229 2356 igitur
248 2283 357 2350 misum,
372 2283 396 2339 si
411 2298 463 2356 ope
478 2286 609 2360 indigenae
623 2287 727 2343 advena
739 2286 860 2361 indiget?
915 2290 1015 2348 Verum
1028 2290 1101 2363 quod
1111 2305 1202 2346 sermo
1216 2303 1270 2344 non
1293 2288 1418 2360 explicat,
1435 2285 1615 2343 consideratio
1634 2297 1710 2356 qua·

60 2372 94 2428 Et
109 2370 173 2428 ielix
191 2373 458 2446 securtdumtempus
476 2376 572 2441 viator,
588 2374 634 2448 qui
654 2373 753 2434 civium
772 2377 860 2432 bene·
914 2386 966 2446 rat,
987 2379 1073 2436 oratio
1096 2387 1214 2452 expetnt,
1243 2387 1380 2434 mereatur
1406 2376 1469 2440 vita,
1501 2373 1601 2445 puritas
1629 2387 1710 2429 asse·

60 2458 160 2523 ficium,
178 2461 306 2534 sineque
321 2463 434 2518 transire
448 2478 506 2519 non
530 2474 628 2537 potest,
652 2464 679 2519 in
697 2464 858 2537 obsequium
914 2477 1022 2544 quatur,
1037 2469 1108 2524 Sane
1121 2484 1216 2523 eorum
1231 2464 1385 2522 admonitus
1397 2479 1550 2536 quaesupra
1562 2469 1635 2528 sunt,
1655 2476 1711 2517 nott

58 2559 219 2607 convertere
242 2551 339 2623 poluit,
357 2559 445 2618 utens,
462 2568 516 2609 non
541 2554 631 2610 truens
651 2570 787 2627 :urgens
803 2570 859 2611 uon
914 2567 941 2614 te
955 2556 1092 2613 existimes
1106 2556 1175 2611 mitti
1203 2574 1216 2609 a
1240 2572 1284 2610 me
1311 2555 1450 2625 suspicere
1480 2551 1574 2621 solem,
1604 2551 1707 2613 lunam,

59 2646 175 2710 ll⁰20⁰53
191 2646 310 2703 2¹³2th
328 2656 380 2697 Ποῦ
401 2642 526 2711 willel·
912 2645 1015 2713 stellas,
1032 2660 1085 2701 non
1113 2645 1199 2717 ipsum
1227 2644 1435 2711 firmamentum,
1456 2656 1511 2698 non
1538 2655 1622 2714 aquas
1646 2655 1709 2712 quta

378 2729 491 2784 CAPUT
504 2730 536 2787 ll.
914 2752 996 2808 super
1010 2734 1096 2792 coelos
1110 2741 1182 2790 sunt.
1202 2735 1255 2790 ista
1274 2732 1408 2806 siquidem
1431 2729 1533 2798 omnia,
1559 2728 1610 2786 etsi
1624 2744 1709 2800 supra

149 2816 277 2888 Assipttal
291 2818 384 2873 comos
401 2818 637 2875 considerationis
654 2817 767 2890 prodas.
914 2823 983 2890 loeo,
1005 2823 1093 2897 pretio
1112 2823 1181 2879 inira
1200 2831 1271 2887 suut,
1292 2830 1318 2878 et
1341 2820 1470 2894 dignitate
1490 2827 1619 2874 naturae:
1639 2826 1704 2873 suut

93 2909 120 2961 3.
137 2904 252 2977 Magnus
266 2904 319 2968 ille,
335 2905 382 2976 qui
403 2921 483 2962 usum
504 2921 644 2976 sensuum,
664 2907 795 2978 quosdam
809 2923 858 2965 re·
914 2912 986 2969 enim
1001 2926 1124 2983 corpora.
1140 2911 1190 2968 Tui
1214 2912 1303 2983 portio
1317 2909 1427 2981 spiritus
1441 2918 1492 2978 est,
1508 2924 1563 2980 quo
1582 2907 1708 2978 superius

58 2994 107 3050 luti
133 2991 233 3050 citrium
255 3010 344 3066 opes,
370 2994 523 3065 expendere
546 2994 650 3068 satagit,
676 2995 858 3067 dispensando
873 2968 1054 3074 ‘quidpiam
1089 3000 1189 3056 frustra
1216 2999 1327 3071 quaeris,
1356 2999 1428 3071 quod
1458 3010 1511 3052 non
1535 2996 1569 3051 sit
1597 2995 1708 3068 spiritns

58 3081 146 3142 m
159 3083 186 3139 in
201 3097 277 3138 suem
292 3091 321 3138 et
334 3082 479 3140 multotum
493 3084 619 3141 salutem.
641 3083 698 3140 Nee
712 3084 757 3140 ille
771 3084 860 3141 minor
913 3091 997 3148 Porro
1019 3086 1131 3162 spiritus
1145 3100 1186 3146 est
1214 3090 1298 3157 Deus,
1318 3095 1382 3143 sunl
1400 3093 1428 3142 et
1447 3084 1547 3158 augeli
1565 3084 1662 3149 saneti,
1682 3091 1709 3138 et

56 3172 104 3245 qui
122 3173 194 3230 bunc
215 3170 267 3228 sibi
291 3173 406 3246 gradum
430 3173 463 3227 sd
487 3171 535 3228 illa
564 3172 711 3230 invisibilia
732 3172 858 3243 pbiloso-
913 3181 941 3236 lli
955 3196 1037 3252 supra
1052 3187 1088 3234 te.
1105 3179 1159 3234 Sed
1175 3180 1246 3234 Deus
1265 3185 1370 3238 natura.
1394 3173 1491 3248 Augeli
1511 3171 1598 3246 grstia
1625 3187 1707 3243 eope.

56 3263 166 3336 phando
179 3261 320 3320 constituit
336 3279 342 3320 :
359 3262 412 3318 uisi
425 3263 497 3336 quod
516 3263 569 3321 boc
587 3263 701 3332 dulcius,
717 3263 784 3320 illud
804 3266 857 3321 uti·
913 3269 997 3324 riores
1011 3276 1084 3321 sunt.
1105 3266 1193 3322 Unum
1208 3264 1341 3337 siquidem
1366 3262 1406 3318 tui
1422 3271 1449 3317 et
1464 3259 1563 3333 Augeli
1573 3258 1706 3331 optimum

56 3351 129 3420 lius;
145 3353 195 3408 boe
209 3350 325 3417 felicius,
342 3351 407 3408 illud
423 3350 521 3409 iortius
535 3367 596 3409 esse
611 3361 725 3409 constat.
742 3354 776 3410 At
791 3369 855 3411 om·
911 3357 980 3412 ratio
999 3364 1041 3412 est
1057 3357 1148 3411 :Deus
1164 3368 1299 3411 veronen
1328 3352 1368 3408 sui
1395 3349 1494 3423 aliquid
1509 3350 1641 3421 optimum
1655 3349 1707 3403 hn-

58 3440 135 3497 uium
151 3441 292 3513 maximus,
308 3441 354 3511 qui
380 3450 472 3510 spreto
496 3441 556 3512 ipso
578 3458 629 3499 usu
645 3457 733 3498 rerum
748 3450 776 3499 et
790 3461 856 3500 sen·
910 3448 963 3508 bet,
980 3460 1064 3500 unum
1079 3442 1211 3515 optimum
1225 3450 1307 3499 totus.
1331 3441 1367 3510 is,
1384 3449 1411 3495 et
1436 3438 1482 3510 qui
1509 3453 1573 3495 cum
1586 3451 1619 3492 eo
1643 3442 1707 3492 sunt

54 3547 143 3593 suum.
166 3540 299 3604 quantum
312 3531 423 3601 quidem
442 3530 566 3586 bumanae
590 3529 728 3605 fragilitati
749 3533 789 3588 ias
803 3543 854 3598 est,
911 3533 982 3589 beati
1002 3533 1125 3601 spiritus
1152 3533 1241 3589 tribus
1269 3530 1369 3595 modis,
1398 3527 1479 3584 saluti
1506 3525 1558 3581 riis
1582 3525 1703 3590 totidem,

54 3633 110 3675 non
125 3616 289 3674 ascensoriis
306 3616 441 3688 gradibus,
459 3616 507 3671 scd
530 3616 666 3688 inopiiatis
689 3620 854 3689 excessibus,
909 3629 1000 3678 nostra
1024 3632 1086 3677 sunt
1112 3620 1326 3677 consideratione
1351 3616 1428 3674 147
1455 3615 1605 3689 vestigandi
1643 3614 1705 3685 opi·

54 3707 164 3764 avolare
189 3705 324 3762 interdum
359 3704 568 3776 contemplando
594 3705 628 3760 ad
656 3705 704 3760 illa
730 3706 856 3763 sublimia
909 3710 999 3775 trione,
1014 3707 1078 3774 fide,
1098 3707 1245 3764 intellectu.
1271 3706 1394 3772 Quorum
1415 3705 1570 3761 intellectus
1605 3701 1704 3757 rationi

53 3794 205 3855 consuevit.
230 3795 272 3850 bd
297 3796 349 3853 hoc
370 3793 493 3851 ultimum
517 3811 604 3869 genus
632 3793 692 3853 illos
720 3794 854 3868 pertinere
908 3796 1040 3863 innititur,
1070 3793 1139 3850 fides
1151 3794 1312 3859 auctoritati,
1339 3794 1432 3864 opinio
1455 3794 1512 3850 sola
1536 3790 1591 3849 veri
1610 3789 1704 3846 simili·

53 3901 118 3942 reor
136 3899 262 3942 excessua
275 3883 359 3939 Paeti.
383 3885 531 3954 Excessus,
546 3900 600 3943 non
622 3901 774 3943 ascensus:
792 3901 852 3940 nam
909 3885 1002 3942 tudine
1017 3900 1046 3939 so
1061 3891 1161 3940 tuetur.
1178 3884 1281 3938 liabent
1306 3882 1349 3937 illu
1370 3881 1423 3937 duo
1443 3889 1543 3937 certam
1566 3880 1704 3937 veritatem

53 3987 160 4045 raptum
177 3974 267 4046 potius
282 3971 376 4042 fuisse,
392 3989 472 4045 quam
495 3974 649 4032 ascendisse
671 3975 776 4049 ipsese
795 3992 853 4045 per·
910 3975 956 4032 sed
972 3973 1040 4030 fides
1058 3973 1174 4028 clausam
1198 3981 1224 4028 et
1239 3971 1396 4039 involutam,
1412 3970 1590 4043 intelligentia
1603 3970 1704 4025 nudam

54 4064 101 4118 bib
111 4074 127 4117 ·t
142 4063 182 4136 (ii
193 4064 257 4123 Cor,
271 4079 323 4135 ιιι,
336 4063 401 4135 bt).
418 4063 483 4119 lude
498 4071 539 4120 est
554 4065 626 4135 quod
641 4064 749 4121 dicebat
765 4086 772 4123 :
791 4066 852 4123 Siue
907 4073 934 4122 et
950 4061 1122 4119 manifestam
1138 4077 1145 4115 τ
1170 4069 1297 4117 caeterum
1312 4059 1408 4130 opinio
1423 4059 1490 4114 certi
1509 4057 1574 4113 nibil
1589 4059 1703 4128 babens,

53 4157 149 4211 mente
167 4153 340 4224 excedimus,
366 4155 417 4211 ilco
437 4152 489 4222 (id.
506 4168 533 4208 v.
550 4155 605 4223 ta).
621 4155 705 4209 Porro
725 4157 783 4211 bae
800 4155 851 4210 oia
908 4169 1004 4210 vorum
1020 4167 1070 4224 per
1096 4148 1251 4207 verisimilia
1265 4149 1361 4222 quarit
1375 4146 1477 4219 potius,
1505 4161 1587 4218 quum
1602 4161 1703 4218 appre-

53 4242 91 4297 ita
104 4242 276 4317 confingunt,
291 4258 352 4298 cum
366 4239 560 4311 consideratio,
582 4241 632 4298 etsi
650 4242 678 4297 in
693 4241 752 4298 loeo
773 4259 851 4314 pere·
869 4276 892 4353 ὓ
911 4240 1011 4297 uendit.

52 4329 210 4404 grinnionis
224 4346 291 4400 suae,
317 4330 425 4387 virtutis
448 4330 546 4401 studio,
562 4338 589 4385 et
610 4328 746 4401 adjutorio
759 4333 853 4405 gratia
944 4328 1096 4386 b.0muino
1112 4327 1139 4382 in
1154 4326 1197 4383 bis
1207 4325 1324 4382 cavenda
1347 4323 1479 4392 confusio,
1496 4339 1529 4381 oe
1543 4331 1589 4381 aut
1614 4324 1703 4382 incer·

55 4416 126 4494 laun,
142 4418 276 4490 superior,
302 4417 504 4474 sensualitatem
527 4426 573 4474 aut
597 4418 694 4491 premit
719 4436 753 4475 ne
779 4419 852 4478 iuso-
908 4430 965 4477 tum
979 4418 1113 4490 opinionis
1127 4415 1195 4472 tides
1210 4415 1284 4489 figat,
1311 4423 1357 4468 aut
1383 4411 1456 4484 quod
1475 4411 1582 4469 firmum
1601 4411 1702 4472 fixum·

53 4508 149 4575 lescat,
165 4516 211 4562 aut
227 4507 300 4579 cogit
316 4523 350 4565 ue
363 4516 504 4582 evagetur,
521 4507 652 4584 attingit
671 4524 705 4564 ns
719 4508 851 4581 inquinet.
907 4525 958 4582 que
972 4515 1014 4564 est
1028 4506 1098 4572 fidei,
1116 4504 1208 4578 opinio
1223 4511 1332 4561 revocet
1345 4502 1373 4558 in
1395 4503 1582 4574 quaestionem.
1599 4501 1633 4557 lit
1651 4503 1704 4559 boe

54 4597 84 4652 ln
108 4599 194 4667 primo
219 4595 363 4665 potentior,
387 4594 414 4650 iu
436 4596 554 4653 secundo
577 4595 697 4663 liberior,
722 4597 749 4653 in
772 4599 853 4656 tertio
908 4596 1059 4661 sciendum,
1075 4594 1138 4665 quia
1152 4593 1257 4665 opinio,
1272 4591 1296 4647 si
1310 4589 1391 4646 babet
1410 4589 1600 4655 assertionem,
1614 4596 1702 4646 teme-

53 4686 157 4757 purior.
172 4683 299 4741 Puritatis
312 4683 448 4757 siquidem
467 4694 495 4739 et
512 4684 656 4741 alacritatis
678 4687 779 4757 pariter
802 4686 853 4742 alis
908 4687 1050 4742 rariaest:
1068 4684 1145 4749 fides,
1158 4683 1182 4738 si
1200 4678 1501 4746 babetbaesitatiouem,
1518 4677 1625 4734 infirma
1637 4688 1701 4735 est:

54 4773 84 4828 iit
97 4772 143 4827 ille
156 4772 274 4832 volatus.
908 4773 971 4832 item
987 4775 1150 4841 intellectus,
1165 4772 1187 4828 si
1220 4772 1327 4844 signata
1354 4767 1418 4825 fidei
1444 4777 1517 4825 unet
1542 4766 1702 4841 irrumpere,

91 4860 118 4912 d.
142 4859 188 4912 Vis
209 4861 257 4916 tibi
283 4864 333 4920 bas
356 4861 583 4919 considerationis
606 4862 712 4934 speeies
733 4863 854 4936 propriis
908 4873 1045 4935 reputatur
1060 4863 1199 4928 eiiractor,
1219 4867 1353 4918 seruator
1366 4858 1523 4930 majestatis.
1538 4857 1703 4929 bruttianum

53 4947 183 5022 distingui
212 4950 386 5007 nominibus?
410 4952 547 5018 Dicamus,
570 4951 594 5007 ti
621 4950 716 5020 placet,
740 4952 854 5023 primam
908 4952 1064 5025 opinionem
1079 4950 1245 5008 intellectum
1265 4955 1655 5019 putaverunteterraterunt.
1669 4947 1704 5002 Et

54 5035 277 5108 dispensativam,
290 5039 436 5095 emundata
454 5039 650 5107 aestimntivsm,
667 5039 773 5096 tertiam
788 5057 853 5111 spe·
907 5041 1017 5114 quidem
1032 5039 1127 5113 opinio
1141 5042 1231 5110 potest
1245 5039 1333 5109 putari
1360 5036 1529 5102 intellectus3
1551 5034 1703 5093 intellectus

53 5125 209 5181 relativam.
236 5125 338 5182 llorum
368 5127 506 5182 nominum
537 5127 657 5183 rationes
684 5126 855 5186 definitiones
908 5129 1179 5205 opinionoupetest.
1195 5127 1341 5184 Undehoe
1356 5126 1481 5183 accidit?
1501 5124 1623 5182 Proiecto
1638 5125 1704 5199 quia

55 5214 239 5271 declarabunt.
269 5213 454 5286 Dispensatira
483 5228 523 5271 est
556 5215 735 5273 consideratio
765 5217 853 5274 sensi·
908 5221 967 5276 haee
984 5218 1037 5276 lalli
1053 5228 1152 5291 potest,
1167 5217 1212 5272 ille
1230 5231 1284 5272 non
1303 5222 1415 5286 potest:
1435 5223 1482 5273 ant
1496 5215 1590 5273 sifslli
1604 5216 1702 5289 potuit,

55 5305 106 5359 bus
132 5303 358 5374 sensibilibusque
394 5302 474 5360 rebus
502 5303 626 5359 ordinate
662 5310 689 5359 et
720 5304 855 5361 socialiter
908 5308 1058 5366 intellectus
1073 5323 1126 5364 nou
1141 5306 1200 5373 init,
1215 5304 1264 5361 sed
1278 5304 1379 5376 opinio.
1405 5305 1490 5362 Verus
1508 5322 1606 5377 nempe
1620 5305 1704 5362 intei-

55 5399 133 5449 uteus
147 5392 179 5447 ad
201 5390 409 5464 promerendum
433 5392 530 5449 osum.
552 5389 717 5448 AEttimttira
731 5399 772 5448 est
786 5407 854 5448 ooo·
908 5399 1105 5456 teetutcerum
1122 5396 1199 5452 turbet
1227 5408 1281 5450 non
1304 5393 1385 5450 modo
1409 5394 1564 5466 tenuem,
1582 5397 1631 5455 sed
1646 5397 1704 5455 uoti

54 5480 185 5540 sideratio
208 5482 353 5555 prudenter
374 5480 569 5556 indiligenter
593 5495 709 5555 qunque
731 5489 855 5539 mrutans
909 5487 973 5548 tiam
988 5487 1121 5549 veritatis.
1149 5486 1297 5547 Postumus
1310 5483 1416 5559 sttguu
1441 5485 1501 5544 bec
1517 5485 1554 5544 itt
1580 5485 1703 5558 definire,
