3728 5940
739 188 933 255 saturatus
950 187 993 254 Dii
1011 183 1129 252 athltl.

423 468 1009 589 &BERNARDI
1046 464 1451 580 ABBA'HS

897 711 977 751 SUPER

337 888 804 982 thrtrflotthttttttt
844 886 1252 982 ctsrsttctattsts
1292 884 1532 982 aahtdts.

663 1130 853 1196 hrtsrott
881 1130 954 1196 sati
984 1127 1200 1195 PROLOGUS.

771 1277 1079 1296 m

141 1450 229 1509 694
238 1452 416 1524 Bourienos,
429 1455 539 1512 humilis
549 1457 635 1515 abbas
644 1455 842 1527 Clara-Vallis,
855 1473 914 1514 cm·
926 1484 950 1565 Ι
964 1459 1038 1520 stris.
1055 1457 1102 1528 qui
1125 1457 1225 1513 inerte
1241 1465 1269 1512 et
1282 1472 1334 1513 usu
1350 1457 1464 1514 canendi
1479 1457 1665 1516 instructiores
1679 1466 1763 1532 etque

104 1540 183 1596 nibus
207 1543 415 1616 transcripturis
438 1547 490 1600 hoc
508 1546 747 1617 Antiphonarium,
765 1547 821 1602 sive
839 1561 906 1602 can-
962 1546 1105 1618 peritiores
1119 1546 1222 1602 inventi
1239 1553 1312 1612 sunt,
1327 1546 1362 1602 de
1385 1546 1477 1601 multis
1492 1556 1518 1604 et
1531 1546 1647 1604 dirersis
1660 1562 1761 1606 novum

105 1632 201 1686 tatoris
216 1634 242 1688 in
258 1633 315 1691 illo.
963 1637 1074 1693 tandem
1086 1635 1319 1707 Antiphonarium
1333 1635 1361 1690 in
1384 1635 1539 1706 subjectum
1558 1635 1689 1695 volumen
1703 1638 1761 1695 col-

141 1720 212 1776 lnter
226 1730 327 1778 caetero
340 1739 402 1794 quie
416 1723 518 1792 optime
532 1721 652 1778 aemulati
666 1728 731 1779 sont
744 1729 834 1792 patres
854 1737 907 1777 no·
963 1726 1091 1800 legimus,
1115 1730 1146 1782 et'
1165 1732 1257 1796 cantu,
1282 1725 1353 1782 sicut
1376 1725 1524 1791 credimus,
1547 1733 1574 1782 ct
1589 1724 1680 1781 litters
1692 1723 1762 1780 irre-

103 1809 163 1875 stri,
177 1809 368 1866 cisterciensis
383 1811 510 1868 videlicet
524 1811 635 1869 Ordinis
655 1813 841 1877 inchoatores,
857 1812 909 1869 hoc
964 1814 1156 1887 prehensibilc.
1172 1813 1295 1886 Denique
1309 1813 1539 1886 canmtoripsins,
1550 1813 1575 1869 si
1585 1822 1678 1869 tamen
1693 1828 1763 1887 gns·

106 1913 216 1969 qnoque
239 1898 436 1955 studiosissime
458 1910 486 1956 et
509 1899 713 1975 religiosissime
730 1909 906 1970 curaverunt,
963 1922 1011 1962 rus
1026 1903 1116 1968 luerit,
1133 1904 1186 1961 hoc
1201 1903 1339 1975 probabit.
1364 1903 1405 1959 lta
1419 1918 1487 1977 ergo
1500 1910 1532 1961 nt
1545 1904 1657 1980 demum
1671 1911 1762 1960 muts-

107 1993 136 2040 ut
151 1985 178 2041 in
197 1986 296 2042 divinis
315 1985 441 2045 laudibus
455 1988 482 2043 id
498 1997 648 2058 cantarent,
661 1990 733 2062 quod
757 1989 843 2063 magis
856 2005 907 2044 au·
962 2001 1021 2051 tum
1036 2001 1087 2065 est,
1103 2001 1129 2050 et
1144 1993 1173 2048 in
1187 1994 1240 2049 hoc
1252 1991 1392 2050 volumine
1406 1992 1572 2067 continetur,
1593 1993 1721 2052 volumus
1735 1991 1764 2048 in

106 2076 256 2133 thanticum
276 2077 456 2134 inveniretur.
473 2079 564 2134 llissis
583 2079 702 2151 deniqne
715 2078 761 2151 qui
783 2078 909 2134 lletcnsis
963 2082 1064 2139 nostris
1077 2082 1111 2137 de
1125 2089 1225 2138 caetero
1240 2081 1413 2139 monasteriis
1428 2090 1484 2138 tem
1498 2082 1591 2154 verbo,
1606 2087 1764 2156 quimnots

105 2163 233 2219 Ecclesiae
246 2165 470 2236 antiphonarium
487 2167 560 2237 (nam
575 2167 603 2223 id
624 2167 825 2241 Gregorianum
844 2182 907 2224 esse
963 2173 1064 2246 ubique
1077 2171 1178 2237 teneri3
1194 2178 1222 2226 ct
1236 2171 1456 2228 mutariomnino
1467 2170 1496 2227 in
1509 2170 1601 2242 aliquo
1614 2171 1762 2244 abaliquo,

102 2252 492 2325 dicebatur)transcriberent,
517 2264 544 2312 et
567 2254 704 2326 afferrent,
727 2257 808 2329 longe
831 2256 909 2311 aliter
963 2262 1127 2319 auctoritate
1152 2261 1235 2317 totins
1251 2260 1375 2332 capituli,
1392 2260 1438 2315 uhi
1460 2260 1494 2314 ab
1509 2259 1645 2317 universis
1659 2259 1764 2316 abbati·

107 2358 165 2397 rem
181 2358 242 2399 esse
268 2359 348 2414 quam
373 2345 525 2412 audierant,
541 2345 710 2401 invenerunt.
728 2347 821 2417 ltaque
839 2360 907 2400 rra·
962 2349 1013 2404 hus
1028 2348 1201 2406 concorditer
1216 2357 1378 2420 susceptum
1390 2345 1613 2404 etconfirmatum
1626 2355 1679 2416 est,
1694 2359 1762 2418 pro-

105 2430 237 2486 minatum
255 2431 401 2503 displicuit,
418 2448 451 2489 eo
466 2436 539 2505 quod
557 2442 584 2488 et
602 2443 692 2507 cantu,
708 2442 735 2490 et
757 2436 843 2491 littera
861 2433 905 2488 in·
961 2438 1096 2494 bibemus⁴
1117 2439 1202 2493 Porro
1223 2435 1383 2492 mutationis
1400 2435 1483 2505 hujus
1499 2450 1613 2494 musam
1636 2442 1663 2492 et
1676 2433 1764 2492 rabo-

104 2531 217 2575 ventum
244 2523 279 2577 sit
307 2522 448 2589 vitiosum,
470 2531 497 2577 et
524 2523 733 2595 incompositum
759 2523 847 2589 nimis,
873 2537 906 2578 ac
960 2541 1033 2593 nem,
1050 2526 1168 2596 siquem
1192 2524 1342 2580 euidentius
1356 2533 1383 2579 et
1406 2521 1516 2595 plenius
1538 2522 1761 2590 nessedelcotat,

103 2623 171 2678 pene
194 2624 241 2680 per
264 2609 355 2666 omnis
378 2611 588 2681 contemptibile.
612 2610 681 2681 Quia
705 2618 796 2667 tamen
821 2611 903 2666 semet
961 2616 1033 2688 legat
1055 2615 1206 2685 subjectum
1230 2611 1473 2684 praetaduncutam,
1496 2627 1579 2684 quum
1600 2609 1705 2685 praeisti
1718 2609 1760 2665 di·

104 2705 250 2770 coeperant,
267 2713 293 2755 et
307 2699 350 2755 usi
369 2707 433 2754 sunt
447 2715 489 2767 eo,
505 2707 533 2754 ot
546 2717 637 2772 usqua
660 2700 692 2754 ad
717 2707 810 2756 nostra
835 2708 905 2754 tem·
922 2662 944 2741 Β
961 2719 1103 2760 scussores
1117 2701 1217 2759 veteris
1232 2700 1422 2774 Antiphonarii
1436 2701 1471 2757 ad
1485 2703 1538 2758 hoe
1550 2699 1755 2773 ipsumpreapo-

104 2801 172 2856 pora
185 2787 365 2843 retinuerunt.
386 2788 507 2845 Tandem
532 2789 676 2861 aliquando
695 2804 750 2845 non
773 2789 906 2846 sustinen·
960 2807 1026 2850 nere
1046 2800 1224 2849 curaverunt:
1237 2800 1267 2847 nt
1281 2791 1373 2863 palam
1387 2791 1468 2849 lactis
1482 2806 1543 2864 quae
1561 2789 1590 2847 in
1607 2789 1654 2846 illo
1665 2796 1757 2850 mul.

104 2874 175 2930 tibus
195 2877 251 2945 jam
278 2877 409 2934 tratribus
431 2876 530 2932 nostris
545 2877 686 2933 abbatibus
700 2877 821 2947 Ordinis,
841 2894 903 2933 curn
960 2890 1015 2936 tarn
1043 2887 1151 2947 cantus,
1178 2893 1260 2950 quam
1285 2877 1384 2935 litterae
1412 2878 1496 2945 vitiis,
1521 2875 1702 2936 renovationis
1729 2883 1759 2932 ct

102 2965 204 3020 mutari
222 2973 250 3022 et
264 2966 367 3038 corrigi
383 2966 542 3037 placuisset,
558 2982 631 3023 curae
646 2975 745 3024 nostra
764 2966 789 3023 id
812 2967 903 3040 operis
957 2969 1134 3026 correctionis
1151 2967 1300 3024 necessitas
1321 2975 1401 3038 etque
1424 2966 1526 3023 utilitas
1549 2966 1651 3023 elarius
1670 2978 1756 3038 apps-

102 3053 286 3121 iujnoxerunt.
306 3055 366 3126 Ego
380 3070 446 3111 vcro
460 3056 555 3112 accitis
574 3071 606 3112 ex
626 3056 692 3128 ipsis
706 3055 837 3112 lrstrihus
849 3071 902 3112 no·
956 3062 1039 3114 reret.

545 3333 841 3426 chartula
869 3332 969 3424 SEU
1001 3329 1341 3428 saturnana.

483 3580 534 3644 uh
558 3579 686 3644 CANTU
709 3580 783 3646 SEU
806 3574 1077 3644 coahhcttorth
1097 3575 1393 3640 ANTIPHONARII.

141 3851 167 3901 t.
193 3846 311 3906 Centum
336 3865 417 3922 quem
442 3849 635 3908 cisterciensis
653 3850 765 3909 Ordinis
787 3850 910 3908 ecclesiae
961 3848 1134 3920 conjungunt
1155 3845 1293 3920 opposits;
1323 3845 1418 3919 sicque
1431 3843 1526 3904 omnia
1547 3844 1758 3920 confundentes,

104 3948 218 3993 cantare
241 3948 447 4011 consueverint,
471 3939 534 3997 licet
556 3941 649 4013 gravis
661 3947 690 3998 et
702 3941 842 4013 multiplex
856 3941 908 3997 ob·
961 3942 1075 3992 cantum
1102 3945 1182 4008 prout
1210 3934 1286 4002 libet,
1313 3948 1368 3991 non
1395 3942 1477 4008 prout
1493 3933 1569 4002 licat,
1583 3934 1759 4009 incipiuntst

104 4025 190 4084 fuscet
203 4027 366 4094 absurditas,
382 4029 428 4087 diu
448 4038 538 4087 amon
561 4031 719 4088 canentium
734 4030 909 4089 commenda·
962 4025 1119 4098 terminant,
1134 4025 1274 4097 deponam
1286 4031 1314 4081 et
1327 4023 1444 4095 eleuant,
1460 4031 1669 4096 componentes
1681 4022 1758 4097 ortt·

104 4115 143 4172 rit
171 4116 318 4174 auctoritas
345 4117 431 4191 (200).
456 4119 510 4176 Sed
539 4121 602 4191 quia
629 4119 736 4192 penitus
762 4120 907 4192 indignum
961 4121 1037 4170 nant.
1057 4116 1135 4171 Unde
1149 4128 1229 4172 nemo
1242 4113 1355 4172 miretur
1368 4113 1596 4188 sutindissnctur,
1611 4113 1759 4173 stomun

102 4205 258 4274 ridebatur,
272 4207 318 4280 qui
342 4208 504 4281 regulariter
517 4210 609 4265 vivere
632 4220 836 4281 proposuerunt,
857 4209 908 4267 bos
961 4202 1041 4260 aliter
1055 4219 1138 4276 quam
1152 4204 1207 4260 huc
1226 4218 1311 4275 usque
1324 4202 1449 4273 audient,
1462 4203 1491 4260 in
1504 4203 1645 4276 plerisque
1668 4208 1759 4261 nuts-

101 4293 292 4366 irregulariter
315 4297 410 4353 laudes
434 4299 490 4354 Deo
513 4299 658 4355 decantare
667 4318 676 4370 ;
692 4315 724 4355 ex
746 4313 840 4355 eorum
863 4313 909 4354 as.
961 4298 1020 4346 lum
1034 4291 1180 4351 inveneril.
1195 4291 1235 4347 Ibi
1248 4295 1321 4348 enittt
1336 4299 1384 4349 itui
1397 4291 1558 4366 irregularis
1573 4300 1616 4350 esi
1629 4304 1759 4368 progred-

102 4397 185 4439 sensu
200 4393 309 4440 cantum
320 4386 355 4441 ita
370 4397 522 4443 correctum
532 4386 664 4456 invenies,
677 4395 812 4460 mesenus
821 4387 906 4443 elimi-
958 4379 1009 4445 ³10,
1027 4388 1076 4437 aut
1099 4380 1288 4454 progressioni
1310 4379 1367 4439 sire
1381 4379 1553 4453 dispositioni
1566 4381 1693 4439 reclamat
1707 4394 1760 4453 op-

101 4479 164 4526 nata
181 4472 328 4530 lalsitstum
342 4476 485 4547 spurcitia,
500 4477 672 4550 expulsisque
683 4476 785 4533 illicitis
798 4476 905 4549 inepto·
959 4469 1059 4541 positio
1081 4469 1132 4544 [cl.
1148 4469 1332 4545 compositiol,
1346 4477 1393 4527 aut
1410 4468 1613 4542 oppositionem
1634 4467 1760 4529 dissolvit

101 4575 161 4616 rum
186 4560 314 4633 licentiis,
329 4563 435 4635 integra
458 4564 611 4638 regulorum
634 4566 746 4624 veritate
769 4564 904 4631 fulciatur,
960 4559 1107 4630 oppositio.
1134 4561 1200 4617 llaec
1226 4560 1398 4618 carniacum
1420 4558 1487 4616 ritia
1509 4557 1565 4614 sint
1592 4557 1758 4634 regulorum,

101 4648 272 4723 aliorumque
297 4652 431 4720 cantibus,
448 4652 548 4725 quibus
574 4662 634 4711 erat
651 4653 781 4725 deterior,
796 4653 829 4709 ad
852 4669 904 4710 no·
959 4649 1154 4719 perfectionem
1181 4650 1272 4722 magis
1295 4647 1614 4720 exterminandam
1631 4645 1760 4704 ᾶθῑθῐωῑ·

103 4737 215 4793 tnndum
229 4747 255 4794 et
271 4743 432 4797 cantandum
446 4742 616 4798 commodior
628 4741 771 4798 habeatur.
786 4741 905 4814 [lignum
957 4737 1059 4809 nantia,
1075 4739 1187 4796 omnino
1209 4738 1305 4810 procul
1318 4746 1379 4794 sunt
1407 4738 1442 4794 ab
1462 4735 1517 4793 illis
1530 4735 1577 4810 qui
1590 4734 1655 4795 uitis
1668 4734 1757 4809 magis

103 4823 236 4896 siqnidem
250 4838 300 4897 est,
317 4837 344 4885 ut
362 4829 409 4902 qui
431 4841 521 4889 tenent
536 4831 649 4904 Regula
669 4832 818 4899 veritatem,
835 4847 904 4902 prae-
958 4825 1131 4893 abscindere,
1161 4841 1246 4895 quam
1274 4825 1431 4898 dispensare
1463 4832 1607 4882 noverunt.
1635 4823 1759 4897 meique

102 4916 232 4972 termissis
257 4919 373 4974 aliorum
395 4918 485 4978 60⁶¹)
507 4920 762 4993 dispensationibus,
787 4921 905 4976 habeant
957 4930 1018 4971 cum
1031 4914 1136 4970 musica
1150 4922 1225 4971 recta
1239 4913 1276 4970 sit
1290 4913 1405 4971 canendi
1418 4912 1542 4982 scientia,
1557 4926 1653 4968 omnes
1678 4910 1758 4983 huius

101 5002 184 5057 etiam
207 5016 310 5062 rectam
332 5009 447 5064 canendi
473 5008 628 5077 scientiam,
644 5008 793 5081 repudiatis
811 5024 904 5064 eorum
958 5002 1040 5059 modo
1067 5013 1204 5060 contusa
1228 5002 1334 5060 musica
1347 5004 1538 5071 excluduntur,
1566 4999 1758 5074 quiuimirum

100 5090 226 5161 licentiis,
252 5095 300 5165 qni
328 5095 533 5153 similitudinem
550 5097 646 5170 magis,
671 5112 753 5170 quam
779 5104 905 5154 naturam
957 5113 1013 5156 non
1027 5105 1112 5170 recte,
1128 5099 1176 5156 sed
1196 5099 1385 5173 irregulariter
1407 5105 1435 5156 et
1448 5095 1601 5156 inordinate
1615 5101 1756 5154 monulus.

98 5178 128 5235 in
153 5183 278 5239 cantibus
301 5184 485 5254 attendentes,
500 5185 667 5245 coherentia
689 5186 863 5260 disjungunt,
878 5194 906 5244 et
957 5188 998 5245 De
1014 5188 1291 5261 mutationcnamque
1303 5186 1402 5246 littere
1429 5184 1583 5254 insilisset,
1602 5183 1655 5242 nisi
1683 5180 1757 5240 lolli-

109 5416 219 5547 ῘῙΙι(ιξίοοοι)
232 5416 296 5548 Ιὲιῑοοιι
310 5433 391 5490 posse
406 5422 506 5478 ornari
530 5432 640 5480 cantum
663 5423 689 5480 si
701 5436 737 5480 nc
751 5436 860 5478 ntorum
875 5421 1026 5479 mutatione
1039 5421 1139 5480 docent
1152 5419 1247 5478 Cicero
1261 5434 1291 5477 tr.
1306 5418 1347 5478 De
1360 5419 1479 5495 legibus,
1493 5415 1640 5491 Plutarch,
1653 5416 1702 5477 lib.
1715 5418 1758 5476 lle

213 5531 222 5560 ,
284 5531 292 5547 .
