3728 5940
101 192 162 255 ,nst
529 190 573 254 llll
584 190 870 255 mdabaulmllll
881 193 972 258 blant
988 196 1148 267 attacus.
1162 228 1200 245 ·-
1217 196 1281 260 llo:
1295 194 1343 258 ιιι.
1700 198 1781 263 202·ss

423 336 538 392 gppup
557 337 591 392 pp,
924 337 947 416 st
963 322 1036 378 lasse
1051 322 1185 393 pulsatos,
1210 339 1266 395 qno
1289 324 1398 382 interim
1412 323 1515 391 liceret,
1531 328 1603 398 qnod
1618 342 1756 399 nunquam

115 429 180 496 Qui,
194 427 334 483 mogun„
348 425 584 498 apparationem
603 427 640 482 ap
659 427 757 484 mena
774 427 909 499 09051015.
962 411 1051 468 liceli
1064 412 1207 470 Nonnullis
1220 413 1313 478 edam,
1329 412 1420 485 quoad
1435 413 1566 480 riserunt,
1580 415 1691 472 licuisse
1704 431 1757 487 ap·

351 513 414 554 cem
427 496 600 557 adhibendos
613 499 664 555 sit.
962 499 1120 569 pollutionis
1142 499 1274 573 suffragio
1302 500 1406 557 nolana
1431 500 1543 569 scimus,
1563 503 1753 575 verbigratia,

147 590 175 642 d.
189 585 224 641 lit
238 586 367 658 quoniam
389 585 484 642 incidit
504 584 538 641 de
552 587 791 658 appellationibus,
807 604 908 660 prose·
964 587 1105 657 incestum,
1129 589 1300 646 adulterium.
1328 587 1416 659 Quale
1442 596 1486 648 est
1512 591 1574 656 boc,
1598 591 1757 662 turpitudini

111 673 158 746 qui
170 675 344 748 aliquatenus
356 691 413 742 non
427 674 478 731 erit
490 673 526 730 ab
539 690 580 732 re.
595 676 692 749 llagrm
706 675 734 731 in
748 675 790 732 bis
813 685 840 731 et
863 677 908 749 pio
963 677 1137 747 patrocinari,
1148 678 1222 749 qnod
1234 679 1276 735 vel
1301 678 1415 735 manime
1436 677 1577 735 formidari
1601 694 1618 734 a
1634 679 1757 751 turpibus

112 780 181 833 opus
203 763 301 819 intuitu
326 770 386 829 est;
407 779 440 819 ne
462 763 534 834 quod
559 780 660 837 magna
674 763 724 821 fuit
746 765 910 822 necessitate
964 768 1125 836 oportebat?
1139 765 1288 839 Quousque
1311 784 1433 823 murmur
1455 767 1590 824 universa
1609 778 1688 822 terrm
1709 775 1757 823 aut

111 851 162 924 [oi.
189 851 315 924 utilitato]
349 851 508 924 provisum,
542 852 614 908 male
647 855 749 913 uwndo
780 853 909 910 reddatur
963 853 1131 922 dissimulas,
1149 864 1196 910 aut
1211 870 1263 910 non
1279 856 1422 913 advertis?
1436 855 1587 928 Quousque
1602 855 1756 912 dormitas?

112 938 214 997 inutile.
230 940 295 996 tlibi
309 940 413 996 videtur
427 947 455 997 et
469 940 499 996 in
515 941 630 996 multam
654 958 735 1013 posse
760 957 807 998 eas
829 942 909 998 deve·
963 958 1106 1014 quousque
1128 958 1181 1000 uon
1204 943 1317 1013 evigilat
1334 944 1515 1001 consideratio
1535 952 1582 999 tua
1606 945 1641 1002 ad
1654 950 1757 1000 tantun

112 1029 169 1084 nire
181 1028 339 1100 perniciem,
355 1029 379 1084 si
392 1045 447 1085 non
460 1045 568 1085 summo
583 1030 767 1086 moderamine
791 1030 908 1089 actiton-
964 1031 1176 1104 appellationum
1215 1032 1401 1089 confusionem
1443 1044 1523 1105 atque
1559 1033 1759 1089 abusionem?

111 1127 155 1175 lor
169 1117 236 1188 (ιι),
248 1116 411 1189 Appellatus
423 1117 458 1172 de
470 1125 528 1173 toto
542 1119 644 1176 mundo
659 1120 691 1174 nd
707 1128 743 1174 te.
755 1119 783 1174 id
798 1119 909 1191 quidem
965 1122 1066 1177 Praeter
1077 1120 1147 1190 Juiet
1156 1120 1314 1192 fas,praeter
1328 1139 1432 1179 morem
1442 1133 1468 1176 et
1477 1122 1597 1178 ordinem
1609 1122 1685 1179 liunt.
1697 1123 1758 1178 Non

112 1207 139 1262 in
163 1206 348 1262 tetimonium
367 1205 515 1280 singularis
538 1206 672 1279 primatus
692 1207 740 1265 tui.
765 1207 800 1263 dt
825 1217 863 1272 tu,
886 1208 908 1262 si
964 1209 1050 1276 locus,
1073 1226 1127 1265 non
1152 1213 1258 1279 modus,
1275 1226 1391 1283 tempus,
1405 1228 1459 1268 non
1478 1221 1593 1283 tempus,
1607 1226 1759 1269 nonmusa

111 1295 196 1365 sapis,
212 1312 267 1352 nou
285 1294 401 1366 primatu
420 1294 564 1369 gaudebis,
581 1295 628 1352 sed
653 1294 752 1354 fructu.
769 1295 909 1364 apostolis
963 1300 1136 1367 discernitur,
1161 1309 1208 1356 ant
1223 1317 1349 1374 persona.
1364 1303 1567 1358 Presumuntur
1582 1301 1675 1358 leviter
1688 1316 1757 1372 pas·

111 1384 213 1440 dictum
237 1392 299 1454 est:
318 1385 349 1439 ln
373 1385 422 1441 boe
443 1383 533 1442 nolite
545 1385 676 1456 pondere,
692 1384 765 1457 pcod
787 1386 909 1459 spiritus

112 1474 306 1546 subputantur
319 1472 392 1531 voltis
407 1473 482 1542 (dcc.
500 1488 530 1538 x,
541 1474 596 1543 ιι).
609 1472 768 1545 Appellatur
782 1473 817 1530 ad
832 1483 867 1539 te,
882 1482 910 1528 ut

112 1562 193 1616 disi:
219 1570 246 1617 et
267 1561 368 1616 utinam
384 1570 439 1616 tam
463 1562 610 1627 fructuose,
637 1578 720 1638 quam
744 1562 909 1619 necessaria.

113 1650 219 1706 Utinam
233 1666 296 1707 cum
312 1666 445 1722 oppresus
464 1651 573 1718 clamat,
589 1651 686 1707 sentiat
710 1667 869 1723 oppressor,
883 1658 909 1707 st

111 1757 166 1798 non
180 1739 319 1810 superbiat
336 1738 437 1810 impius
457 1741 527 1795 uude
541 1738 692 1796 incenditur
708 1756 821 1812 pauper.
837 1727 908 1808 Quid

111 1837 167 1884 tam
181 1829 367 1894 decorum,ut
380 1827 414 1882 ad
433 1828 632 1884 invocationem
656 1827 695 1883 tui
717 1829 835 1884 nominis
859 1845 908 1900 op-

101 1917 354 1991 ·pressiellugiant,
372 1916 473 1972 versuti
487 1931 543 1972 non
558 1915 692 1987 refugiant
706 1917 788 1989 (ι8)ι
803 1916 874 1986 Quid
892 1934 907 1973 e

100 2007 222 2082 ¹ragione
233 2015 288 2061 lam
304 2021 471 2077 perversum,
484 2013 538 2060 tam
550 2005 617 2062 recti
627 2005 753 2073 alienum,
766 2014 795 2061 ut
805 2008 909 2062 latetur

110 2096 158 2168 qni
183 2095 284 2150 malum
309 2093 390 2163 lecit,
406 2102 432 2150 et
456 2094 501 2166 qni
525 2094 595 2161 tulit,
614 2093 731 2151 inaniter
755 2095 908 2165 inligetur?

99 2183 338 2258 ‘inhumanissimo
365 2199 421 2238 non
447 2182 565 2240 moveris
592 2198 660 2256 erga
685 2184 834 2251 bominem,
865 2183 909 2240 cui

110 2273 193 2329 llere
207 2273 313 2342 injuriae
327 2273 501 2328 cumulavere
514 2272 637 2327 dolorem
650 2281 677 2327 et
695 2271 771 2327 labor
795 2272 907 2339 itineris,

111 2370 139 2419 ct
151 2361 252 2417 damna
266 2377 448 2431 expensarum
460 2378 467 2414 ε
481 2360 529 2416 sed
543 2361 720 2418 nibilominus
734 2360 910 2435 ignotissimo

110 2452 139 2506 in
163 2451 238 2506 illum
261 2466 316 2506 non
342 2450 470 2517 moveris,
496 2450 542 2521 qui
564 2451 628 2506 buic
656 2459 696 2505 tot
724 2451 907 2506 calamitatum

111 2539 209 2610 partim
224 2546 328 2605 auctor,
346 2539 443 2610 partim
456 2539 558 2594 exstitit
581 2554 673 2594 causa.
689 2539 808 2612 Evigilo,
825 2540 907 2594 bomo

111 2628 170 2693 Dei,
196 2644 258 2684 cum
282 2630 342 2684 baec
370 2629 561 2698 contingunt:
588 2636 730 2684 moveatur
759 2627 906 2693 miseratio,

111 2725 251 2774 moveatur
267 2727 293 2772 et
317 2716 466 2790 indignatio
490 2725 546 2772 tua.
562 2716 681 2772 Alteram
704 2715 779 2782 laeso,
795 2716 909 2772 alteram

109 2807 216 2862 ladem
231 2806 329 2866 debes.
343 2805 505 2861 eonsotetm
527 2806 573 2862 illa
596 2805 759 2861 damnorum
777 2805 909 2861 resarcitu

97 2911 234 2969 s>snorum,
247 2894 432 2951 satisfactione
442 2894 468 2949 in
481 2895 612 2963 uriarum,
624 2893 677 2950 fine
689 2894 888 2952 calumniarum
900 2911 907 2952 :

965 1388 1027 1453 sim,
1058 1389 1215 1461 meumque
1236 1399 1264 1445 et
1290 1390 1423 1463 nequiter.
1452 1390 1581 1447 volentes
1602 1389 1755 1460 malignari,

964 1492 1052 1533 nonne
1080 1477 1123 1533 bis
1136 1478 1308 1550 potissimum
1330 1478 1427 1535 terreri
1442 1479 1586 1536 solebant?
1600 1479 1681 1535 Nunc
1700 1487 1758 1535 ter·

965 1566 1019 1621 rori
1033 1565 1087 1636 ipsi
1102 1583 1134 1622 ex
1155 1567 1197 1622 bis
1218 1567 1308 1640 magis
1323 1567 1400 1630 liunt,
1421 1576 1505 1639 atquc
1519 1566 1546 1623 id
1575 1568 1665 1622 bonis.
1679 1568 1758 1623 Anti·

925 1646 1054 1724 Bdotum
1082 1670 1187 1710 versum
1212 1657 1240 1712 in
1267 1673 1407 1713 venenum.
1424 1657 1486 1712 Nou
1515 1654 1758 1715 mutatiodexterae

963 1742 1069 1801 llxcelsi
1083 1744 1152 1800 baec.
1647 1804 1650 1810 <

998 1835 1025 1887 8.
1041 1831 1216 1902 Appellantur
1229 1835 1293 1890 boni
1308 1833 1430 1900 amalis,
1442 1843 1471 1889 ιιι
1485 1848 1539 1889 uon
1554 1831 1656 1889 iaciant
1665 1833 1757 1888 bona:

962 1926 989 1975 ct
1016 1922 1196 1992 supersedent
1221 1939 1238 1978 a
1263 1938 1331 1979 voce
1366 1921 1477 1978 tonitrui
1502 1922 1540 1978 tui
1565 1921 1756 1977 formidantes.

964 2009 1087 2081 Denique
1099 2013 1179 2080 appel
1185 2016 1272 2066 lentur
1297 2007 1383 2068 m
1398 2011 1530 2082 episcopi,
1542 2027 1577 2066 ue
1594 2009 1691 2066 illinus
1705 2024 1757 2066 au·

963 2097 1044 2154 deant
1059 2100 1238 2156 matrimonia
1253 2102 1359 2157 solvere
1375 2102 1420 2156 vel
1435 2099 1587 2171 prohibere.
1606 2096 1759 2170 Appellan-

964 2195 1007 2243 tur
1032 2204 1067 2241 ιιι
1096 2188 1216 2261 rapinas,
1250 2205 1285 2244 no
1313 2189 1394 2255 furta,
1425 2206 1460 2246 ne
1484 2188 1638 2262 sacrilegia,
1658 2196 1759 2259 atquae

964 2275 1097 2344 ejusmodi
1121 2287 1193 2345 sunt,
1211 2279 1305 2349 punire
1326 2278 1459 2334 ullatenus
1485 2279 1528 2333 vol
1544 2277 1674 2333 cohibere
1691 2292 1760 2346 prae-

965 2372 1084 2420 sumant.
1100 2367 1277 2437 Appelautur,
1299 2383 1333 2421 no
1349 2365 1473 2436 indignas
1492 2372 1520 2422 et
1532 2365 1649 2422 infames
1663 2379 1760 2435 perso·

964 2468 1014 2509 nas
1043 2468 1060 2508 a
1087 2455 1175 2511 sacris
1204 2454 1303 2510 officiis
1337 2452 1510 2511 benelimisve
1538 2453 1686 2524 reppellere
1709 2466 1759 2508 seu

964 2555 1091 2598 amovere
1105 2552 1218 2614 queant.
1234 2542 1313 2611 Quod
1329 2551 1356 2598 tu
1379 2543 1483 2599 invenis
1499 2541 1647 2598 remedium
1661 2541 1759 2596 morbo

962 2628 1036 2695 huic,
1055 2647 1090 2685 ne
1115 2631 1188 2701 quod
1207 2641 1344 2700 repertum
1372 2631 1405 2687 ad
1430 2632 1582 2688 remedium
1600 2628 1659 2695 fuit,
1677 2644 1760 2700 repr-

963 2717 1048 2774 rialur
1080 2720 1113 2774 ad
1132 2721 1276 2777 mortem?
1302 2720 1410 2776 zelatus
1435 2729 1486 2787 est⁵
1499 2720 1634 2775 Dominus
1648 2719 1760 2775 domum

965 2806 1097 2863 orationis
1110 2808 1212 2866 factam
1236 2809 1395 2878 speluncam
1412 2809 1549 2865 latronum
1572 2808 1684 2877 (lfnttb.
1700 2823 1759 2874 aar,

965 2899 1009 2967 ta)
1026 2911 1032 2950 :
1054 2906 1083 2952 tu
1110 2898 1171 2968 ejus
1185 2897 1309 2955 minister
1325 2898 1483 2955 dissimulas
1508 2897 1673 2953 nuserorum
1688 2895 1761 2962 refu-

110 3001 174 3042 cnm
201 2984 253 3039 isto
285 2985 321 3039 ita
353 2991 462 3056 agatur,
493 2992 522 3038 ut
553 2983 681 3053 paeniteat
708 2983 806 3039 fecisse
835 2984 908 3056 quod
923 2953 946 3033 fl
961 2985 1038 3058 giam
1047 2985 1141 3042 datum
1155 3003 1232 3043 arma
1246 2986 1404 3060 iniquitati?
1419 2986 1518 3042 Videas
1534 2984 1642 3058 praeripi
1656 2984 1760 3056 passim

109 3090 165 3131 uon
193 3073 281 3128 timuit
311 3073 409 3138 lacere,
439 3081 466 3127 ot
493 3074 610 3127 nonde
641 3072 729 3142 poenis
756 3072 910 3129 innocentis
961 3082 1056 3146 partes
1069 3091 1273 3147 oppressorum,
1282 3085 1310 3131 et
1325 3091 1501 3148 prorumpere
1520 3073 1760 3146 adappellandum

108 3162 207 3220 rideat.
963 3177 1017 3220 non
1036 3170 1092 3218 tam
1115 3171 1252 3237 gravatos,
1276 3179 1360 3236 quam
1382 3177 1501 3235 gravare
1524 3162 1658 3219 volentes.
1687 3158 1759 3230 Quid

146 3253 173 3306 7.
186 3251 310 3307 Arbitror
323 3251 397 3309 idem
409 3251 508 3308 debore
524 3252 578 3324 pati
593 3251 678 3317 illum,
690 3251 737 3324 qui
752 3252 811 3309 sine
825 3267 910 3311 causa
964 3254 1016 3308 boc
1039 3253 1160 3326 mysterii
1175 3255 1190 3309 ι
1203 3254 1292 3310 Tuum
1317 3259 1359 3309 est
1385 3251 1569 3318 considerare,
1591 3264 1644 3306 uon
1668 3265 1760 3305 meum

109 3343 178 3398 forte
202 3340 358 3412 appellavit.
384 3341 542 3397 Formulam
566 3341 636 3398 lranc
657 3341 770 3412 justitiae
794 3341 909 3415 praefigit
963 3344 1137 3399 commentari
1150 3341 1231 3398 istud.
1247 3343 1281 3398 ιιι
1293 3358 1354 3409 cnr,
1363 3341 1463 3414 inquis,
1475 3340 1548 3396 male
1562 3338 1691 3410 appellati
1705 3353 1761 3395 non

109 3429 157 3486 tibi
172 3438 200 3486 et
218 3430 316 3485 divinae
334 3430 564 3487 incommutabilis
579 3431 648 3486 ratio
667 3432 812 3503 aeqmtalis,
828 3439 864 3498 et,
881 3433 909 3488 ui
962 3431 1082 3501 veniunt,
1103 3432 1239 3489 ostensuri
1250 3448 1329 3488 suam
1344 3429 1534 3496 innocentiam,
1549 3427 1681 3484 malitiam
1696 3442 1762 3484 con·

109 3518 197 3584 fallor,
214 3519 275 3589 ipsa
296 3518 512 3589 appellationum
535 3520 588 3586 lex,
605 3528 635 3576 nt
658 3519 751 3577 illicito
776 3529 909 3592 usurpata
963 3521 1082 3577 victurii
1096 3523 1164 3578 ilico
1182 3521 1257 3594 quod
1267 3521 1361 3578 dicere
1374 3522 1408 3575 ad
1428 3521 1486 3576 bec
1500 3519 1590 3575 solent
1607 3516 1760 3573 :Nolumus

109 3606 257 3679 appellatio
271 3621 322 3663 nec
337 3606 424 3677 prosit
437 3607 593 3677 appellanti,
610 3623 661 3664 nec
676 3609 811 3678 appellato
827 3608 907 3664 obsit.
963 3609 1055 3665 vexari
1068 3609 1180 3665 frustra.
1191 3611 1223 3666 ln
1240 3610 1318 3667 curia
1332 3625 1405 3675 esse,
1423 3608 1470 3681 qui
1478 3607 1633 3680 proclivius
1651 3606 1762 3661 faveant

96 3695 208 3767 ¹‚Utrpnid
219 3695 292 3749 enirn
304 3693 405 3750 frustra
419 3694 546 3766 fatigatus
568 3695 603 3750 sit
617 3696 725 3753 bomo?
739 3696 827 3765 Quam
850 3695 910 3767 ple·
963 3695 1172 3767 appellantibus,
1187 3697 1296 3753 foveant
1311 3694 1759 3769 appellationescessurisllomae,

101 3783 305 3852 *numiustitim
316 3791 347 3839 ul
361 3798 421 3839 sese
435 3783 525 3853 potius
542 3784 651 3850 laeserit,
662 3785 709 3856 qui
719 3784 806 3841 voluit
818 3773 910 3855 proxi·
964 3785 1038 3840 domi
1053 3784 1150 3841 cedere
1164 3785 1261 3842 satius.
1586 3826 1589 3833 .

95 3889 185 3929 mum
199 3872 278 3940 (asts
300 3870 460 3942 Appellasse
479 3872 580 3944 inique,
595 3871 718 3944 imquum
742 3879 802 3941 est3
818 3871 910 3946 inique
999 3876 1041 3938 9,.
1055 3873 1154 3928 Fateor
1184 3889 1229 3929 me
1252 3887 1308 3929 non
1329 3871 1441 3928 omnino
1470 3871 1619 3929 decredere
1632 3872 1692 3942 (ab)
1706 3870 1759 3926 bis.

109 3971 136 4020 et
150 3963 270 4033 impune,
287 3960 441 4032 imquarum
464 3959 679 4032 appellationum
700 3962 796 4018 fomes.
814 3962 909 4032 iniqua
963 3961 1051 4031 Quem
1066 3962 1116 4016 das
1131 3961 1197 4018 mibi
1209 3963 1236 4017 in
1254 3968 1309 4017 tam
1335 3960 1440 4016 crebris
1458 3959 1761 4031 appellationibusque

109 4060 200 4108 autem
212 4050 300 4106 omnis
315 4049 471 4120 appellatio,
483 4050 608 4122 adquam
621 4051 732 4118 iustitia
748 4051 839 4122 inopia
853 4067 908 4106 non
965 4050 1042 4108 bodie
1056 4049 1133 4116 fiunt,
1159 4050 1206 4123 qui
1220 4066 1270 4122 pro
1297 4049 1426 4121 expensis
1440 4047 1547 4104 itineris
1562 4049 1603 4103 vel
1618 4063 1760 4104 nummum

95 4136 211 4212 'coegit
239 4137 394 4213 Appellare,
424 4155 479 4194 non
511 4146 541 4194 ut
568 4153 676 4213 graves,
707 4142 755 4195 sed
785 4140 808 4195 si
839 4156 908 4210 gra·
964 4139 1112 4195 restituerit
1127 4139 1174 4208 illi,
1191 4155 1273 4212 quem
1298 4140 1364 4194 forte
1388 4136 1561 4208 appellarit?
1579 4134 1679 4193 altrum
1696 4152 1760 4201 vero

95 4227 192 4296 veris,
221 4228 292 4285 licet.
322 4227 521 4300 Appellandum
545 4244 561 4283 a
584 4229 724 4287 scutulis.
751 4230 820 4283 Ante
846 4246 908 4286 sen·
923 4229 947 4307 n
964 4228 988 4283 si
1016 4228 1055 4284 ita
1073 4244 1168 4284 ornnes
1185 4235 1214 4285 et
1236 4228 1405 4301 appellantes
1426 4226 1503 4296 justi,
1526 4235 1553 4281 et
1581 4223 1708 4297 appellati
1722 4223 1761 4279 rei

110 4318 222 4376 tentiam
250 4317 372 4389 improbe
409 4317 542 4381 omniuo,
571 4317 623 4372 nisi
660 4318 696 4374 ob
733 4317 907 4375 manifestum
964 4328 1054 4373 vestro
1068 4316 1310 4376 examiueinventi
1328 4315 1392 4374 sint.
1409 4316 1532 4388 ciliptrs,
1552 4315 1649 4386 inquit,
1666 4314 1758 4387 jasti-
1827 4354 1830 4365 .

110 4423 269 4481 gravamen,
290 4406 463 4477 praesumitur
486 4406 639 4476 appellatio.
664 4405 716 4476 Qui
743 4407 826 4480 igilur
853 4425 907 4465 nou
963 4408 1034 4463 tiam
1062 4408 1111 4480 qui
1133 4407 1272 4478 judicetis
1301 4403 1757 4476 terram(Sop.1,l).Parumest

111 4503 241 4570 gravatus
264 4494 392 4566 appellat,
417 4493 502 4567 liquet
524 4495 589 4567 quia
617 4504 664 4551 aut
686 4512 800 4570 gravare
824 4497 909 4553 inten·
966 4496 1101 4566 jusitiam
1115 4505 1214 4563 tenere,
1230 4495 1324 4551 uiolet
1338 4494 1444 4567 diligas.
1461 4493 1512 4564 Qui
1528 4501 1631 4556 tenent,
1647 4498 1758 4557 tenent;

112 4585 160 4654 dit,
176 4592 223 4657 aut
237 4593 344 4655 tompus
359 4583 501 4640 redimere.
520 4585 580 4640 Nou
594 4592 637 4640 est
650 4592 742 4641 autem
761 4586 910 4659 suffugium
964 4584 1145 4658 quidiligant,
1160 4586 1293 4642 zelantur.
1307 4581 1540 4651 Amatorjustitiae
1555 4582 1666 4652 inquirit
1677 4579 1758 4649 justi·

65 4652 83 4673 f
113 4672 268 4744 appellatio,
287 4674 333 4729 sed
358 4672 502 4746 refugium.
517 4672 640 4741 Qucsnlos
664 4674 792 4732 novimus
816 4675 910 4747 appel·
966 4675 1041 4742 tiam,
1060 4682 1087 4729 et
1103 4676 1273 4747 prosequitur
1291 4687 1463 4745 eamzporro
1478 4667 1760 4738 omneminjusmlam

148 4791 205 4856 (tv)
231 4791 269 4843 lle
291 4788 501 4859 appellationum
525 4805 577 4844 usu
600 4788 768 4844 conferenda
796 4788 913 4861 epistola

116 4862 165 4912 llll
181 4868 209 4914 et
223 4867 293 4915 notas
308 4861 341 4915 ιιιι
355 4877 425 4924 eam,
443 4860 508 4915 item
522 4858 667 4915 llildebosti
682 4875 697 4914 e
718 4859 796 4914 istola
811 4862 857 4915 ιιι.

94 4996 100 5004 1
148 4927 209 4996 (ιιι)
221 4930 249 4983 ιιι
265 4940 306 4985 est
320 4949 375 4987 non
385 4930 552 5004 confugiant,
565 4940 594 4985 ut
609 4940 682 4986 tomo
699 4877 731 4998 e,
743 4930 771 4984 in
785 4946 912 4988 sermone

118 5006 127 5055 l
145 4996 269 5056 Guersiei
283 5001 485 5073 assumptione,
502 5018 530 5056 n.
548 5006 573 5069 l,
590 5010 618 5057 et
641 5000 704 5056 alibi
725 5001 795 5070 apdd
812 5001 912 5073 probos

114 5078 249 5127 suctores.
267 5071 330 5124 lule
344 5072 489 5138 retugium.

151 5143 209 5211 (29)
221 5141 270 5195 atii
286 5141 387 5194 asldunt
398 5141 501 5199 ledere
511 5142 663 5209 explicandi
674 5156 765 5198 cansa.
775 5143 855 5210 Tsrm,
865 5160 913 5217 op·
968 5149 1040 5211 tcto,
1056 5145 1092 5200 od
1107 5145 1270 5216 iniqnitatis
1283 5142 1476 5214 defensionem
1491 5141 1661 5221 motantur,
1676 5143 1763 5223 omae

107 5214 232 5288 pellosse
242 5214 337 5296 ins'qne
347 5213 480 5283 iniquam
490 5216 654 5285 sciuntque
663 5214 854 5286 appellantem
862 5216 914 5271 im·
966 5220 1000 5272 ct
1023 5214 1183 5287 bnjnsmodi
1197 5230 1294 5273 eoram
1315 5212 1472 5271 calliditati
1486 5216 1514 5269 ct
1535 5212 1764 5282 terptocrsolsone'

114 5284 734 5359 penetranstresarqnoramappellationem
744 5285 912 5358 {mnsaouae
967 5291 1119 5346 ocenrotcr
1136 5305 1147 5353 ,·
1162 5288 1204 5344 ito
1223 5286 1339 5351 statuit,
1359 5289 1444 5342 etc-s

1003 5360 1058 5426 (30)
1079 5357 1355 5416 discredere-babent
1373 5354 1433 5421 alii,-
1451 5364 1481 5410 nt

968 4792 1010 4853 13,
1026 4804 1052 4845 c.
1067 4791 1088 4856 l,
1106 4792 1144 4847 lle
1162 4791 1248 4861 rosor.
1267 4811 1278 4839 ι
1293 4790 1360 4845 Gom
1375 4789 1466 4858 ipitar
1480 4787 1522 4844 rei
1537 4784 1693 4842 criminum
1706 4785 1762 4856 ple·

967 4861 1130 4933 rampneod
1139 4860 1285 4917 evitandos
1295 4861 1435 4933 penerel
1450 4859 1645 4930 episcoporum
1654 4854 1762 4912 andur-

966 4931 1100 5004 snpiendn
1110 4931 1231 5003 jndicio.
1246 4930 1372 5014 querelas
1386 4933 1415 4986 et
1443 4929 1593 4986 rcoornino
1611 4927 1761 5005 simulent,

967 5008 993 5060 et
1005 5002 1204 5075 appellationis
1222 5002 1354 5074 drsfcpio,
1373 5001 1390 5071 j
1431 5000 1483 5055 icis
1494 5013 1659 5071 processum
1672 4997 1763 5080 impe-

90 5389 106 5410 ·.·
116 5357 196 5414 lectio
206 5355 305 5411 Vossio
315 5355 343 5411 in
353 5362 456 5417 textum
469 5353 616 5410 inserenda
630 5353 746 5412 videtur.
757 5356 811 5414 Sed
820 5363 914 5414 nostra

116 5436 246 5491 constans
260 5426 425 5489 estin-mss.
442 5423 584 5480 nostriset
604 5425 783 5496 meoiudicio
804 5427 911 5486 molior.
966 5430 1166 5486 Innocentium.
1472 5452 1479 5492 :
1505 5370 1533 5408 m
1549 5360 1628 5424 epm·
1650 5355 1712 5419 Μ’
1728 5352 1763 5408 ω

116 5499 348 5571 Deappellatione
362 5495 571 5570 prudentissima
584 5495 683 5557 concil.
700 5497 819 5561 l’rident.
834 5498 911 5558 sess.
1213 5529 1216 5535 ·
1261 5511 1265 5518 ·
1486 5524 1505 5533 's

966 5072 1058 5138 dienl,
1073 5073 1290 5134 serenatione
1304 5070 1479 5130 innocentie
1490 5067 1660 5142 presidium
1675 5069 1761 5124 ansti-
1840 5076 1846 5091 ¹
