3728 5940
106 231 159 293 355

575 225 602 284 S.
624 223 794 285 athulini
813 223 952 291 tuellis
969 223 1286 287 GLARAE-VALLENSIS

1698 225 1753 286 alo

105 359 134 414 in
149 356 265 421 insidiis,
281 370 361 427 quam
378 352 422 406 ille
438 351 550 423 rugiens
564 351 598 406 de
610 351 727 407 excelso.
743 349 902 422 Quanquam
919 371 943 451 Α
958 352 1071 409 consilio
1086 352 1244 420 amicorum,
1259 349 1307 422 qui
1329 349 1453 407 videmes
1473 349 1609 421 quomodo
1628 351 1752 423 aequasi

105 463 160 504 uon
181 446 238 515 jam
261 445 289 497 in
311 439 429 506 insidiis;
455 441 533 508 cujus
558 440 690 496 virulenta
713 438 777 495 iulia
801 439 902 495 utinam

107 535 196 588 adhuc
211 533 323 585 laterent
336 527 363 581 in
380 526 497 593 scriniis,
513 536 540 583 et
553 542 608 582 non
626 527 654 582 iu
677 526 762 585 triviis
776 528 902 600 legeren-

107 632 158 678 tur.
177 620 275 675 Volant
291 614 376 672 libri:
400 624 428 672 et
451 617 495 687 qui
521 617 633 671 oderant
654 615 752 684 lucem,
776 616 902 688 quoniam

105 708 168 764 mali
183 713 255 771 sunt,
271 704 446 778 impegerunt
461 704 490 759 in
504 705 602 773 lucem,
616 712 738 773 putantes
757 704 845 761 lucem
860 713 902 761 te-

104 797 212 852 nebras.
228 793 345 849 Urbibus
368 802 394 848 at
417 791 531 849 castellis
550 793 710 864 ingeruntur
724 808 774 862 pro
787 794 846 850 lnce
860 801 902 848 te-

104 883 210 950 uebrae3
227 896 275 951 pro
290 878 379 949 melle,
395 880 438 934 vel
453 880 543 950 potius
557 880 584 935 in
601 881 677 935 melle
691 896 824 936 vencnum
838 898 904 952 pas·

104 970 157 1026 sim
180 968 307 1025 omnibus
331 969 498 1039 propinatur.
523 968 697 1024 Transierunt
720 970 754 1025 de
778 977 857 1042 gente
875 970 903 1025 in

105 1065 222 1130 gentem,
249 1067 276 1112 et
297 1057 332 1111 de
354 1071 439 1125 regno
460 1055 495 1110 nd
510 1057 639 1126 populum
653 1056 780 1112 alterum.
795 1058 903 1113 Novum

106 1145 215 1202 cuditur
228 1142 338 1216 populis
347 1154 375 1200 et
384 1144 510 1217 gentibus
524 1144 706 1218 Evangelium,
719 1161 787 1202 nova
801 1161 903 1217 propo·

104 1233 177 1290 nitur
199 1233 277 1296 fides,
302 1232 505 1289 tundamentum
524 1233 596 1288 aliud
621 1234 730 1305 ponitur
751 1240 849 1305 praeter
875 1235 901 1288 id

104 1323 177 1396 quod
192 1323 310 1393 positum
324 1329 375 1379 cst.
391 1322 432 1377 De
445 1321 590 1379 virtutibus
603 1330 631 1377 et
652 1321 724 1378 vitiis
737 1337 793 1377 nou
810 1336 901 1378 mora-

104 1411 176 1478 liter,
192 1412 226 1468 de
241 1410 418 1468 Sacramentis
442 1410 570 1467 Ecclesiae
595 1425 648 1465 nnn
669 1409 792 1477 fideliter,
807 1410 842 1466 de
861 1425 903 1465 ar·

105 1516 173 1558 canc
183 1506 283 1555 sanctae
297 1499 433 1555 Trinitatis
447 1515 501 1554 nou
512 1498 670 1568 simpliciter
680 1513 731 1555 nec
744 1497 833 1558 sobrie
843 1498 901 1554 dla-

103 1596 213 1663 putatur
228 1588 398 1644 tsedauucta
410 1586 489 1644 nobis
504 1587 532 1642 in
541 1603 712 1659 perversum,
721 1597 817 1646 cuncta
827 1603 900 1660 prae·

957 442 990 496 ad
1014 441 1199 512 spectaculum
1220 455 1315 497 omues
1338 447 1475 511 pararent,
1499 439 1627 496 timebant
1653 454 1688 496 ne
1715 441 1752 498 dc

956 539 1047 586 nostra
1070 529 1189 584 absentia
1215 534 1243 584 et
1268 526 1421 584 scandalum
1448 526 1563 598 populo,
1593 536 1621 582 et
1650 541 1752 584 cornua

956 624 1110 674 crescerent
1132 615 1303 683 adversarum
1329 623 1356 672 et
1378 614 1442 687 qnia
1462 629 1538 672 error
1551 615 1639 687 magis
1652 613 1750 672 confir-

957 715 1085 770 maretur,
1110 721 1170 760 cum
1194 719 1250 761 nou
1272 711 1343 759 esset
1362 704 1410 775 qui
1433 702 1610 774 responderet
1626 713 1751 760 auteon-

957 791 1107 864 tradiceret,
1129 791 1236 848 occurri
1257 792 1291 846 ad
1315 792 1406 847 locum
1432 799 1460 848 ct
1485 790 1576 860 diem,
1605 792 1752 863 imparatus

955 880 1064 953 quidem
1078 888 1104 937 et
1119 880 1289 945 immunitus,
1304 879 1358 935 nisi
1370 879 1446 952 quod
1460 878 1526 935 illud
1549 888 1639 936 mente
1655 882 1750 937 volve-

955 967 1027 1034 bam,
1052 970 1142 1027 Nolite
1163 968 1371 1043 premeditari,
1389 969 1514 1043 qualiter
1535 969 1750 1043 respondeatis.-

956 1058 1073 1116 dabitar
1095 1059 1265 1118 enimvobis
1288 1061 1320 1116 ia
1339 1059 1393 1116 illa
1416 1058 1486 1118 lora
1506 1059 1573 1130 quid
1594 1058 1752 1131 loquamini

956 1145 1069 1217 (satri.
1084 1163 1112 1217 x,
1129 1148 1183 1220 ι9);
1201 1155 1228 1204 ct
1241 1147 1464 1214 illud,l)cmr'rrar
1476 1147 1550 1203 mibi
1558 1148 1682 1219 adjutor,
1692 1161 1750 1202 core

957 1236 1058 1293 timebo
1072 1237 1139 1310 quid
1148 1237 1241 1309 saciat
1250 1237 1324 1294 milri
1338 1237 1419 1296 borao
1432 1236 1518 1306 (Pral.
1533 1235 1664 1307 exuuii).
1679 1236 1752 1291 Con·

955 1333 1087 1382 venerunt
1099 1335 1193 1381 autem
1205 1336 1304 1395 prater
1316 1325 1459 1396 episcopos
1473 1332 1500 1381 et
1513 1325 1621 1381 abbates
1644 1322 1752 1395 plurimi

954 1413 1006 1471 viri
1021 1413 1150 1487 religiosi,
1176 1417 1205 1469 st
1226 1413 1262 1469 ds
1282 1411 1437 1469 civitatibus
1451 1413 1571 1485 magistri
1585 1413 1752 1478 scholarum,

955 1509 985 1559 ct
996 1500 1085 1559 clerici
1100 1499 1210 1556 litterati
1222 1499 1315 1570 multi,
1328 1506 1356 1558 et
1367 1499 1428 1556 Rex
1441 1515 1563 1571 presens
1577 1509 1644 1556 erat.
1660 1501 1752 1572 ltaque

955 1587 984 1644 in
998 1587 1144 1660 praeseutia
1156 1586 1289 1653 omnium,
1308 1586 1465 1646 adversario
1480 1596 1566 1645 stante
1580 1602 1612 1644 cx
1623 1587 1751 1655 adverso,

104 1685 144 1735 ter
156 1677 275 1742 solitum,
285 1681 313 1732 et
327 1684 508 1749 preterquam
522 1677 687 1750 accepimus,
701 1676 898 1735 ministrantur.
918 1654 943 1733 Β
956 1677 1088 1750 producta
1101 1685 1165 1732 sunt
1178 1675 1301 1747 quadarn
1311 1674 1427 1746 capitula
1439 1676 1474 1731 de
1487 1675 1565 1732 libris
1578 1676 1638 1745 ejus
1652 1692 1751 1732 excer-

140 1768 167 1822 3.
178 1763 304 1824 Procedit
317 1764 411 1821 Golias
424 1780 539 1837 procero
555 1780 682 1836 corpore,
698 1765 783 1824 nobili
795 1765 841 1822 illo
854 1779 904 1823 suc
956 1772 1014 1841 pta.
1029 1765 1098 1835 Qasr
1107 1780 1170 1823 cum
1183 1762 1326 1835 caepissent
1340 1764 1408 1837 legi,
1422 1762 1515 1821 uolens
1538 1763 1631 1819 audire
1653 1763 1749 1832 crivit,

103 1853 199 1910 bellico
214 1862 347 1925 apparatu
361 1854 586 1911 circummunitus
601 1854 781 1911 'antecedente
796 1868 904 1927 quoque
956 1853 1095 1927 appellans
1118 1854 1153 1909 ab
1174 1852 1268 1911 clectis
1289 1851 1436 1926 judicibus,
1459 1853 1533 1924 quod
1555 1867 1609 1908 non
1623 1861 1751 1923 putamus
1778 1897 1781 1905 .

103 1938 194 2011 ipsum
217 1941 277 2010 ejus
299 1941 435 2013 armigero
458 1942 579 1998 hrnaldo
602 1941 637 1997 de
663 1942 764 1999 Brixia.
788 1943 902 2016 quama
955 1942 1047 2000 licere.
1067 1944 1152 2000 Porro
1174 1940 1295 2012 capitula,
1311 1941 1413 2014 judicia
1442 1940 1563 1999 amnium
1589 1939 1749 2010 examinata,

103 2043 225 2101 squamae
239 2028 422 2104 conjungitur,
439 2040 466 2086 et
481 2045 531 2086 nec
545 2030 711 2100 spiraculum
731 2029 832 2085 incedit
854 2046 903 2102 per
955 2032 1063 2088 inventa
1083 2039 1147 2088 sunt
1175 2029 1238 2087 fidei
1262 2030 1443 2098 adversantis,
1470 2029 1603 2089 cucumis
1629 2030 1747 2088 veritati.

104 2131 159 2174 eas.
178 2118 315 2189 Siquidem
330 2118 446 2177 sibilavit
461 2118 520 2189 apis
533 2135 595 2191 quae
607 2125 665 2175 erat
678 2119 705 2173 in
722 2117 842 2184 Francia,
858 2117 902 2188 api
953 2121 1018 2177 Haec
1031 2136 1080 2192 pro
1098 2136 1153 2186 me,
1168 2136 1202 2176 na
1224 2120 1340 2190 levitate,
1365 2131 1412 2177 aut
1433 2130 1506 2177 certa
1524 2119 1674 2178 temeritate
1686 2134 1751 2176 usus

102 2206 137 2261 de
151 2207 226 2262 ltalia
249 2208 344 2278 (5⁰⁰i2
371 2213 397 2262 et
418 2217 545 2264 venerunt
563 2207 590 2262 in
606 2222 689 2262 unum
703 2206 830 2263 adversus
843 2205 900 2261 Do·
952 2209 981 2264 ia
996 2216 1070 2266 tanto
1084 2209 1193 2281 negotio
1207 2220 1324 2280 putarer.

102 2295 219 2365 minum,
235 2305 261 2351 et
275 2297 405 2352 adversus
418 2297 555 2352 Christum
569 2297 640 2366 ejus.
664 2293 836 2349 Intendamut
853 2308 900 2349 ar·
990 2301 1016 2353 5.
1033 2298 1131 2352 Verum
1147 2305 1187 2367 tu,
1202 2313 1219 2353 o
1233 2313 1374 2354 successor
1387 2297 1468 2367 Petri,
1488 2297 1631 2369 judicabis,
1644 2314 1678 2352 an
1699 2297 1749 2353 de·

102 2400 174 2454 cum,
202 2393 365 2456 paraverunt
391 2383 476 2442 188
497 2386 607 2455 sagittas
629 2398 692 2439 suas
714 2384 742 2439 in
765 2383 898 2453 pharetra,
954 2387 1017 2443 beat
1040 2387 1140 2442 habere
1163 2385 1295 2459 retugium
1318 2386 1505 2456 sedemPetri,
1522 2387 1568 2459 qui
1583 2387 1656 2444 Petri
1671 2386 1749 2442 fidem

102 2481 131 2529 ut
146 2473 274 2546 sagittent
289 2475 316 2528 in
329 2474 446 2530 obscuro
466 2480 554 2530 rectos
574 2471 665 2528 corde.
681 2472 710 2526 ln
724 2471 797 2527 rictu
811 2479 900 2528 antem
953 2474 1105 2548 impugnat.
1129 2476 1179 2546 Tu,
1204 2476 1326 2547 inquam,
1349 2476 1436 2534 amice
1457 2477 1564 2548 sponsi,
1585 2474 1747 2548 providebis,

102 2570 130 2619 et
154 2561 245 2616 habitu
267 2562 398 2618 babentes
422 2561 539 2617 formam
564 2559 682 2631 pietatis,
703 2559 751 2614 sed
773 2557 899 2616 virtutem
954 2566 1092 2637 quomodo
1105 2565 1206 2622 liberes
1219 2581 1344 2638 sponsam
1360 2563 1461 2621 alabiia
1476 2564 1585 2635 iniquis,
1597 2562 1750 2635 etalingua

102 2651 164 2722 ejus
178 2651 353 2723 abnegantes,
367 2665 400 2706 eo
413 2649 550 2720 decipiunt
564 2648 665 2718 plures,
681 2661 736 2718 quo
750 2646 899 2720 rransfigu-
954 2655 1059 2712 dolosa.
1073 2653 1129 2710 sea
1145 2662 1174 2710 ar
1188 2654 1269 2726 paulo
1287 2652 1415 2709 audacius
1438 2653 1533 2725 loquar
1555 2669 1617 2708 cum
1641 2650 1749 2708 dominc

58 2736 62 2741 ’
103 2749 163 2794 rant
176 2753 205 2793 st
218 2737 246 2793 in
260 2737 373 2811 angelos
385 2737 461 2802 lucis,
481 2752 541 2792 cum
559 2737 613 2792 sint
627 2735 743 2793 sauna.
760 2734 841 2790 Stans
854 2751 899 2790 er·
954 2757 1026 2810 meo,
1042 2743 1149 2799 attende
1163 2743 1242 2799 etiarn
1256 2741 1304 2799 tibi
1327 2741 1391 2814 ipsi,
1415 2740 1597 2797 amantissime
1621 2742 1707 2809 Pater,
1722 2747 1750 2796 at

103 2843 139 2901 go
161 2826 253 2883 Golias
276 2843 329 2881 una
352 2842 412 2882 cum
436 2825 570 2897 armigero
597 2838 647 2880 suo
675 2823 746 2878 inter
772 2831 901 2894 utrasque
954 2825 1048 2902 gratim
1061 2831 1113 2887 Dei
1126 2846 1187 2902 quae
1200 2831 1228 2885 ia
1243 2838 1270 2886 te
1283 2841 1334 2887 est.
1347 2833 1444 2887 Nonne
1458 2847 1518 2888 cum
1533 2846 1607 2886 esses
1622 2829 1749 2900 parvulus

102 2917 185 2981 acies,
202 2918 300 2972 clamat
319 2916 447 2972 adversus
467 2915 614 2987 phalangas
634 2915 728 2980 lsrael,
743 2916 900 2987 exprobrat·
916 2917 978 3014 cin
991 2918 1076 2975 oculis
1091 2919 1157 2993 tuis,
1179 2918 1240 2993 ipsa
1262 2929 1287 2976 ta
1311 2918 1451 2976 constitnit
1463 2935 1544 2989 super
1558 2925 1653 2991 gentes
1667 2925 1694 2974 et
1707 2933 1748 2973 re-

103 3019 155 3075 que
178 3005 332 3078 agminibus
353 3012 528 3076 sanctorum,
552 3018 584 3060 eo
607 3002 735 3058 nimirum
762 3003 898 3075 audacius,
953 3008 1027 3081 guai
1050 3007 1093 3063 hd
1114 3007 1190 3081 quid,
1208 3007 1259 3063 nisi
1283 3015 1312 3062 ut
1326 3009 1478 3075 evellas«
1491 3008 1622 3071 destruas,
1638 3015 1665 3063 et
1679 3006 1747 3062 aedi-

104 3108 159 3164 quo
182 3095 263 3150 sentit
286 3095 369 3149 David
395 3109 448 3151 non
471 3093 575 3149 adesse.
601 3091 761 3164 Deniquein
776 3092 899 3167 suggila-
953 3094 1056 3153 ficeset
1071 3096 1194 3168 plantes?
1218 3095 1272 3165 Qui
1295 3110 1362 3168 ergo
1385 3094 1444 3151 tulit
1465 3104 1491 3151 te
1512 3095 1546 3150 ds
1571 3095 1651 3151 domo
1664 3094 1749 3166 patris

104 3182 202 3238 bonam
228 3183 372 3240 doctorum
385 3183 523 3248 Ecclesia,
548 3180 654 3251 anagnis
675 3181 755 3236 ellert
777 3181 900 3237 laudibus
953 3182 1002 3250 tui,
1019 3191 1046 3238 et
1060 3182 1137 3237 unxit
1149 3191 1175 3238 te
1189 3182 1314 3239 unedone
1328 3181 1521 3238 misericordiis
1543 3196 1609 3249 suae,
1626 3181 1748 3249 attende,

105 3269 301 3342 philosophos3
318 3270 353 3326 ad
367 3269 537 3326 inventiones
551 3267 661 3324 illorum
675 3278 703 3325 et
712 3285 775 3326 suas
789 3271 898 3325 novita-

105 3365 146 3413 tes
160 3359 356 3416 catholicorum
370 3358 478 3412 Petrum
502 3356 631 3411 doctrinae
646 3365 673 3412 et
688 3354 751 3411 fidei
766 3355 896 3426 praeteri:

104 3454 131 3501 et
144 3462 205 3502 cum
221 3461 314 3502 omnes
328 3443 430 3517 lugim
445 3443 541 3499 aiacis
554 3445 623 3514 ejus,
648 3460 692 3501 rna
706 3445 828 3500 omniurn
842 3446 893 3501 rni-

104 3534 207 3591 nimum
221 3534 320 3607 expetit
332 3533 366 3588 ad
381 3532 519 3607 singulare
531 3542 676 3589 certarnen.

140 3627 167 3685 ι.
183 3625 307 3696 Denique
320 3622 427 3692 scripsit
442 3621 519 3691 mibi,
530 3622 691 3679 sollicitante
705 3621 813 3695 quidem
828 3622 898 3693 ipso,

103 3713 322 3784 archiepiscopus
345 3709 518 3777 Senonensis,
533 3712 604 3767 diem
627 3721 748 3768 statuens
771 3726 898 3785 congres-

103 3801 197 3871 sionis,
211 3814 267 3872 quo
290 3798 334 3854 ille
356 3798 385 3854 in
408 3800 550 3870 qrraesentia
564 3801 624 3869 ejus
636 3811 664 3856 et
678 3800 898 3872 coepiscoporum

951 3285 1097 3343 qnaeso,ex
1113 3277 1178 3327 tuuc
1188 3279 1214 3325 et
1229 3270 1370 3340 deinceps,
1381 3270 1481 3341 quauta
1494 3268 1557 3323 lecit
1572 3268 1746 3333 animatum

951 3363 1052 3431 quanta
1065 3372 1115 3428 per
1128 3363 1154 3412 te
1168 3356 1296 3413 Ecclesia
1310 3372 1377 3426 sua,
1405 3360 1507 3429 quauta
1531 3354 1559 3409 in
1575 3369 1642 3427 agro
1660 3355 1748 3411 domi-

951 3447 1023 3512 nico,
1047 3445 1120 3502 coelo
1144 3454 1171 3503 et
1198 3453 1272 3501 terra
1296 3445 1423 3514 testibus,
1445 3453 1499 3500 tam
1518 3451 1643 3516 potenter
1665 3459 1748 3516 quam

952 3536 1097 3592 salubriter
1118 3536 1211 3592 evulsa
1234 3542 1296 3591 sunt
1317 3545 1345 3590 ιι
1356 3537 1510 3599 destructa;
1528 3543 1628 3604 quanta
1642 3548 1751 3589 rursum

951 3625 1020 3681 bene
1047 3622 1204 3689 aediiicata,
1232 3624 1377 3695 plantata,
1412 3632 1569 3695 propagata.
1608 3623 1752 3679 Suscitavit

950 3713 1025 3770 Deus
1046 3713 1168 3770 iurarem
1190 3710 1423 3768 schismaticorum
1445 3711 1474 3766 in
1496 3720 1544 3768 tuo
1571 3715 1752 3781 temperant

952 3816 997 3864 tuo
1012 3816 1095 3874 opere
1109 3809 1326 3863 contererentur.
1350 3800 1412 3857 Vidi
1431 3800 1545 3857 stultum
1560 3799 1636 3855 firma
1651 3800 1750 3868 radice,

102 3900 214 3945 suornm
238 3886 358 3955 deberet,
382 3886 406 3943 si
429 3894 532 3958 posset,
547 3897 665 3946 statuere
680 3904 761 3959 prava
775 3890 899 3963 dogmata
950 3899 978 3948 et
991 3890 1081 3946 statim
1096 3889 1270 3946 maledictum
1285 3897 1326 3945 est
1340 3888 1531 3959 pulchritudini
1547 3889 1616 3958 ejus.
1628 3888 1698 3955 Vidi,
1711 3889 1751 3944 in·

102 3991 161 4041 sua,
175 3980 342 4045 contraque
356 3991 409 4048 ago
426 3992 510 4033 ausus
531 3977 628 4034 mutire
653 3977 774 4036 fuissem.
797 3977 897 4047 Abnni,
951 3994 1044 4050 quam,
1067 3978 1123 4034 vidi
1146 3978 1259 4050 impium
1287 3977 1537 4049 superexaltatum,
1562 3988 1589 4035 et
1615 3979 1748 4034 elevatum

101 4071 159 4118 tum
173 4063 238 4133 quia
251 4078 320 4133 puer
335 4080 406 4134 sum,
417 4072 443 4121 et
452 4065 498 4120 ille
509 4065 551 4119 vir
566 4065 683 4120 bellator
695 4068 729 4120 ab
743 4064 899 4121 adolescea-
955 4066 1039 4125 aaa
1061 4069 1133 4124 sicut
1150 4068 1247 4123 cedros
1269 4065 1378 4136 Libani,
1394 4074 1421 4121 et
1440 4065 1562 4133 transivi,
1579 4074 1605 4122 at
1620 4080 1684 4122 acce
1696 4079 1751 4121 nou

103 4149 140 4207 tia
156 4167 163 4206 ε
177 4158 232 4205 tum
248 4151 309 4222 quia
328 4151 478 4224 judicarem
502 4153 654 4226 indignum,
679 4153 808 4210 rationem
834 4153 897 4210 lidei
952 4164 1019 4211 erat.
1033 4157 1148 4230 Oportet
1159 4160 1267 4225 uuum,
1281 4153 1328 4221 ait,
1345 4155 1464 4212 taraces
1478 4163 1506 4210 et
1524 4153 1669 4211 schismata
1682 4168 1750 4220 esse,

101 4237 227 4293 humanis
240 4239 370 4294 committi
387 4240 544 4296 ratiunculis
559 4222 724 4314 agitandam,
746 4258 827 4313 quam
842 4253 896 4298 tarn
914 4213 937 4291 n
953 4250 986 4302 at
999 4245 1050 4317 qai
1062 4245 1175 4317 probati
1188 4248 1267 4313 sant,
1283 4244 1437 4314 manifesti
1446 4242 1519 4312 fiant
1530 4240 1629 4311 (lGor.
1639 4256 1683 4306 ιι,
1695 4240 1751 4312 ιι).

102 4335 176 4385 certa
190 4343 221 4382 ac
235 4327 324 4382 stabili
341 4328 451 4385 veritate
465 4338 569 4384 constat
588 4345 650 4385 esse
673 4329 824 4385 subnixam.
852 4329 899 4386 ni·
952 4334 986 4389 Et
999 4333 1028 4388 in
1043 4333 1184 4389 schismate
1197 4331 1307 4403 quidem
1319 4333 1386 4402 jam,
1396 4339 1428 4387 ut
1440 4330 1543 4386 dictum
1558 4338 1608 4398 ast,
1619 4328 1752 4385 Dominus

101 4417 195 4474 cabum
220 4415 346 4472 sulficere
369 4418 469 4487 scripta
491 4418 551 4487 ejus
573 4419 606 4472 ad
625 4418 807 4474 accusandum
821 4435 898 4491 eum3
954 4422 1078 4494 probavit
1093 4430 1129 4486 ιι,
1136 4428 1163 4477 et
1174 4419 1303 4494 cognovit
1317 4427 1354 4474 te.
1365 4420 1417 4476 Sed
1432 4433 1466 4474 as
1480 4417 1545 4490 quid
1559 4418 1629 4474 desit
1643 4432 1752 4473 coronae

102 4520 155 4562 nec
178 4520 236 4561 maa
260 4505 371 4570 referre,
396 4508 442 4560 sed
466 4507 667 4577 episcoporum,
686 4522 809 4579 ‚quorum
828 4523 901 4569 esset
954 4516 1019 4577 tuae,
1035 4524 1070 4563 en
1083 4509 1202 4563 hareses
1216 4515 1404 4563 surrexerunt.
1420 4507 1513 4579 ltaque
1528 4506 1563 4562 ad
1577 4521 1753 4562 eonsumma-

100 4593 244 4649 ministerii
266 4593 299 4648 de
320 4593 494 4665 dogmatibus
513 4596 644 4664 judicare.
669 4596 715 4650 lile
738 4594 821 4651 nihilo
844 4597 895 4652 mi·
949 4598 1050 4654 tionem
1075 4596 1215 4664 virtutum,
1238 4601 1266 4650 et
1281 4610 1316 4650 ne
1338 4593 1403 4665 quid
1426 4593 1514 4648 micus
1528 4590 1753 4648 fecisseinvenia-

101 4697 162 4750 nus,
178 4683 232 4737 imo
246 4698 278 4737 eo
292 4681 406 4752 amplius
425 4681 527 4739 levavit
545 4698 649 4748 vocam,
665 4684 770 4738 vocavit
783 4685 894 4753 multos,
949 4683 1015 4739 mini
1033 4698 1051 4737 a
1066 4682 1169 4753 magnis
1194 4681 1329 4753 episcopis
1351 4681 1566 4738 antecessoribus
1587 4676 1691 4743 restris,
1706 4691 1751 4733 ca·

100 4770 276 4848 congregavit
298 4770 457 4840 complicas.
482 4770 548 4840 Qnae
569 4770 603 4825 de
626 4787 670 4827 me
690 4772 723 4826 ad
747 4771 896 4843 discipulos
951 4772 1005 4845 pite
1027 4771 1116 4835 nobis,
1142 4771 1218 4825 Pater
1241 4769 1434 4838 amantissime,
1454 4768 1549 4840 vulpes
1572 4781 1632 4838 quae
1656 4765 1750 4822 demo·

101 4875 165 4916 suos
179 4858 327 4931 scripserit,
353 4859 443 4915 dicere
466 4876 520 4915 non
543 4875 617 4916 curo.
636 4860 823 4917 Disseminavit
837 4861 896 4916 ubi·
947 4859 1049 4929 liuntur
1064 4858 1169 4913 vineam
1183 4857 1304 4925 Domini,
1320 4858 1405 4913 donec
1428 4852 1545 4926 parvule
1568 4862 1630 4908 sunt
1645 4868 1652 4906 :
1668 4869 1713 4919 ne,
1729 4842 1752 4905 si

100 4967 164 5024 quc,
174 4967 202 5006 se
216 4951 280 5005 mihi
295 4949 340 5005 die
356 4955 456 5005 statuto
470 4950 541 5020 apud
556 4950 679 5005 Senonas
695 4966 892 5022 responsurum.
949 4955 1070 5004 crescant
1084 4959 1112 5004 et
1125 4947 1347 5018 multiplicentur,
1362 4943 1491 5020 quidquid
1516 4939 1610 4998 talium
1635 4955 1684 5012 per
1705 4954 1753 4997 vos

100 5040 171 5096 Exiit
184 5055 274 5094 sermo
288 5040 322 5094 ad
333 5053 438 5108 omnes,
455 5046 482 5093 et
492 5055 548 5093 uon
563 5040 649 5108 potuit
665 5056 707 5094 me
729 5040 821 5096 latere.
836 5039 896 5095 Dis·
949 5050 1004 5091 non
1031 5036 1114 5092 luerit
1142 5035 1364 5104 exterminatum,
1393 5049 1409 5089 ι
1437 5030 1553 5104 posteris
1580 5029 1751 5098 desperetur.

101 5129 225 5184 simulavi
240 5128 357 5199 primum
374 5145 382 5183 z
399 5143 450 5183 nec
465 5127 536 5184 cuim
556 5127 621 5184 satis
644 5142 751 5183 rumore
773 5130 894 5200 populari
949 5122 1106 5195 Quanquam
1122 5139 1176 5181 non
1189 5126 1245 5196 iam
1260 5124 1381 5196 parvula
1401 5136 1450 5178 uec
1464 5119 1598 5192 pauculae,
1615 5118 1663 5173 sed
1679 5124 1751 5172 certe

100 5218 241 5274 movebar.
264 5216 367 5271 Cedens
391 5225 479 5273 tamen
500 5217 575 5288 (licet
597 5217 651 5283 vir,
677 5218 713 5272 ita
737 5224 766 5273 ut
792 5216 895 5288 llerem)
949 5212 1144 5285 grandiusculae
1167 5225 1194 5271 et
1217 5215 1312 5271 multae
1336 5212 1401 5282 sint,
1415 5225 1467 5268 nec
1482 5210 1533 5266 nisi
1549 5208 1577 5264 in
1592 5202 1752 5262 manuforti

139 5360 213 5441 (butt)
236 5359 273 5412 lta
297 5356 414 5429 genuina
437 5357 528 5440 lectio,
551 5358 724 5440 quatallndit
738 5359 772 5414 ad
787 5373 896 5446 versum
950 5345 1752 5483 AEppgtietasri,qaoeertiretcrraAssumhpisdel‘rau·

100 5429 381 5486 decimumoctavum
405 5437 501 5500 capitis
524 5439 631 5500 aepumr
656 5430 743 5499 lsaiae,
767 5431 896 5488 Sabalabrt
949 5442 990 5483 cra
1037 5427 1118 5485 baelar
1140 5445 1186 5497 us,
1210 5444 1269 5499 apis
1291 5428 1327 5483 ds
1349 5427 1426 5482 ltalia
1448 5422 1581 5481 arnaldus
1602 5419 1635 5475 de
1649 5418 1749 5487 Busta,

100 5503 237 5561 Dominus
259 5515 373 5566 mauce,
396 5515 460 5572 qaae
482 5504 525 5558 est
548 5501 581 5557 ia
599 5505 725 5561 extremo
739 5501 897 5572 flaminum
948 5500 1016 5557 urbe
1030 5499 1126 5569 tutta,
1141 5499 1176 5556 de
1189 5513 1247 5573 quo
1260 5496 1323 5559 vids
1334 5506 1412 5557 nous
1424 5496 1454 5554 iu
1467 5493 1608 5570 epistolam
1623 5490 1686 5547 ιιι.
