3728 5940
105 179 157 242 att

574 177 601 236 S.
621 176 792 239 aunbtnut
811 174 1281 240 15511155155-555155515

1696 173 1751 234 atto

104 309 215 365 Nicolao
238 307 315 377 (555)
337 303 524 360 Cameracensi
555 302 695 374 episcopo.
724 304 821 360 Fateor
855 319 898 360 me
915 316 940 397 Α
956 303 1104 395 timuerunt
1121 307 1283 375 coniunctos
1305 305 1390 360 alteo
1413 308 1509 360 contre
1533 301 1622 357 115515
1639 300 1751 372 disjun-

104 397 252 454 obnorium
272 395 320 461 illi,
345 401 372 449 et
384 392 507 448 omnium
521 407 581 469 quae
597 406 646 462 pro
659 408 692 448 eo
719 391 806 447 iacere
825 391 900 447 valeo

104 485 272 541 debitorem:
285 497 338 536 nou
350 481 437 536 solum
452 479 515 550 quia
528 480 691 551 ubicumque
705 489 803 552 potest,
819 481 901 537 bono

105 583 148 631 rat
175 589 224 628 nos
246 581 272 626 et
296 580 415 634 nostros,
440 571 486 626 sed
514 579 541 624 et
564 582 676 641 proptor
691 570 843 636 veritatem,
874 578 901 625 et

80 702 84 715 .
104 657 345 727 mansuetudinem,
362 664 388 713 et
398 657 540 728 justitiam,
556 673 617 729 quae
638 674 700 713 eum
721 658 800 713 etiam
829 660 900 728 apud

105 764 153 803 ros
166 746 408 802 commendabilem
427 746 539 800 reddere
554 755 674 816 possunt.
691 748 736 813 Et,
752 747 803 801 nisi
825 744 903 803 iallor

106 834 229 908 quicum
256 833 401 901 tribulant,
427 834 485 888 salsi
513 843 586 897 sunt,
613 843 639 888 ot
661 851 715 889 uou
738 843 779 890 cst
803 835 830 890 in
854 850 902 892 ore

104 939 198 979 eorum
213 922 323 979 veritas.
338 921 461 992 Denique
480 939 530 978 ros
549 924 707 992 probabitis,
729 931 756 978 et
783 939 836 979 non
862 934 903 980 est

104 1012 276 1069 mibi‘rerbis
296 1012 473 1067 laborandum
499 1028 579 1082 super
601 1013 664 1067 hoc.
694 1014 743 1067 Est
776 1022 903 1081 practerea

104 1118 166 1159 cnm
182 1116 215 1156 eo
232 1101 272 1156 vir
288 1099 430 1169 religiosus
445 1109 473 1154 et
488 1106 599 1153 sanctus
618 1099 800 1155 Godcscalcus
821 1101 904 1155 abbas

104 1189 191 1260 (556),
204 1202 251 1260 pro
263 1202 317 1258 quo
330 1187 465 1255 similiter,
476 1187 497 1241 si
513 1187 577 1259 qnid
589 1186 622 1240 ad
633 1187 725 1243 merita
738 1189 798 1257 ejus
812 1195 904 1243 nostra

104 1275 268 1333 interventio
283 1273 382 1328 addere
400 1283 499 1346 potest,
524 1276 624 1330 obnixe
653 1292 701 1331 oro
732 1289 761 1332 ut
788 1277 814 1330 in
847 1275 905 1333 suis

105 1362 280 1438 petitionibus
301 1363 468 1418 exaudiatur.
484 1363 608 1419 Arbitror
622 1364 691 1418 enim
715 1365 814 1420 nullam
829 1364 903 1420 illum

105 1455 203 1521 iacere,
214 1469 274 1525 quae
286 1469 338 1508 uon
355 1453 437 1525 digna
451 1453 485 1507 sit
500 1451 631 1508 exaudiri.

302 1539 474 1596 EPISTOLA
501 1539 592 1597 CCXV
620 1542 705 1611 (551).

311 1632 314 1637 ’
413 1642 450 1682 nn
465 1642 594 1684 5555551.

187 1719 242 1773 Por
256 1717 381 1789 episcopo
400 1718 429 1770 et
448 1716 553 1773 555555
569 1717 815 1774 Autissiodorenei.

138 1804 234 1862 Scribo
248 1803 329 1861 vobis
345 1803 563 1875 frequentissime
575 1804 635 1860 vilis
648 1805 820 1876 vermiculus,
829 1812 858 1863 st
872 1806 899 1860 iu

101 1897 171 1951 hanc
181 1892 307 1964 impellor
321 1891 462 1948 audaciam
477 1892 605 1962 precibus
619 1893 777 1951 amicornm.
793 1894 898 1962 Fateor,

100 1982 188 2037 audax
204 1995 273 2048 sum,
289 1981 404 2036 sednon
423 1981 550 2035 mendax.
566 1980 625 2036 Non
645 1981 798 2052 suspicetur
810 1983 899 2071 donni·

101 2087 153 2126 nus
167 2085 244 2124 meus
258 2068 286 2123 in
302 2084 349 2124 ore
369 2069 447 2140 pueri
463 2068 505 2124 sui
520 2068 657 2125 inventum
672 2071 704 2126 iri
728 2070 901 2128 mendacium

102 2158 130 2214 iu
146 2156 274 2215 omuibus
288 2173 351 2228 quae
369 2158 403 2212 ad
427 2157 514 2228 ipsum
539 2158 686 2230 scripserit.
712 2160 779 2216 Volo
808 2158 900 2216 amicis

106 2262 203 2321 gerere
218 2262 331 2316 morem,
356 2260 410 2301 nou
435 2247 569 2302 5555515
593 2263 682 2302 meam
702 2258 824 2305 mortem.
844 2248 900 2303 Nec

104 2337 176 2392 cuim
191 2337 287 2408 ignoro
300 2335 348 2390 ubi
363 2335 495 2406 legerim:
516 2337 548 2392 Os
558 2337 629 2408 quod
639 2339 789 2402 mentitur,
798 2337 900 2393 occidit

103 2425 231 2481 animum
250 2423 327 2495 (Sap.
343 2439 361 2487 t,
378 2426 436 2493 ll).
451 2423 601 2480 Falsitatem
621 2425 734 2496 proinde
750 2440 831 2496 nego,
847 2425 900 2479 im·-

954 409 1020 464 gere
1034 396 1115 465 (565).
1131 396 1227 464 Neque
1250 395 1278 450 id
1292 393 1389 458 solum,
1418 391 1529 460 insuper
1542 398 1568 446 ct
1588 388 1753 460 adjecerunt

953 483 1119 555 conjungere
1140 496 1194 537 555
1214 480 1429 551 conjungendos,
1467 478 1596 534 addentes
1622 466 1752 548 praevari-

954 569 1096 627 cationem.
1134 571 1299 625 Lacerautur
1317 584 1392 625 sacra
1419 566 1557 634 Ecclesiae,
1578 566 1750 630 scinduntur,
1767 638 1771 647 ι

955 661 1023 730 prob
1054 660 1131 715 dolor
1158 661 1268 715 liestcs
1295 656 1410 724 Christi;
1439 657 1530 727 idque,
1556 654 1590 709 ad
1611 653 1750 709 comitium

955 748 1067 815 doloris,
1084 749 1117 803 ab
1127 748 1170 803 his
1184 765 1198 802 a
1212 747 1309 822 quibus
1324 744 1449 803 resarciri
1468 743 1628 801 debuerant.
1658 741 1750 798 Amici

955 837 1004 905 tui,
1034 838 1115 901 Deus,
1140 843 1166 891 et
1190 835 1303 906 proximi
1331 834 1368 889 tui
1397 833 1539 889 adversum
1563 839 1590 887 te
1605 830 1752 903 appropin-

955 934 1106 998 quaverunt
1120 933 1146 980 et
1160 931 1291 980 steterunt
1310 925 1398 991 (Paul.
1415 937 1528 988 xxxvtr,
1550 920 1604 991 15).
1620 920 1688 975 Nam
1701 920 1749 991 qui

955 1014 1108 1078 mandatum
1142 1023 1218 1070 tuum
1237 1013 1482 1086 transgrediuntur,
1501 1026 1556 1066 nou
1580 1016 1642 1065 suut
1657 1008 1749 1079 alieni,

957 1120 1011 1160 non
1026 1112 1088 1159 suut
1102 1103 1243 1160 extraneis
1258 1101 1408 1158 sanctuario
1423 1109 1477 1172 tuo,
1489 1099 1538 1154 sed
1555 1114 1649 1153 corum
1668 1098 1752 1153 bodie

957 1194 1047 1248 locum
1058 1182 1159 1259 tenent,
1175 1191 1274 1262 quibus
1287 1189 1394 1245 dixisti:
1420 1190 1450 1245 Si
1464 1188 1583 1258 diligitis
1597 1203 1651 1253 me,
1667 1202 1752 1242 mort-

957 1282 1025 1337 5515
1034 1298 1096 1338 mco
1106 1284 1215 1338 servate
1224 1281 1317 1351 (1555.
1328 1294 1387 1344 xrv,
1400 1279 1455 1346 15).
1466 1277 1597 1332 Comitem
1606 1275 1751 1330 Radullum

956 1381 982 1426 et
1012 1385 1125 1424 uxorem
1152 1369 1213 1437 ejus
1239 1369 1314 1423 Deus
1335 1369 1512 1437 conjunxerat
1540 1380 1589 1445 per
1613 1362 1753 1419 ministros

957 1456 1095 1526 Ecclesiae,
1106 1464 1132 1511 ct
1148 1454 1266 1512 Ecclesia
1279 1470 1327 1523 per
1338 1453 1434 1525 Deum,
1446 1453 1491 1520 qui
1504 1452 1579 1508 dedit
1591 1457 1751 1522 potestatem

957 1545 1036 1601 talem
1051 1544 1214 1601 bominibus.
1225 1543 1369 1613 Quomodo
1383 1556 1451 1613 quos
1464 1540 1585 1595 Ecclesia
1598 1540 1751 1608 conjunxit,

916 1593 1083 1704 Bdisjuorit
1107 1632 1232 1688 canterat
1256 1631 1285 1685 ln
1304 1646 1358 1703 quo
1387 1628 1456 1700 farto
1470 1628 1536 1682 illud
1548 1626 1636 1683 solum
1650 1642 1754 1682 conve-

954 1723 1059 1779 nienter
1085 1721 1222 1791 provisum
1251 1728 1302 1786 est,
1322 1718 1395 1791 quod
1423 1718 1449 1772 15
1469 1716 1588 1772 tenebris
1607 1715 1757 1772 factasunt

953 1825 1035 1883 opera
1045 1809 1228 1866 tenebrarum.
1240 1806 1293 1876 Qui
1311 1806 1382 1862 enim
1397 1806 1468 1860 male
1491 1804 1557 1877 agit,
1577 1803 1634 1859 odit
1653 1803 1754 1868 lucem,

953 1908 981 1958 ct
995 1913 1049 1955 uon
1064 1898 1136 1956 veuit
1150 1898 1184 1955 ad
1198 1897 1296 1960 lucem,
1312 1901 1407 1950 utnon
1431 1900 1579 1964 arguantur
1596 1906 1679 1960 opera
1693 1892 1756 1960 ejus

953 1988 1053 2044 aluce.
1073 1985 1145 2056 Quid
1163 1983 1261 2040 meruit
1280 1998 1371 2040 comes
1390 1977 1590 2037 Tbeobaldus‘t
1605 1978 1670 2051 quid
1690 1994 1755 2049 pec-

954 2076 1023 2133 cavit
1032 2075 1111 2130 bomo
1121 2072 1167 2128 illc
1179 2074 1193 2128 5
1209 2071 1238 2128 Si
1248 2078 1384 2143 peccatum
1393 2076 1434 2126 est
1446 2069 1518 2141 quod
1529 2067 1615 2140 diligit
1621 2066 1754 2136 justitiam

954 2176 981 2222 et
995 2165 1052 2220 odit
1066 2161 1243 2235 iniquitatem,
1259 2175 1313 2215 uon
1331 2165 1420 2231 potest
1433 2156 1563 2213 excusari.
1576 2156 1605 2211 si
1616 2161 1754 2226 peccatum

954 2263 995 2310 est
1020 2252 1092 2325 quod
1117 2248 1235 2306 reddidit
1257 2250 1322 2323 Regi
1351 2264 1413 2322 quta
1444 2247 1516 2322 regis
1541 2253 1613 2311 suut,
1643 2252 1755 2315 atquae

954 2335 1492 2410 55515511555555555555555ιί.ὃί
1506 2333 1754 2404 archiespiscopum

954 2429 1150 2486 bituricensem
1176 2427 1299 2497 suscepit
1321 2426 1354 2482 ad
1384 2424 1528 2497 imperium
1548 2431 1677 2487 restrum,
1702 2423 1757 2476 boo

102 2511 295 2582 portunitatem
320 2526 374 2567 non
398 2527 518 2568 excuso:
550 2512 611 2582 ipsa
639 2513 760 2568 inveniat
784 2513 900 2579 reniam,
955 2515 1155 2573 estmnnimum
1171 2514 1329 2586 caprimum
1349 2520 1488 2584 peceatum
1516 2509 1600 2581 (561).
1618 2509 1658 2564 Eu
1686 2523 1749 2562 sau·

101 2608 200 2656 caetera
214 2616 269 2655 uon
285 2600 420 2657 timemus.
446 2601 556 2657 Amicus
571 2608 611 2657 est
630 2602 759 2658 dominus
773 2601 903 2658 Autissio·
956 2605 1018 2676 gnis
1032 2606 1083 2661 isle
1098 2605 1132 2659 de
1152 2620 1231 2658 mauu
1257 2604 1317 2673 ejus
1335 2597 1503 2674 exquiriturl
1520 2598 1570 2668 Qui
1601 2597 1751 2655 retribuunt

101 2690 224 2746 dorensis
239 2688 383 2760 episcopus
406 2688 482 2755 (558)
503 2699 530 2742 et
553 2690 730 2761 praecipuus3
761 2689 823 2759 quis
851 2707 902 2745 ne-
957 2695 1026 2749 mala
1055 2707 1104 2764 pro
1125 2691 1212 2760 bonis,
1240 2691 1380 2747 detrahant
1407 2689 1443 2756 ei,
1472 2688 1598 2760 quoniam
1631 2683 1750 2756 sequitur

101 2775 196 2833 sciat?
219 2777 306 2832 Habet
319 2793 399 2849 qnam
421 2777 602 2831 communicet
626 2777 712 2831 amico
729 2775 900 2843 anxietatem,
958 2783 1117 2838 nouitatem.
1135 2780 1209 2836 Multi
1228 2782 1343 2837 clamant
1362 2781 1393 2834 ad
1415 2793 1464 2835 vos
1479 2779 1505 2833 15
1520 2784 1576 2833 toto
1593 2774 1674 2832 corde
1687 2790 1747 2839 suo,

101 2879 156 2918 uon
172 2863 327 2919 falsitatem.
344 2863 462 2918 Fidelem
478 2877 528 2933 pro
542 2864 643 2917 decano
658 2863 744 2933 ipsius
763 2863 903 2920 atterimus
918 2867 939 2944 c
954 2885 981 2925 ιιι
993 2871 1117 2939 injuriam
1127 2868 1266 2926 filiirestri
1277 2877 1303 2925 et
1312 2866 1515 2940 oppressionem
1527 2864 1658 2920 Ecclesia
1669 2862 1750 2938 digua

101 2953 314 3020 5555555555,
331 2951 530 3009 absolutionem
545 2951 691 3023 exigimus.
720 2952 780 3008 Filii
806 2969 899 3008 surius
955 2957 1189 3014 aninanversione
1203 2956 1354 3021 vindiceris,
1371 2964 1397 3010 et
1416 2953 1534 3009 artifices
1545 2954 1627 3021 hujus
1640 2950 1752 3008 sceleris

101 3041 182 3097 unius
198 3042 374 3114 patris(quod
393 3041 470 3094 solita
487 3041 695 3111 presumptione
723 3042 831 3115 loquor)
854 3043 899 3114 qui
952 3063 1014 3104 cnm
1027 3046 1088 3117 ipso
1103 3061 1198 3103 eorum
1220 3044 1317 3116 capite,
1337 3045 1379 3100 cui
1407 3042 1538 3115 quioquid
1562 3041 1648 3110 libuit,
1665 3037 1751 3103 licuit,

100 3131 166 3185 estis
180 3128 412 3186 vos.Coniidirnus
427 3126 489 3199 quia
505 3143 559 3183 uon
575 3128 686 3199 repellet
707 3127 776 3184 lilios
801 3138 897 3201 pater,
953 3133 1208 3208 apostolicorigore
1224 3132 1384 3196 coerceatis,
1408 3141 1436 3185 ut
1455 3132 1482 3185 iu
1513 3129 1649 3186 Verticem
1663 3127 1753 3199 ipsius

102 3220 149 3276 sed
162 3219 327 3275 voluntatem
343 3218 495 3273 timentium
506 3234 535 3274 se
551 3217 637 3283 faciet,
649 3220 898 3290 etdeprecationem

102 3324 196 3364 eorum
206 3307 376 3375 exaudiet‚et
391 3307 465 3362 laetos
479 3307 557 3363 faciet
568 3307 627 3364 illos
638 3309 727 3377 (Paul,
737 3326 830 3375 cxciv,
841 3311 897 3380 15).

259 3394 353 3452 200
367 3394 534 3452 EPISTOLA
547 3396 653 3451 CCXVI
668 3397 754 3467 (559).

417 3498 454 3538 au
469 3498 594 3538 eunucu.

104 3556 239 3611 Comitem
252 3552 417 3624 liudulfum,
428 3555 477 3626 qni
483 3555 632 3627 repudiata
644 3572 733 3612 acore
743 3574 796 3613 sno
809 3559 899 3613 oliam

137 3624 270 3692 duxerat,
286 3628 422 3696 patronos
436 3628 467 3681 in
482 3627 566 3680 cnrio
581 3628 704 3698 reperire
719 3631 861 3700 queritur.

137 3714 273 3784 Scriptum
283 3722 337 3769 est:
353 3714 430 3783 Quod
442 3716 514 3770 Deus
525 3718 686 3787 conjunxit,
700 3717 779 3774 bomo
790 3734 848 3775 non
856 3731 898 3773 sc·

103 3802 835 3877 ραν51(115111ι.5556),5555555551νίιί5555555551
845 3821 898 3860 555

140 3919 247 3990 tddblln
254 3918 667 3989 plerisquernanuscriptisdcest
676 3919 778 3974 Nicolai
789 3935 897 3983 nomen,

104 3990 247 4061 nequidem
264 3988 346 4058 prima
363 3988 451 4044 littera
473 3991 507 4043 de
536 4005 611 4046 more
641 3990 822 4062 designatum.
857 3990 898 4044 Ex

103 4072 218 4130 (quatuor
232 4060 396 4115 Colbertinis
416 4077 486 4114 uirus
502 4069 602 4115 tantum
627 4062 709 4117 codor
726 4062 751 4115 in
775 4060 898 4135 margine

102 4133 317 4200 babet,Nicoloo
338 4131 381 4185 cui
397 4146 461 4184 sane
486 4133 542 4186 baec
567 4139 639 4186 recle
663 4134 835 4197 corrteoiunt,
851 4134 897 4186 sed

951 3223 1079 3298 iniquitas
1093 3226 1152 3294 eius
1165 3222 1305 3279 desendet.

1147 3326 1315 3385 aristosa
1334 3323 1452 3380 coxvrr
1466 3323 1552 3395 (aaa).

956 3488 1138 3548 theobaldum
1151 3428 1566 3566 555551515ὶίξὲἰῖἳά5155115
1575 3496 1639 3562 erpo
1650 3477 1752 3535 Sedens

986 3559 1179 3645 apostolicum,
1188 3560 1282 3684 premi
1296 3560 1443 3638 queratur:
1458 3553 1505 3636 sed
1519 3552 1554 3607 od
1569 3567 1669 3633 totquc
1684 3566 1752 3620 pro·

987 3646 1071 3687 masso
1087 3645 1187 3705 compo
1201 3645 1265 3685 snm
1280 3644 1331 3700 opo
1350 3627 1498 3696 Pontifices
1513 3622 1642 3695 expediri
1657 3625 1750 3690 roput.

986 3717 1134 3775 l'ribulatio
1153 3728 1182 3774 et
1200 3717 1327 3791 angustia
1340 3717 1502 3773 invenerunt
1528 3726 1588 3767 nos.
1610 3709 1752 3763 Commota

951 3816 993 3864 est
1025 3814 1051 3863 et
1066 3805 1230 3864 contremuit
1246 3813 1320 3861 terra
1343 3805 1371 3859 iu
1397 3802 1528 3860 mortibus
1550 3798 1698 3865 bominum,
1723 3796 1752 3852 iu

951 3924 1024 3979 nium
1033 3922 1086 3979 sibi
1097 3923 1216 3996 copulari
1232 3935 1386 3992 germanam
1399 3918 1536 3974 Alienorae
1550 3914 1650 3995 reginae
1658 3912 1751 3994 'Fran-

952 4010 1056 4058 corum,
1073 3994 1181 4049 nomine
1188 3991 1370 4054 Petronillam,
1381 4003 1494 4044 uxorem
1504 4001 1580 4065 suam
1592 3986 1748 4055 legrlrmam,

952 4081 1013 4136 quoe
1029 4066 1175 4120 Theobaldi
1189 4061 1340 4132 Campaniae
1368 4058 1474 4115 comitis
1498 4064 1586 4125 neptis
1601 4061 1669 4121 erat,
1682 4068 1752 4133 cou-

952 4135 1141 4207 saoguinitntis
1167 4135 1258 4206 specie
1277 4129 1436 4201 repudiavit,
1462 4128 1640 4199 probantibus
1665 4124 1752 4179 tribus

103 4203 216 4259 interest
239 4203 267 4254 in
297 4201 338 4254 bis
353 4216 463 4255 monere
487 4201 622 4258 lectorem.
643 4204 830 4258 cameracensi
851 4218 896 4257 cc·
953 4206 1090 4277 episcopis
1108 4222 1189 4276 supra
1205 4204 1291 4260 dictis.
1309 4200 1463 4255 Delatabac
1477 4199 1510 4252 de
1531 4214 1561 4250 re
1581 4194 1752 4268 querimonia

103 4273 191 4328 clesiae
208 4271 694 4338 5551511111151555555555114655
707 4291 805 4330 annum
819 4276 897 4330 1167.
917 4248 939 4327 n

139 4345 213 4408 (556)
224 4341 330 4419 Vulgati
348 4342 461 4407 addunt,
479 4343 577 4398 Montis
592 4344 898 4410 Srtmrtr'-ltlnrlini,'sed

103 4413 162 4466 brec
184 4411 268 4464 verba
286 4427 312 4463 ro
339 4411 451 4482 Scriptis
474 4413 600 4468 omnibns
624 4415 819 4481 desiderantur,
843 4416 898 4468 imo

103 4483 185 4537 etiam
197 4481 223 4534 in
240 4482 377 4536 nonnullis
406 4481 597 4549 senescalcus,
619 4484 678 4538 aliis
699 4487 728 4542 G.
744 4488 831 4543 littera
851 4500 898 4540 ex·

103 4569 222 4614 pressus.
239 4553 273 4606 Et
288 4554 331 4606 bic
346 4561 434 4607 tamon
449 4555 532 4608 abbas
546 4555 595 4609 luit
611 4556 708 4611 Montis
719 4556 898 4612 salicti-biar-

103 4625 151 4679 tmi
173 4624 244 4694 apud
258 4624 410 4690 Atrebates,
426 4623 535 4680 Ordinis
558 4627 898 4695 Prasmonstratensis,lnu·

102 4696 184 4750 datos
199 4696 226 4748 15
241 4694 355 4762 epistola
370 4698 431 4758 555,
448 4711 476 4750 n.
493 4697 527 4762 5;
544 4706 637 4767 postea
653 4697 796 4769 episcopus
822 4699 898 4752 555-

102 4768 230 4831 batensis,
245 4766 271 4819 io
293 4767 478 4836 epistolares.

138 4838 214 4909 (ast)
225 4838 331 4918 Scripta
341 4838 413 4893 circa
423 4839 550 4893 cumdem
565 4856 674 4894 annunt.

139 4911 198 4977 (558
227 4909 337 4964 Scilicet
349 4910 438 4981 Hugo.

139 4982 202 5047 (555
228 4979 334 5050 Scripta
348 4996 419 5034 anno
449 4980 546 5035 Cbristi
564 4983 644 5035 itte.

140 5050 216 5117 (566)
233 5051 279 5103 1115
294 5052 376 5104 notati
396 5051 526 5121 episcopi,
550 5051 596 5123 qui
616 5050 721 5106 iladnlli
748 5051 899 5104 veroman-

104 5121 220 5175 duorum
235 5120 341 5175 comiris
359 5121 501 5177 divortium
518 5122 676 5192 probarunt,
693 5137 790 5192 nempe
806 5122 899 5177 Simon

104 5190 283 5247 Tornaconsis
292 5192 352 5260 ejus
367 5191 458 5257 irater,
474 5193 686 5247 bartholomaeus
699 5191 898 5257 Laudunensis‚

105 5270 130 5316 et
159 5263 251 5317 Petrus
287 5262 504 5320 silvanectensis.
527 5265 634 5320 Factum
660 5272 785 5319 accurate
810 5270 901 5318 narrat

105 5333 285 5388 Herimanmrs
307 5334 452 5391 monachus
475 5335 655 5391 Tornncensis
670 5341 714 5388 551
727 5335 787 5405 ojus
810 5335 899 5390 conti-

106 5411 204 5484 nuator
217 5405 244 5457 in
258 5403 396 5484 Spicilogii
425 5419 497 5460 tomo
517 5407 579 5469 Xll,
595 5422 657 5478 pag.
674 5408 735 5470 teo,
751 5422 783 5460 cx
804 5421 858 5477 quo
875 5407 900 5460 id

107 5489 202 5547 paucas
216 5488 313 5544 accipe.
330 5476 459 5533 Radulius
477 5492 568 5535 comes
591 5478 686 5533 voleus
704 5477 732 5532 iu
760 5476 900 5535 matrimo-

954 4285 996 4334 cst
1021 4275 1191 4334 ›ercomitrm
1211 4271 1393 4329 Theobaldum
1410 4269 1625 4350 Bnrgundiomm
1640 4267 1750 4390 princi·-

987 4365 1012 4402 m
1025 4347 1146 4402 adaures
1156 4343 1298 4414 Papae‚qui
1313 4340 1438 4397 comitem
1450 4340 1557 4394 555515
1576 4347 1638 4393 auat
1657 4346 1753 4391 emaus

962 4418 1057 4489 igavit,
1080 4428 1106 4472 et
1126 4417 1268 4488 episcopos
1282 4413 1315 4467 ab
1338 4411 1429 4467 otlicic
1444 4426 1491 4482 par
1510 4409 1618 4480 aliquod
1644 4415 1752 4486 tempus

952 4485 1102 4559 suspendit.
1118 4486 1217 4541 Confer
1230 4483 1412 4557 Appendicem
1427 4480 1559 4553 Sigeberti
1576 4489 1604 4534 et
1624 4478 1753 4549 epistolas

951 4575 981 4615 se
1002 4564 1105 4612 nentes.

982 4577 1049 4695 iton
1063 4628 1096 4682 Et
1110 4628 1168 4682 brec
1182 4641 1280 4698 magna
1295 4626 1321 4680 15
1337 4623 1520 4681 Theobaldum
1541 4621 1644 4678 invidia.
1655 4634 1753 4700 causa,

952 4701 985 4755 de
1004 4714 1056 4771 qua
1075 4699 1113 4754 ita
1129 4697 1307 4752 llerimannus
1321 4712 1382 4752 mox
1394 4697 1532 4750 landatus:
1553 4714 1565 4744 5
1584 4694 1656 4763 Papa
1669 4689 1752 4743 5155-

951 4786 1012 4826 cum
1031 4769 1183 4841 quemdam,
1204 4775 1349 4843 cognatum
1371 4764 1525 4823 cancellarii
1541 4764 1593 4829 sui,
1611 4776 1750 4816 «nomme

951 4842 1071 4906 Petrum,
1089 4863 1100 4891 a
1117 4838 1751 4913 inbituricensemarchiepiscopumconsecra·

951 4914 1002 4969 vil:
1021 4916 1091 4984 quod
1117 4914 1180 4981 quia
1195 4927 1241 4966 rex
1268 4910 1417 4966 concedere
1440 4908 1535 4972 noluit,
1553 4905 1751 4961 christianitate

952 4986 1070 5054 pritatus
1092 4991 1142 5037 ost.
1162 5005 1172 5030 5
1190 4983 1216 5037 15
1236 4982 1348 5052 contigit
1368 4995 1438 5034 anno
1456 4980 1535 5043 llll,
1552 4985 1613 5046 post
1636 4981 1751 5055 mortem

952 5054 1072 5110 alberici
1093 5053 1294 5125 archiepiscopi.
1319 5053 1420 5106 Caetera
1444 5050 1558 5116 accipies
1577 5063 1610 5103 err
1624 5052 1697 5100 notrs
1715 5044 1751 5096 ad

953 5141 968 5181 5
989 5125 1095 5180 istolam
1109 5126 1171 5193 ets,
1196 5123 1242 5178 nbi
1260 5123 1455 5183 Tbeobaldum
1483 5122 1554 5192 qood
1578 5120 1688 5172 Petrum
1707 5129 1753 5168 ar-

953 5142 1012 5251 ciis
1032 5196 1154 5266 iscnpnm
1165 5195 1326 5258 admisisset,
1337 5192 1433 5247 malea
1448 5207 1513 5266 rege
1528 5189 1647 5246 habiturn
1662 5187 1687 5241 15
1726 5201 1750 5240 s.

954 5213 1200 5392 Coqissrcpiisstzolam
1212 5269 1264 5321 519
1279 5276 1306 5322 et
1325 5264 1422 5320 librum
1435 5273 1560 5335 quartum
1569 5262 1604 5316 de
1618 5259 1680 5318 Vita
1688 5200 1755 5313 ffer-

954 5354 1001 5393 nar
1022 5355 1041 5403 r,
1058 5355 1086 5397 5.
1139 5379 1145 5392 .

989 5409 1174 5481 (565)5551515
1192 5424 1264 5465 anno
1279 5406 1378 5464 Cbristi
1398 5407 1476 5460 ttta.
