3728 5940
99 179 153 240 aas
218 136 222 149 ’
569 174 596 232 s
617 172 783 233 sonutam
801 172 938 233 murus
960 173 1276 235 unaue-timenus
1696 179 1748 240 295

101 315 142 363 est
155 303 227 378 quod
239 302 311 359 dico.
331 300 451 356 Ecclesia
465 298 558 356 Sancti
578 297 707 373 Gengulli
728 300 802 369 (388)
832 316 893 374 gra·
909 314 933 394 fl
947 301 1057 358 Factum
1071 311 1112 359 est
1133 309 1222 358 autem
1242 301 1482 373 percontrarium,
1500 311 1529 357 ut
1549 306 1677 376 gratiam,
1702 309 1749 380 qui

100 394 169 452 viter
184 393 349 464 injusteque,
365 399 396 442 ut
408 386 515 453 dieitur,
528 386 554 441 in
570 387 614 442 illa
629 387 737 443 civitate
764 387 894 459 opprimi·
948 390 1141 458 offenderunt3
1171 400 1200 446 et
1227 390 1274 461 qui
1296 391 1457 457 servierunt,
1481 391 1549 447 iram
1570 405 1748 452 mererentur.

101 492 164 541 tur:
193 489 220 537 et
244 480 317 535 aiunt
330 485 425 533 restrae
451 476 600 548 prudentiae
625 477 719 532 nescio
734 493 784 547 qua
800 477 895 533 hande
949 477 1000 534 Sed
1014 495 1061 535 vos
1076 477 1197 534 fortassis
1211 478 1300 534 adhuc
1313 478 1365 535 ista
1372 480 1541 550 nesciebatis,
1552 480 1668 553 Oportet
1685 500 1751 558 ergo

101 574 268 641 subreptum,
286 565 440 622 utdomino
454 582 542 639 pape,
559 581 608 636 per
635 564 771 635 justitiam
794 565 894 621 subve·
949 583 1021 623 nunc
1048 569 1157 639 quando
1170 583 1214 623 res
1240 568 1460 637 estnotavobis,
1484 569 1539 624 imo
1567 577 1596 626 et
1622 571 1703 629 decet
1725 582 1754 631 et

102 663 160 717 nire
187 657 301 730 paranti,
325 666 423 712 vestrae
451 656 602 711 interventu
630 654 719 727 precis
739 654 895 710 obviaretis.
950 656 1066 728 expedit,
1084 663 1186 712 mutare
1204 671 1253 711 vos
1269 664 1295 711 et
1308 658 1420 715 verbum
1440 664 1467 713 et
1496 660 1629 715 animum:
1645 670 1675 717 ut
1699 663 1753 719 viri

102 749 223 804 Obsecro
238 755 266 800 et
279 744 390 800 consulo
405 743 556 800 consultius
578 742 630 817 agi,
650 742 757 799 noxiam
780 743 897 801 revocari
950 745 1034 817 regiis
1053 744 1139 815 magis
1156 742 1294 801 latoribus
1321 752 1349 800 et
1364 745 1524 802 muneribus
1548 748 1713 817 honorandi,
1737 766 1753 806 a

16 840 20 846 “
101 851 221 909 precem,
237 833 295 889 dari
309 834 396 889 l⁰⁰¹¹¹¹¹
409 831 531 913 iusliliae»
551 841 693 904 ”niellam
712 833 825 889 ²⁰⁰¹0⁵i³
853 832 897 887 illl
950 853 1040 925 vestra
1065 851 1140 915 parte
1162 842 1197 898 de
1220 851 1318 899 caetero
1341 843 1452 899 audiant
1466 853 1493 900 et
1514 846 1646 916 recipiant
1669 859 1753 917 prout

102 925 221 982 funditus
235 923 399 979 destruatur.
416 923 522 992 Pauper
538 939 598 977 sum
613 938 686 996 ego:
708 921 795 977 [idelis
809 931 899 978 tamen
952 932 1041 989 meriti
1064 939 1136 988 sunt,
1156 932 1324 1003 0quantum
1343 948 1467 988 meruere
1487 933 1589 1005 Pisani,
1619 945 1754 1007 quantum

101 1024 201 1082 ιθδῑθΐ,
229 1022 256 1067 θῑ
274 1011 297 1066 ⁸³
323 1010 418 1066 Vide&
432 1011 611 1084 iml20s²¹¹¹11¹⁸2
632 1010 753 1066 f⁰l²³⁸⁸i⁸
767 1010 830 1067 inde
843 1021 895 1066 ⁰⁸¹·
953 1031 1041 1086 adhuc
1050 1029 1148 1085 mereri
1164 1028 1298 1099 possunt!
1315 1030 1363 1085 Sat
1377 1037 1419 1086 est
1432 1029 1532 1086 dictum
1546 1032 1670 1103 sapienti.

101 1104 244 1160 Dominam
263 1099 457 1172 imperatricem
471 1100 498 1154 in
520 1100 619 1156 Christi
646 1099 777 1156 charitate
795 1099 898 1172 oppido

102 1193 257 1248 salutemus.

321 1295 490 1352 ertsrom
509 1295 579 1351 ext
598 1294 683 1366 (aas).

411 1397 447 1440 AD
460 1400 588 1442 EUNDEH.

138 1478 255 1533 Ρίιαιιοι
277 1475 419 1547 pontificis
447 1475 583 1530 studiosos
603 1475 679 1547 apud
693 1475 857 1532 lotharium

405 1545 593 1601 commendet.

1230 1118 1401 1175 uetstuth
1419 1118 1502 1176 cxut

982 1221 1020 1261 sn
1034 1220 1209 1262 ιιιιιιιιιιιτιιιι
1232 1219 1364 1264 musaeu
1383 1222 1576 1265 tociacenses
1593 1209 1679 1282 (387).

953 1295 1081 1353 Graviter
1097 1313 1163 1354 eum
1190 1297 1367 1369 perstringit,
1391 1296 1422 1352 ob
1447 1314 1552 1354 manus
1574 1300 1754 1372 pretatione

1088 1368 1253 1424 inconsulto
1272 1383 1305 1423 ac
1326 1372 1432 1426 temere
1451 1368 1612 1426 dimissum.

987 1462 1013 1510 l.
1046 1458 1142 1512 Pareat
1175 1456 1221 1511 tibi
1239 1456 1413 1526 omnipotens
1442 1459 1528 1514 Deus:
1553 1458 1619 1529 quid
1642 1461 1754 1517 voluisti

954 1541 1064 1602 lacere?
1091 1545 1159 1614 Quis
1181 1555 1205 1600 te
1234 1544 1357 1599 crederet
1384 1546 1418 1601 ad
1447 1553 1549 1602 tantum
1577 1561 1755 1620 prorumpere

138 1635 221 1690 lliror
235 1635 315 1704 cujus
323 1633 452 1690 instinctu
464 1634 506 1690 vel
518 1633 632 1690 consilio
642 1633 786 1706 vigilantiae
798 1644 896 1691 vestrae
912 1593 935 1672 Β
949 1634 1060 1700 malum,
1082 1633 1219 1691 hominem
1235 1635 1315 1690 tantis
1328 1634 1472 1705 preditum
1487 1634 1585 1692 bonis?
1608 1635 1755 1704 Quomodo

103 1722 206 1793 subripi
230 1723 358 1794 potnerit,
391 1730 420 1777 ut
448 1722 584 1788 homines,
604 1721 680 1794 digni
703 1729 775 1778 certe
797 1721 897 1793 duplici
952 1723 1038 1791 potuit
1057 1723 1137 1779 arbor
1152 1722 1224 1780 bona
1240 1723 1387 1795 pessimum
1409 1725 1482 1781 hunc
1497 1742 1530 1782 ex
1550 1727 1753 1797 seproducere,

103 1811 207 1866 honore
220 1818 248 1865 et
260 1809 500 1882 gratia,contraria
514 1827 530 1864 a
544 1810 622 1865 vobis
636 1810 770 1866 audirent.
786 1809 899 1866 Pisanos
950 1809 1092 1868 fructum?
1107 1809 1130 1868 Ο
1145 1826 1225 1882 quam
1249 1811 1379 1867 terribilis
1404 1813 1475 1868 Deus
1494 1813 1523 1868 in
1547 1814 1657 1885 judiciis
1671 1832 1755 1888 super

103 1897 175 1962 dieo,
190 1898 236 1967 qui
257 1897 334 1964 primi
347 1906 372 1953 et
386 1897 437 1952 soli
459 1896 564 1953 interim
584 1898 674 1954 adhue
686 1899 897 1955 erexerevexil-
951 1898 1344 1957 filioshominumiNonmiror
1357 1900 1428 1972 quod
1443 1900 1647 1960 diabolusistud
1657 1904 1753 1976 potuit,

104 1984 161 2039 lum
177 1982 259 2040 146
277 1985 407 2041 adversus
420 1984 572 2040 invasorem
592 1986 696 2058 imperii
710 1986 795 2058 (386).
812 1985 899 2054 Quam
951 1989 999 2045 sed
1014 1988 1085 2059 quod
1109 1989 1185 2045 Deus
1208 1989 1345 2062 permisit,
1360 1989 1461 2062 quippe
1480 1991 1525 2047 cui
1542 1992 1599 2060 jam
1626 2001 1663 2049 tot
1676 1992 1754 2047 aunis

104 2073 205 2146 justius
232 2072 258 2127 in
277 2087 325 2128 eos
351 2072 425 2145 regia
453 2072 636 2130 incanduisset
663 2074 821 2148 indignatio,
854 2073 900 2145 qui
953 2094 1032 2149 pure,
1049 2078 1119 2133 sicut
1134 2077 1283 2148 credimus,
1298 2081 1327 2136 et
1340 2080 1436 2136 devote
1446 2079 1573 2140 serviisti.
1588 2079 1659 2149 Quid
1674 2079 1756 2137 faciet

14 2192 18 2200 ·
104 2162 234 2234 populum
266 2171 405 2218 strenuum
428 2170 457 2218 et
487 2163 613 2219 devotum
640 2180 798 2236 quacunque
821 2178 900 2220 occa·
953 2168 986 2222 de
1002 2184 1055 2237 me,
1071 2168 1161 2238 utique
1177 2167 1256 2239 pigro
1270 2173 1297 2222 et
1311 2167 1459 2243 negligenti
1474 2184 1563 2237 servo,
1583 2168 1630 2239 qui
1649 2168 1754 2225 fidelem

105 2250 181 2307 sione
193 2249 333 2308 offendere
348 2251 489 2318 ausisset,
508 2267 541 2307 eo
551 2251 687 2324 praecipue
702 2260 833 2324 ternpore,
844 2268 899 2325 quo
954 2254 1084 2310 famulum
1099 2270 1177 2310 suurn
1192 2255 1231 2311 sic
1245 2255 1287 2312 vel
1301 2255 1336 2310 ad
1351 2263 1457 2329 tempus
1472 2256 1581 2312 tradidit
1593 2257 1622 2312 in
1637 2256 1756 2312 animam

104 2341 217 2398 accincti
231 2341 260 2396 in
274 2339 367 2396 multis
382 2339 501 2397 millibus
523 2340 579 2397 suis
599 2341 718 2431 euierant
742 2357 900 2416 oppugnare
955 2344 1215 2415 inimieorumejus‘l
1242 2342 1445 2416 Quidquam,
1474 2343 1592 2411 muenia,
1619 2344 1673 2402 imo
1688 2344 1757 2417 quid

105 2435 259 2501 tyrannum,
280 2429 374 2487 ulcisci
389 2428 517 2501 injuriam
531 2430 633 2485 domini
648 2430 702 2495 sui,
723 2438 750 2485 et
771 2430 902 2503 imperia·
955 2448 1011 2489 non
1030 2431 1177 2504 impietatis
1190 2432 1271 2488 babet
1290 2434 1347 2488 haeo
1365 2431 1430 2506 iuga
1445 2443 1500 2499 tua,
1520 2433 1553 2489 de
1569 2449 1622 2505 qua
1641 2432 1690 2488 lilii
1713 2434 1756 2489 la·

104 2518 156 2577 lem
175 2519 315 2577 defensare
329 2521 481 2578 coronam?
505 2519 539 2575 Ut
560 2521 632 2576 enirn
660 2521 902 2591 congruentissime

106 2609 244 2683 assignem
267 2608 332 2666 huic
360 2609 435 2683 genti
460 2607 531 2678 quod
554 2608 619 2665 olim
636 2609 671 2664 de
699 2619 790 2666 sancto
817 2609 902 2667 Dauid

106 2699 264 2768 dicebatur;
279 2713 415 2771 quasnam,
435 2712 538 2769 quaeso,
553 2696 581 2751 in
597 2697 723 2753 omnibus
737 2696 900 2770 civilatibus,

956 2530 1032 2596 gent,
1060 2521 1208 2578 adversarii
1230 2521 1337 2578 ridenti
1357 2521 1440 2579 Miror
1458 2522 1531 2595 quod
1549 2530 1575 2578 te
1590 2537 1644 2579 nou
1660 2522 1757 2578 terruit

956 2607 1070 2664 hmoldi
1097 2607 1201 2664 abbatis
1229 2607 1305 2680 (388)
1344 2609 1511 2681 exemplum:
1549 2611 1628 2681 eujus
1659 2607 1756 2665 similis

957 2696 1132 2768 presumptio
1146 2696 1240 2771 (ligno¹
1254 2696 1304 2752 sed
1319 2699 1443 2768 pavendo
1454 2697 1517 2767 fine,
1534 2706 1563 2754 ut
1576 2698 1645 2755 bena
1662 2697 1758 2754 memi.

106 2787 177 2853 sicut
204 2787 274 2857 Pisa,
312 2785 409 2855 fidelis,
442 2786 596 2858 egrediens,
616 2794 644 2842 et
679 2786 846 2858 regrediens,
875 2794 902 2842 et
955 2784 1028 2850 nisti,
1044 2786 1071 2840 in
1089 2784 1165 2841 brevi
1180 2793 1220 2842 est
1235 2784 1380 2842 vindicata.
1398 2787 1431 2841 Et
1444 2785 1555 2856 quidem
1569 2786 1616 2841 ille
1630 2786 1756 2857 qualem·

107 2891 225 2948 pergens
244 2875 277 2930 ad
292 2875 435 2947 imperium
447 2874 539 2946 regis?
551 2876 628 2946 (lleq.
644 2890 715 2945 xxrr,
733 2877 789 2944 tt.)
807 2877 904 2933 Nonne
920 2875 1072 2954 conoque,
1088 2881 1117 2930 ut
1133 2876 1202 2930 bene
1217 2875 1277 2931 novi
1289 2890 1352 2947 ego,
1365 2875 1458 2931 habuit
1468 2889 1588 2942 eausam,
1600 2882 1627 2931 tu
1640 2875 1755 2931 nullam.

106 2964 137 3020 hi
155 2973 226 3034 sunt,
242 2964 287 3037 qui
301 2981 386 3035 nuper
400 2963 475 3037 regni
489 2963 563 3018 illurn
579 2963 689 3020 unicum
702 2980 734 3020 ac
747 2964 905 3036 potentissi-
956 2964 1094 3036 Numquid
1112 2963 1186 3020 enim
1199 2971 1246 3019 aut
1261 2964 1384 3019 monachi
1402 2964 1456 3019 tuis
1477 2973 1551 3019 erant
1568 2963 1757 3020 inobedientes

106 3071 179 3111 mum
220 3054 327 3109 hostem
381 3052 415 3107 ab
460 3051 600 3108 obsidione
644 3053 774 3123 Neapolis
829 3053 905 3126 luga·
957 3051 1088 3122 imperiis,
1103 3060 1151 3109 aut
1163 3053 1285 3109 conversi
1300 3067 1400 3126 segnes
1415 3051 1443 3106 iu
1458 3050 1599 3122 operibus,
1616 3058 1662 3105 aut
1672 3050 1756 3107 vieini

105 3150 200 3201 verunt
210 3144 329 3199 iNonne
343 3140 370 3196 hi
382 3149 443 3198 sunt
457 3142 504 3214 qui
518 3141 609 3211 etiam,
620 3142 692 3213 quod
703 3158 774 3214 pene
786 3143 905 3199 incredi-
956 3141 1025 3198 forle
1051 3141 1100 3197 tibi
1124 3141 1212 3197 tuisve
1237 3142 1317 3197 rebus
1332 3139 1433 3209 infesti,
1449 3149 1497 3196 aut
1515 3147 1589 3194 certe
1609 3140 1714 3196 modica
1730 3146 1756 3195 et

106 3231 162 3288 bile
187 3231 370 3301 dictassem
392 3246 447 3287 uno
471 3232 572 3302 impetu
602 3245 653 3286 suo
675 3239 904 3304 expugnaverunt
955 3245 1009 3286 non
1020 3228 1158 3286 sufficiens
1171 3228 1321 3286 substantia
1330 3229 1434 3294 mundi,
1450 3236 1583 3299 quatenus
1598 3228 1755 3302 relinquere

106 3319 258 3385 hmalham,
274 3318 445 3375 ethebellem
462 3317 502 3393 [el
516 3319 673 3392 hivelluml,
688 3329 716 3376 et
730 3320 847 3386 Scalam,
863 3328 903 3375 at·
954 3318 1101 3389 cogereris,
1125 3331 1193 3388 quos
1215 3315 1257 3374 vel
1272 3331 1375 3388 regere,
1393 3317 1434 3373 vel
1460 3328 1575 3387 pascere
1590 3331 1647 3371 non
1674 3313 1754 3372 suili-

106 3424 160 3480 que
182 3407 347 3475 htturniam,
372 3407 494 3464 civitates
518 3408 610 3479 utique
633 3407 855 3479 opulentissimas
875 3416 903 3463 et
955 3406 1064 3462 ceres?

106 3496 310 3565 munitissimas,
330 3495 510 3568 otnnibusque
524 3496 570 3568 qui
586 3498 701 3553 antehac
725 3503 901 3563 tentavemnt,
991 3494 1057 3551 vide
1084 3508 1118 3550 ne
1145 3504 1172 3550 et
1189 3501 1215 3551 te
1239 3501 1333 3567 tangat
1354 3510 1405 3551 vox
1432 3494 1478 3550 illa
1499 3495 1565 3552 Dei:
1596 3495 1668 3563 Quia
1691 3494 1754 3554 odio

105 3586 237 3658 usquead
260 3586 312 3642 hoc
339 3592 458 3656 tempus,
485 3591 515 3639 ut
532 3585 616 3654 aiunt,
656 3583 902 3656 inexpugnabiles?
955 3583 1427 3658 babueruntmeqrntirllonoxv‚
1452 3583 1509 3657 ab).
1525 3584 1596 3649 Ouid
1610 3582 1748 3640 enimde-

106 3674 193 3746 Quam
206 3674 330 3748 dignum,
340 3690 420 3745 quam
436 3690 553 3746 aequum,
574 3689 653 3747 quam
675 3673 786 3745 plenum
801 3672 903 3729 ratione
955 3673 1015 3728 buit
1030 3673 1076 3728 tibi
1095 3673 1194 3741 iacere,
1211 3681 1240 3729 et
1257 3689 1313 3729 non
1334 3674 1419 3730 lecit?
1432 3672 1544 3730 Vineam
1559 3672 1606 3728 tibi
1620 3672 1755 3746 plantavit

106 3771 133 3820 et
145 3763 247 3835 justitia
261 3762 355 3836 luent,
379 3772 409 3819 ut
433 3761 554 3819 fidelium
580 3770 661 3828 terra,
675 3761 783 3818 interim
805 3761 901 3819 saltem
955 3764 1068 3819 electam
1084 3771 1111 3819 et
1125 3762 1361 3834 speciosissimam.
1377 3763 1476 3835 Sepem
1484 3763 1510 3820 ei
1521 3761 1699 3819 circumdedit
1709 3775 1755 3820 vo·

45 3853 55 3876 ⁸
106 3853 170 3909 dum
186 3855 245 3909 haec
259 3852 406 3918 actitarent,
423 3851 541 3908 ebomni
560 3852 638 3907 hoste
657 3865 753 3907 secura
768 3850 904 3908 consiste·
954 3853 1016 3911 tirae
1030 3852 1211 3921 continentiae,
1227 3854 1343 3911 torcular
1360 3851 1442 3908 m
1458 3851 1661 3908 districtissimae
1675 3849 1753 3906 disci·

107 3950 162 3998 ret:
193 3951 248 3996 tum
275 3957 325 4014 pro
357 3941 501 4014 prasentia
524 3940 622 3996 summi
649 3939 794 4012 pontilicis,
823 3956 902 4013 quem
956 3942 1037 4016 plinae
1056 3941 1165 3999 loditin
1187 3957 1229 4008 ea,
1244 3941 1269 3997 ei
1297 3939 1437 3997 aedificavit
1461 3948 1560 3999 sanctae
1583 3937 1753 4012 paupertatis

104 4029 262 4104 jamdudum
288 4030 409 4086 exsulem
437 4031 525 4085 Pisani
557 4029 629 4101 apud
653 4045 683 4084 se
708 4045 770 4085 cum
793 4044 900 4086 summo
955 4031 1061 4098 turrim,
1076 4030 1110 4086 ad
1135 4030 1221 4087 coelos
1248 4045 1332 4102 usque
1348 4029 1553 4105 pertingentem.
1570 4029 1609 4085 To
1623 4027 1753 4085 cultorem

107 4121 209 4177 honore
224 4121 370 4176 servabant
390 4126 417 4175 et
436 4127 564 4186 servant;
589 4127 644 4173 tum
659 4134 708 4191 pro
724 4119 835 4176 servitio
850 4118 902 4173 im·
957 4128 1040 4193 atque
1048 4119 1187 4176 custodem
1197 4118 1347 4189 constituit:
1365 4118 1516 4176 honestavit
1529 4125 1556 4174 te
1571 4117 1598 4173 in
1613 4115 1754 4175 laboribus

107 4208 249 4281 peratoris,
264 4223 314 4277 pro
329 4222 383 4279 quo
397 4214 423 4263 et
437 4207 488 4278 ipsi
503 4216 564 4263 tunc
577 4207 707 4278 temporis·
721 4205 902 4264 exsulabant?
921 4202 943 4280 ss
959 4206 1024 4274 tuis,
1034 4204 1316 4277 etcomplebitillos‚si
1326 4205 1524 4279 permississe
1534 4212 1573 4271 tu,
1582 4205 1651 4276 prob
1660 4201 1750 4262 nelasl

145 4355 220 4429 (388)
229 4357 270 4411 De
279 4354 307 4411 S.
325 4353 459 4425 Gengulic
474 4356 533 4412 aliis
552 4357 698 4429 Ganqelso,
709 4372 756 4413 seu
773 4357 906 4428 luepulsa
959 4359 1046 4422 batur,
1062 4362 1091 4409 ut
1108 4355 1190 4410 etiarn
1204 4372 1277 4412 nunc
1289 4355 1429 4412 advertere
1443 4363 1483 4413 est
1498 4356 1526 4412 in
1552 4356 1651 4413 Sancto
1668 4353 1752 4411 Exsu-

112 4432 147 4486 ita
165 4428 320 4500 sigebertus
339 4429 372 4483 ad
383 4443 482 4483 annum
499 4431 571 4485 tus:
590 4449 601 4478 ι
615 4428 642 4483 S.
658 4427 809 4498 Gengulius
823 4427 907 4484 claret
959 4428 1036 4500 perio
1046 4426 1284 4492 Corboliensi,ubi
1301 4428 1462 4499 prepositus
1473 4443 1520 4484 sen
1530 4427 1615 4500 prima
1631 4426 1755 4501 dignitas

110 4502 138 4557 in
165 4499 328 4574 Bnrgundia,
371 4499 398 4553 ui
416 4499 497 4554 etiam
524 4499 644 4570 martyrii
664 4499 760 4556 claruit
777 4499 903 4571 gloria.»
960 4497 1070 4571 capituli
1088 4497 1345 4578 abbasappellatur.

109 4574 139 4629 ln
150 4574 210 4643 ejus
220 4575 350 4627 honorem
389 4569 473 4625 ulliin
495 4571 667 4641 Lotharingia
684 4577 838 4628 constructa
853 4580 905 4638 est,
995 4571 1060 4642 (385
1087 4567 1189 4639 Scripta
1203 4585 1273 4625 eirca
1287 4585 1385 4624 annum
1401 4572 1482 4629 1185.

110 4644 161 4700 sub
189 4659 289 4700 annum
319 4641 530 4714 tobb‚insignis
556 4641 666 4697 basilica
696 4642 762 4696 aS.
784 4642 906 4698 Gerardo
1007 4643 1059 4694 388
1085 4639 1191 4695 Scilicet
1204 4640 1359 4713 bogerium.

110 4716 232 4786 ejusdem
256 4715 369 4770 civitatis
383 4713 522 4784 episcopo,
552 4711 692 4767 utlitteris
710 4713 773 4765 mibi
799 4711 904 4784 signifi·
1008 4710 1059 4768 ³8]
1087 4712 1192 4783 Scripta
1207 4727 1278 4769 anno
1306 4716 1384 4768 litis.
1410 4712 1578 4776 ttumbertos,
1598 4722 1630 4789 ex
1660 4706 1753 4764 Casas·

111 4795 197 4842 catum
214 4794 256 4842 est
269 4787 302 4839 ab
322 4785 502 4841 illustrissimo
518 4791 545 4838 et
572 4781 764 4838 revendissimo
786 4783 818 4838 b.
848 4785 905 4837 dn·
959 4783 1008 4839 Det
1033 4784 1164 4839 monacho
1186 4784 1270 4839 t'actus
1289 4783 1544 4850 Clare-Vallensis3
1568 4780 1666 4835 derna
1690 4780 1754 4835 Ber-

112 4858 176 4913 drea
204 4858 340 4929 Saussayo
372 4857 511 4925 episcopo,
532 4867 564 4908 ao
582 4853 681 4909 comite
701 4853 830 4919 Tullensi,
851 4870 906 4912 nou
959 4855 1044 4911 nardo
1060 4855 1163 4924 primus
1180 4855 1263 4910 abhas
1277 4869 1348 4909 anno
1368 4856 1436 4910 llil
1452 4852 1599 4925 praeficitur
1616 4858 1754 4906 monaste·

111 4930 200 4984 minus
215 4930 326 4984 scientia
339 4934 365 4983 et
383 4926 489 4998 scriptis
502 4932 583 4995 quarn
597 4925 730 4997 dignitate
746 4941 813 4980 cons
833 4925 904 4981 icuo.
960 4926 1001 4982 rio
1029 4927 1195 4997 lgniaeensi,
1227 4925 1343 4982 diocesis
1371 4925 1521 4981 bernensis.
1551 4923 1617 4979 Vite
1645 4921 1755 4993 privatae

113 5001 159 5058 Sic
177 5001 250 5054 enim
273 5001 300 5055 in
326 4997 409 5054 veteri
438 4995 531 5053 codice
550 5010 632 5067 quern
658 5012 739 5069 penes
758 5011 787 5051 se
810 4943 903 5053 flabat:
960 4997 1049 5053 studio
1064 5000 1193 5069 regimem
1208 4998 1421 5053 abdieaa·itanno
1438 5000 1517 5063 1138,
1529 5011 1583 5066 quo
1601 5010 1674 5050 auno
1689 5009 1754 5049 scra

115 5093 126 5121 «
150 5072 240 5127 Sancti
254 5085 363 5142 quoque
375 5067 503 5138 Genqulli
518 5066 652 5122 abbatiam
673 5069 706 5122 ad
728 5067 904 5123 meridianum
961 5077 1005 5139 pta
1023 5069 1081 5124 haec
1104 5069 1218 5141 epistola
1237 5085 1271 5124 ex
1286 5069 1370 5124 ltalia.
1394 5068 1516 5124 Perstitit
1530 5066 1709 5122 nihilominus
1727 5079 1756 5118 tn

114 5142 253 5199 introitum
276 5142 399 5212 ejusdem
421 5138 536 5197 civitatis
573 5138 675 5209 primus
702 5139 851 5195 construxit
875 5140 903 5195 S.
960 5155 1008 5194 sua
1035 5139 1203 5197 abdicatione
1230 5141 1402 5205 humbertus,
1427 5139 1541 5195 suffecto
1570 5138 1598 5192 in
1634 5138 1695 5207 ejus
1716 5134 1757 5188 Ιο-

112 5214 259 5279 Gerardus‚
275 5221 302 5269 et
320 5212 458 5267 brachium
487 5212 589 5280 praelsti
605 5212 690 5267 sancti
717 5211 810 5266 iubae
836 5211 905 5266 urbe
959 5226 1019 5268 cum
1034 5210 1180 5276 Guerrieo;
1197 5222 1319 5267 mortuus
1336 5214 1407 5282 aputl
1429 5208 1654 5267 Claram-Vallem
1685 5218 1757 5261 anno

113 5283 345 5356 asportavitiido
369 5298 444 5351 vero,
468 5282 601 5339 Tullensis
629 5283 721 5339 itidem
748 5285 893 5353 episcopus
961 5284 1042 5350 llll,
1069 5293 1098 5339 ut
1125 5283 1151 5337 in
1181 5289 1254 5338 tomo
1290 5283 1314 5337 ll
1337 5282 1469 5347 dicemus,
1498 5279 1641 5336 referendo
1678 5291 1757 5333 ere·

113 5360 234 5413 eamdem
248 5353 529 5411 ccclesiamrestituit.
555 5354 605 5409 Ubi
622 5354 697 5409 vides
720 5353 750 5409 S.
778 5325 905 5423 uergini
959 5354 1034 5407 dium
1061 5367 1228 5411 sermonem.
1255 5369 1335 5425 quem
1362 5353 1514 5409 bernardus
1534 5351 1562 5405 in
1589 5352 1651 5421 ejus
1678 5347 1756 5407 o'tu

111 5428 251 5484 ecclesiam
266 5424 380 5481 abbatiae
397 5426 506 5481 nomine
519 5423 683 5496 insignitam,
697 5426 770 5496 quod
786 5426 906 5481 vocubu-
959 5423 1063 5481 habuit.
1579 5489 1585 5501 .

112 5499 168 5556 lum
181 5496 320 5556 nonnullis
334 5495 414 5553 etiam
428 5495 550 5551 ecclesiis
563 5494 713 5570 collegiatis
728 5493 792 5551 olim
806 5496 907 5551 tribue·
993 5495 1069 5568 (388)
1084 5495 1204 5565 Scilicet,
1217 5494 1389 5569 blorimuadi,
1403 5494 1528 5568 adqueut
1541 5489 1659 5565 epistola
1673 5492 1701 5548 l.
