<?xml version="1.0" encoding="UTF-8"?>
<!DOCTYPE html PUBLIC "-//W3C//DTD XHTML 1.0 Transitional//EN"
    "http://www.w3.org/TR/xhtml1/DTD/xhtml1-transitional.dtd">
<html xmlns="http://www.w3.org/1999/xhtml" xml:lang="en" lang="en">
 <head>
  <title>
</title>
<meta http-equiv="Content-Type" content="text/html;charset=utf-8" />
  <meta name='ocr-system' content='tesseract 3.04.00' />
  <meta name='ocr-capabilities' content='ocr_page ocr_carea ocr_par ocr_line ocrx_word'/>
</head>
<body>
  <div class='ocr_page' id='page_1' title='image "./patrologiaecurs62unkngoog/patrologiaecurs62unkngoog_0234.png"; bbox 0 0 3728 5940; ppageno 0'>
   <div class='ocr_carea' id='block_1_1' title="bbox 107 190 1836 276">
    <p class='ocr_par' dir='ltr' id='par_1_1' title="bbox 107 190 1836 276">
     <span class='ocr_line' id='line_1_1' title="bbox 107 190 1836 276; baseline 0.007 -12"><span class='ocrx_word' id='word_1_1' title='bbox 107 205 162 265; x_wconf 81' lang='lat' dir='ltr'><strong>aa</strong></span> <span class='ocrx_word' id='word_1_2' title='bbox 841 208 1017 270; x_wconf 82' lang='grc' dir='ltr'><strong>εεεεειε.</strong></span> <span class='ocrx_word' id='word_1_3' title='bbox 1072 196 1078 205; x_wconf 90' lang='grc'>’</span> <span class='ocrx_word' id='word_1_4' title='bbox 1698 213 1753 276; x_wconf 82' lang='grc' dir='ltr'><strong>εεε</strong></span> <span class='ocrx_word' id='word_1_5' title='bbox 1816 190 1836 212; x_wconf 84' lang='grc'>”</span> 
     </span>
    </p>
   </div>
   <div class='ocr_carea' id='block_1_2' title="bbox 106 330 1751 675">
    <p class='ocr_par' dir='ltr' id='par_1_2' title="bbox 106 330 1751 675">
     <span class='ocr_line' id='line_1_2' title="bbox 107 330 1750 430; baseline 0.007 -46"><span class='ocrx_word' id='word_1_6' title='bbox 107 330 198 385; x_wconf 85' lang='lat' dir='ltr'><strong>fratris</strong></span> <span class='ocrx_word' id='word_1_7' title='bbox 222 331 353 386; x_wconf 84' lang='lat' dir='ltr'><strong>suscitare</strong></span> <span class='ocrx_word' id='word_1_8' title='bbox 371 331 477 386; x_wconf 87' lang='lat' dir='ltr'><strong>Gratias</strong></span> <span class='ocrx_word' id='word_1_9' title='bbox 495 341 523 388; x_wconf 90' lang='lat' dir='ltr'><strong>et</strong></span> <span class='ocrx_word' id='word_1_10' title='bbox 536 346 586 387; x_wconf 82' lang='lat' dir='ltr'><strong>vos</strong></span> <span class='ocrx_word' id='word_1_11' title='bbox 604 333 677 403; x_wconf 89' lang='lat' dir='ltr'><strong>agite</strong></span> <span class='ocrx_word' id='word_1_12' title='bbox 691 333 739 401; x_wconf 84' lang='lat' dir='ltr'><strong>itti,</strong></span> <span class='ocrx_word' id='word_1_13' title='bbox 754 334 816 405; x_wconf 85' lang='lat' dir='ltr'><strong>quia</strong></span> <span class='ocrx_word' id='word_1_14' title='bbox 839 349 901 392; x_wconf 88' lang='lat' dir='ltr'><strong>ves·</strong></span> <span class='ocrx_word' id='word_1_15' title='bbox 917 352 941 430; x_wconf 64' lang='lat' dir='ltr'><strong>g</strong></span> <span class='ocrx_word' id='word_1_16' title='bbox 956 333 1026 406; x_wconf 90' lang='lat' dir='ltr'><strong>quod</strong></span> <span class='ocrx_word' id='word_1_17' title='bbox 1045 333 1072 388; x_wconf 91' lang='lat' dir='ltr'><strong>in</strong></span> <span class='ocrx_word' id='word_1_18' title='bbox 1086 348 1131 389; x_wconf 89' lang='lat' dir='ltr'><strong>mc</strong></span> <span class='ocrx_word' id='word_1_19' title='bbox 1145 342 1195 398; x_wconf 90' lang='lat' dir='ltr'><strong>est,</strong></span> <span class='ocrx_word' id='word_1_20' title='bbox 1210 333 1361 390; x_wconf 89' lang='lat' dir='ltr'><strong>decolorari</strong></span> <span class='ocrx_word' id='word_1_21' title='bbox 1385 342 1465 390; x_wconf 73' lang='lat' dir='ltr'><strong>tantae</strong></span> <span class='ocrx_word' id='word_1_22' title='bbox 1487 337 1625 407; x_wconf 80' lang='lat' dir='ltr'><strong>specimen</strong></span> <span class='ocrx_word' id='word_1_23' title='bbox 1647 341 1750 396; x_wconf 83' lang='lat' dir='ltr'><strong>sancti·</strong></span> 
     </span>
     <span class='ocr_line' id='line_1_3' title="bbox 106 419 1749 494; baseline 0.007 -21"><span class='ocrx_word' id='word_1_24' title='bbox 106 426 150 473; x_wconf 93' lang='lat' dir='ltr'><strong>tro</strong></span> <span class='ocrx_word' id='word_1_25' title='bbox 165 433 273 489; x_wconf 90' lang='lat' dir='ltr'><strong>quoqne</strong></span> <span class='ocrx_word' id='word_1_26' title='bbox 296 419 400 474; x_wconf 90' lang='lat' dir='ltr'><strong>nomini</strong></span> <span class='ocrx_word' id='word_1_27' title='bbox 423 421 480 475; x_wconf 72' lang='lat' dir='ltr'><strong>baec</strong></span> <span class='ocrx_word' id='word_1_28' title='bbox 503 419 562 488; x_wconf 89' lang='lat' dir='ltr'><strong>ejus</strong></span> <span class='ocrx_word' id='word_1_29' title='bbox 576 435 639 475; x_wconf 89' lang='lat' dir='ltr'><strong>cura</strong></span> <span class='ocrx_word' id='word_1_30' title='bbox 654 435 709 474; x_wconf 91' lang='lat' dir='ltr'><strong>non</strong></span> <span class='ocrx_word' id='word_1_31' title='bbox 725 436 818 491; x_wconf 86' lang='lat' dir='ltr'><strong>parum</strong></span> <span class='ocrx_word' id='word_1_32' title='bbox 833 436 903 477; x_wconf 90' lang='lat' dir='ltr'><strong>con·</strong></span> <span class='ocrx_word' id='word_1_33' title='bbox 960 423 1020 477; x_wconf 86' lang='lat' dir='ltr'><strong>tatis</strong></span> <span class='ocrx_word' id='word_1_34' title='bbox 1036 440 1042 476; x_wconf 76' lang='grc' dir='ltr'><strong>ε</strong></span> <span class='ocrx_word' id='word_1_35' title='bbox 1058 438 1120 478; x_wconf 91' lang='lat' dir='ltr'><strong>nam</strong></span> <span class='ocrx_word' id='word_1_36' title='bbox 1135 423 1271 494; x_wconf 86' lang='lat' dir='ltr'><strong>corrumpi</strong></span> <span class='ocrx_word' id='word_1_37' title='bbox 1287 437 1378 494; x_wconf 88' lang='lat' dir='ltr'><strong>posse,</strong></span> <span class='ocrx_word' id='word_1_38' title='bbox 1399 425 1469 478; x_wconf 88' lang='lat' dir='ltr'><strong>absit</strong></span> <span class='ocrx_word' id='word_1_39' title='bbox 1492 433 1521 479; x_wconf 92' lang='lat' dir='ltr'><strong>ut</strong></span> <span class='ocrx_word' id='word_1_40' title='bbox 1544 441 1651 484; x_wconf 84' lang='lat' dir='ltr'><strong>verear.</strong></span> <span class='ocrx_word' id='word_1_41' title='bbox 1669 429 1749 484; x_wconf 92' lang='lat' dir='ltr'><strong>Pror-</strong></span> 
     </span>
     <span class='ocr_line' id='line_1_4' title="bbox 106 506 1751 586; baseline 0.008 -27"><span class='ocrx_word' id='word_1_42' title='bbox 106 506 178 562; x_wconf 88' lang='lat' dir='ltr'><strong>ferre</strong></span> <span class='ocrx_word' id='word_1_43' title='bbox 201 507 309 563; x_wconf 85' lang='lat' dir='ltr'><strong>videtur</strong></span> <span class='ocrx_word' id='word_1_44' title='bbox 333 523 410 579; x_wconf 89' lang='lat' dir='ltr'><strong>:qua</strong></span> <span class='ocrx_word' id='word_1_45' title='bbox 432 507 461 562; x_wconf 89' lang='lat' dir='ltr'><strong>fit</strong></span> <span class='ocrx_word' id='word_1_46' title='bbox 479 517 508 563; x_wconf 95' lang='lat' dir='ltr'><strong>nt</strong></span> <span class='ocrx_word' id='word_1_47' title='bbox 526 509 700 565; x_wconf 82' lang='lat' dir='ltr'><strong>convincatur</strong></span> <span class='ocrx_word' id='word_1_48' title='bbox 713 509 860 581; x_wconf 89' lang='lat' dir='ltr'><strong>malignus,</strong></span> <span class='ocrx_word' id='word_1_49' title='bbox 877 517 904 566; x_wconf 90' lang='lat' dir='ltr'><strong>et</strong></span> <span class='ocrx_word' id='word_1_50' title='bbox 957 527 1003 566; x_wconf 88' lang='lat' dir='ltr'><strong>sus</strong></span> <span class='ocrx_word' id='word_1_51' title='bbox 1027 519 1115 566; x_wconf 82' lang='grc' dir='ltr'><strong>εειειε</strong></span> <span class='ocrx_word' id='word_1_52' title='bbox 1135 511 1258 582; x_wconf 89' lang='lat' dir='ltr'><strong>displicet</strong></span> <span class='ocrx_word' id='word_1_53' title='bbox 1284 512 1311 566; x_wconf 92' lang='lat' dir='ltr'><strong>in</strong></span> <span class='ocrx_word' id='word_1_54' title='bbox 1344 513 1526 581; x_wconf 85' lang='lat' dir='ltr'><strong>pulcherrimo</strong></span> <span class='ocrx_word' id='word_1_55' title='bbox 1554 529 1669 586; x_wconf 84' lang='lat' dir='ltr'><strong>corpore</strong></span> <span class='ocrx_word' id='word_1_56' title='bbox 1697 532 1751 572; x_wconf 92' lang='lat' dir='ltr'><strong>oon</strong></span> 
     </span>
     <span class='ocr_line' id='line_1_5' title="bbox 107 596 1751 675; baseline 0.004 -26"><span class='ocrx_word' id='word_1_57' title='bbox 107 596 146 649; x_wconf 88' lang='lat' dir='ltr'><strong>sic</strong></span> <span class='ocrx_word' id='word_1_58' title='bbox 160 596 324 666; x_wconf 80' lang='lat' dir='ltr'><strong>dejiciatur3</strong></span> <span class='ocrx_word' id='word_1_59' title='bbox 340 613 401 669; x_wconf 86' lang='lat' dir='ltr'><strong>quae</strong></span> <span class='ocrx_word' id='word_1_60' title='bbox 413 604 454 654; x_wconf 87' lang='lat' dir='ltr'><strong>cst</strong></span> <span class='ocrx_word' id='word_1_61' title='bbox 467 598 551 670; x_wconf 85' lang='lat' dir='ltr'><strong>gloria</strong></span> <span class='ocrx_word' id='word_1_62' title='bbox 566 606 666 655; x_wconf 84' lang='lat' dir='ltr'><strong>restra.</strong></span> <span class='ocrx_word' id='word_1_63' title='bbox 680 648 689 675; x_wconf 71' lang='grc'>,</span> <span class='ocrx_word' id='word_1_64' title='bbox 957 599 1047 655; x_wconf 91' lang='lat' dir='ltr'><strong>solum</strong></span> <span class='ocrx_word' id='word_1_65' title='bbox 1059 599 1183 665; x_wconf 80' lang='lat' dir='ltr'>morbus,</span> <span class='ocrx_word' id='word_1_66' title='bbox 1197 599 1245 654; x_wconf 90' lang='lat' dir='ltr'><strong>sed</strong></span> <span class='ocrx_word' id='word_1_67' title='bbox 1256 607 1283 654; x_wconf 89' lang='lat' dir='ltr'><strong>et</strong></span> <span class='ocrx_word' id='word_1_68' title='bbox 1292 614 1395 655; x_wconf 78' lang='lat' dir='ltr'><strong>natus.</strong></span> <span class='ocrx_word' id='word_1_69' title='bbox 1407 601 1465 655; x_wconf 91' lang='lat' dir='ltr'><strong>Non</strong></span> <span class='ocrx_word' id='word_1_70' title='bbox 1477 600 1555 669; x_wconf 90' lang='lat' dir='ltr'><strong>plane</strong></span> <span class='ocrx_word' id='word_1_71' title='bbox 1565 602 1653 658; x_wconf 90' lang='lat' dir='ltr'><strong>bonus</strong></span> <span class='ocrx_word' id='word_1_72' title='bbox 1662 603 1751 671; x_wconf 88' lang='lat' dir='ltr'><strong>color,</strong></span> 
     </span>
    </p>
   </div>
   <div class='ocr_carea' id='block_1_3' title="bbox 99 688 1757 2444">
    <p class='ocr_par' dir='ltr' id='par_1_3' title="bbox 99 688 1757 2444">
     <span class='ocr_line' id='line_1_6' title="bbox 297 688 1751 778; baseline 0.001 -34"><span class='ocrx_word' id='word_1_73' title='bbox 297 705 464 762; x_wconf 65' lang='lat' dir='ltr'><strong>Eppspogp</strong></span> <span class='ocrx_word' id='word_1_74' title='bbox 483 705 611 760; x_wconf 67' lang='lat' dir='ltr'><strong>gcxgpx</strong></span> <span class='ocrx_word' id='word_1_75' title='bbox 629 707 687 778; x_wconf 54' lang='lat'><strong>1571</strong></span> <span class='ocrx_word' id='word_1_76' title='bbox 692 709 713 778; x_wconf 76' lang='lat'><strong>)⁸</strong></span> <span class='ocrx_word' id='word_1_77' title='bbox 957 688 981 744; x_wconf 84' lang='grc' dir='ltr'><strong>εἰ</strong></span> <span class='ocrx_word' id='word_1_78' title='bbox 995 697 1148 745; x_wconf 87' lang='lat' dir='ltr'><strong>sanctornm</strong></span> <span class='ocrx_word' id='word_1_79' title='bbox 1160 688 1292 759; x_wconf 86' lang='lat' dir='ltr'><strong>quispiam</strong></span> <span class='ocrx_word' id='word_1_80' title='bbox 1306 689 1384 744; x_wconf 84' lang='lat' dir='ltr'><strong>anxie</strong></span> <span class='ocrx_word' id='word_1_81' title='bbox 1399 688 1467 755; x_wconf 81' lang='lat' dir='ltr'><strong>ferre</strong></span> <span class='ocrx_word' id='word_1_82' title='bbox 1481 689 1660 759; x_wconf 86' lang='lat' dir='ltr'><strong>abjectionem</strong></span> <span class='ocrx_word' id='word_1_83' title='bbox 1673 707 1751 748; x_wconf 87' lang='lat' dir='ltr'><strong>suam</strong></span> 
     </span>
     <span class='ocr_line' id='line_1_7' title="bbox 413 777 1751 852; baseline 0.004 -21"><span class='ocrx_word' id='word_1_84' title='bbox 413 809 450 848; x_wconf 69' lang='lat' dir='ltr'><strong>,n</strong></span> <span class='ocrx_word' id='word_1_85' title='bbox 468 809 596 851; x_wconf 63' lang='lat' dir='ltr'><strong>mm</strong></span> <span class='ocrx_word' id='word_1_86' title='bbox 957 777 1089 847; x_wconf 83' lang='lat' dir='ltr'><strong>videatur,</strong></span> <span class='ocrx_word' id='word_1_87' title='bbox 1104 778 1138 832; x_wconf 89' lang='lat' dir='ltr'><strong>de</strong></span> <span class='ocrx_word' id='word_1_88' title='bbox 1151 792 1206 848; x_wconf 84' lang='lat' dir='ltr'><strong>qna</strong></span> <span class='ocrx_word' id='word_1_89' title='bbox 1220 777 1301 832; x_wconf 88' lang='lat' dir='ltr'><strong>ctiam</strong></span> <span class='ocrx_word' id='word_1_90' title='bbox 1316 785 1343 832; x_wconf 89' lang='lat' dir='ltr'><strong>et</strong></span> <span class='ocrx_word' id='word_1_91' title='bbox 1359 793 1412 831; x_wconf 94' lang='lat' dir='ltr'><strong>non</strong></span> <span class='ocrx_word' id='word_1_92' title='bbox 1436 777 1565 847; x_wconf 87' lang='lat' dir='ltr'><strong>gaudere,</strong></span> <span class='ocrx_word' id='word_1_93' title='bbox 1581 786 1608 835; x_wconf 91' lang='lat' dir='ltr'><strong>et</strong></span> <span class='ocrx_word' id='word_1_94' title='bbox 1621 796 1674 836; x_wconf 91' lang='grc' dir='ltr'><strong>εεε</strong></span> <span class='ocrx_word' id='word_1_95' title='bbox 1689 781 1751 852; x_wconf 88' lang='lat' dir='ltr'><strong>glo·</strong></span> 
     </span>
     <span class='ocr_line' id='line_1_8' title="bbox 106 862 1752 956; baseline 0.004 -39"><span class='ocrx_word' id='word_1_96' title='bbox 106 882 235 937; x_wconf 74' lang='lat' dir='ltr'><strong>p„·0„„,</strong></span> <span class='ocrx_word' id='word_1_97' title='bbox 253 882 402 946; x_wconf 44' lang='lat' dir='ltr'><strong>Campa,</strong></span> <span class='ocrx_word' id='word_1_98' title='bbox 417 883 539 938; x_wconf 55' lang='lat' dir='ltr'><strong>,pectam</strong></span> <span class='ocrx_word' id='word_1_99' title='bbox 554 885 586 937; x_wconf 86' lang='lat'><strong>,·„</strong></span> <span class='ocrx_word' id='word_1_100' title='bbox 606 886 768 956; x_wconf 49' lang='lat' dir='ltr'><strong>,mmm</strong></span> <span class='ocrx_word' id='word_1_101' title='bbox 786 884 904 943; x_wconf 60' lang='lat' dir='ltr'><strong>palmi,</strong></span> <span class='ocrx_word' id='word_1_102' title='bbox 958 863 1033 929; x_wconf 86' lang='lat' dir='ltr'><strong>riori,</strong></span> <span class='ocrx_word' id='word_1_103' title='bbox 1050 866 1138 920; x_wconf 90' lang='lat' dir='ltr'><strong>minus</strong></span> <span class='ocrx_word' id='word_1_104' title='bbox 1152 871 1193 918; x_wconf 87' lang='lat' dir='ltr'><strong>est</strong></span> <span class='ocrx_word' id='word_1_105' title='bbox 1207 880 1223 918; x_wconf 86' lang='lat' dir='ltr'><strong>a</strong></span> <span class='ocrx_word' id='word_1_106' title='bbox 1239 862 1366 934; x_wconf 85' lang='lat' dir='ltr'><strong>perfecto.</strong></span> <span class='ocrx_word' id='word_1_107' title='bbox 1384 865 1466 918; x_wconf 89' lang='lat' dir='ltr'><strong>Porro</strong></span> <span class='ocrx_word' id='word_1_108' title='bbox 1489 864 1514 918; x_wconf 92' lang='lat' dir='ltr'><strong>in</strong></span> <span class='ocrx_word' id='word_1_109' title='bbox 1537 867 1677 935; x_wconf 87' lang='lat' dir='ltr'><strong>proposito</strong></span> <span class='ocrx_word' id='word_1_110' title='bbox 1690 883 1752 937; x_wconf 88' lang='lat' dir='ltr'><strong>per·</strong></span> 
     </span>
     <span class='ocr_line' id='line_1_9' title="bbox 245 951 1753 1026; baseline 0.002 -19"><span class='ocrx_word' id='word_1_111' title='bbox 245 968 371 1020; x_wconf 78' lang='lat' dir='ltr'><strong>oensem,</strong></span> <span class='ocrx_word' id='word_1_112' title='bbox 388 955 432 1009; x_wconf 86' lang='lat' dir='ltr'><strong>nti</strong></span> <span class='ocrx_word' id='word_1_113' title='bbox 447 955 563 1026; x_wconf 74' lang='lat' dir='ltr'><strong>dignam</strong></span> <span class='ocrx_word' id='word_1_114' title='bbox 577 956 763 1012; x_wconf 73' lang='lat' dir='ltr'><strong><em>commendat.</em></strong></span> <span class='ocrx_word' id='word_1_115' title='bbox 958 951 1082 1008; x_wconf 92' lang='lat' dir='ltr'><strong>fectionis</strong></span> <span class='ocrx_word' id='word_1_116' title='bbox 1107 968 1238 1022; x_wconf 88' lang='lat' dir='ltr'><strong>apparere</strong></span> <span class='ocrx_word' id='word_1_117' title='bbox 1264 951 1465 1022; x_wconf 84' lang='lat' dir='ltr'><strong>imperfectum,</strong></span> <span class='ocrx_word' id='word_1_118' title='bbox 1489 968 1583 1008; x_wconf 89' lang='lat' dir='ltr'><strong>naevus</strong></span> <span class='ocrx_word' id='word_1_119' title='bbox 1605 964 1655 1010; x_wconf 91' lang='lat' dir='ltr'><strong>est.</strong></span> <span class='ocrx_word' id='word_1_120' title='bbox 1680 954 1753 1026; x_wconf 82' lang='lat' dir='ltr'><strong>ltrgo</strong></span> 
     </span>
     <span class='ocr_line' id='line_1_10' title="bbox 143 1040 1752 1118; baseline 0.002 -24"><span class='ocrx_word' id='word_1_121' title='bbox 143 1041 172 1096; x_wconf 89' lang='lat' dir='ltr'><strong>Si</strong></span> <span class='ocrx_word' id='word_1_122' title='bbox 188 1040 267 1096; x_wconf 90' lang='lat' dir='ltr'><strong>rebus</strong></span> <span class='ocrx_word' id='word_1_123' title='bbox 282 1040 377 1097; x_wconf 88' lang='lat' dir='ltr'><strong>raritas</strong></span> <span class='ocrx_word' id='word_1_124' title='bbox 391 1044 506 1112; x_wconf 91' lang='lat' dir='ltr'><strong>pretinm</strong></span> <span class='ocrx_word' id='word_1_125' title='bbox 519 1044 590 1109; x_wconf 87' lang='lat' dir='ltr'><strong>facit,</strong></span> <span class='ocrx_word' id='word_1_126' title='bbox 605 1043 644 1098; x_wconf 92' lang='lat' dir='ltr'><strong>nil</strong></span> <span class='ocrx_word' id='word_1_127' title='bbox 658 1043 686 1098; x_wconf 93' lang='lat' dir='ltr'><strong>in</strong></span> <span class='ocrx_word' id='word_1_128' title='bbox 704 1044 823 1101; x_wconf 84' lang='lat' dir='ltr'>Ecclesia</span> <span class='ocrx_word' id='word_1_129' title='bbox 837 1061 903 1118; x_wconf 88' lang='lat' dir='ltr'><strong>pre·</strong></span> <span class='ocrx_word' id='word_1_130' title='bbox 958 1041 1002 1095; x_wconf 90' lang='lat' dir='ltr'><strong>bic</strong></span> <span class='ocrx_word' id='word_1_131' title='bbox 1016 1041 1090 1097; x_wconf 89' lang='lat' dir='ltr'><strong>color</strong></span> <span class='ocrx_word' id='word_1_132' title='bbox 1103 1041 1168 1096; x_wconf 90' lang='lat' dir='ltr'><strong>mibi</strong></span> <span class='ocrx_word' id='word_1_133' title='bbox 1180 1041 1211 1097; x_wconf 92' lang='lat' dir='ltr'><strong>in</strong></span> <span class='ocrx_word' id='word_1_134' title='bbox 1226 1040 1307 1098; x_wconf 89' lang='lat' dir='ltr'><strong>fratre</strong></span> <span class='ocrx_word' id='word_1_135' title='bbox 1321 1040 1410 1096; x_wconf 89' lang='lat' dir='ltr'><strong>Natali</strong></span> <span class='ocrx_word' id='word_1_136' title='bbox 1423 1041 1571 1112; x_wconf 80' lang='lat' dir='ltr'><strong>displicuit.</strong></span> <span class='ocrx_word' id='word_1_137' title='bbox 1587 1040 1658 1109; x_wconf 86' lang='lat' dir='ltr'><strong>Quid</strong></span> <span class='ocrx_word' id='word_1_138' title='bbox 1670 1043 1752 1111; x_wconf 89' lang='lat' dir='ltr'><strong>euim,</strong></span> 
     </span>
     <span class='ocr_line' id='line_1_11' title="bbox 107 1127 1754 1205; baseline 0.002 -23"><span class='ocrx_word' id='word_1_139' title='bbox 107 1128 213 1195; x_wconf 81' lang='lat' dir='ltr'><strong>nasius,</strong></span> <span class='ocrx_word' id='word_1_140' title='bbox 230 1129 267 1185; x_wconf 93' lang='lat' dir='ltr'><strong>nil</strong></span> <span class='ocrx_word' id='word_1_141' title='bbox 287 1130 435 1200; x_wconf 79' lang='lat' dir='ltr'><strong>optabilius</strong></span> <span class='ocrx_word' id='word_1_142' title='bbox 451 1132 523 1187; x_wconf 89' lang='lat' dir='ltr'><strong>bono</strong></span> <span class='ocrx_word' id='word_1_143' title='bbox 538 1130 651 1204; x_wconf 84' lang='lat' dir='ltr'><strong>utilique</strong></span> <span class='ocrx_word' id='word_1_144' title='bbox 666 1144 785 1204; x_wconf 86' lang='lat' dir='ltr'><strong>pastore.</strong></span> <span class='ocrx_word' id='word_1_145' title='bbox 800 1136 903 1205; x_wconf 89' lang='lat' dir='ltr'><strong>Nempe</strong></span> <span class='ocrx_word' id='word_1_146' title='bbox 957 1127 1043 1184; x_wconf 69' lang='lat' dir='ltr'><strong>MS</strong></span> <span class='ocrx_word' id='word_1_147' title='bbox 1058 1129 1109 1185; x_wconf 90' lang='lat' dir='ltr'><strong>etsi</strong></span> <span class='ocrx_word' id='word_1_148' title='bbox 1122 1137 1225 1185; x_wconf 89' lang='lat' dir='ltr'><strong>castum</strong></span> <span class='ocrx_word' id='word_1_149' title='bbox 1236 1129 1263 1183; x_wconf 92' lang='lat' dir='ltr'><strong>id</strong></span> <span class='ocrx_word' id='word_1_150' title='bbox 1273 1129 1352 1186; x_wconf 90' lang='lat' dir='ltr'><strong>fuerit</strong></span> <span class='ocrx_word' id='word_1_151' title='bbox 1364 1144 1456 1184; x_wconf 89' lang='lat' dir='ltr'><strong>coram</strong></span> <span class='ocrx_word' id='word_1_152' title='bbox 1472 1129 1550 1185; x_wconf 82' lang='lat' dir='ltr'><strong>Dect</strong></span> <span class='ocrx_word' id='word_1_153' title='bbox 1560 1129 1754 1200; x_wconf 86' lang='lat' dir='ltr'><strong>Nempeopot·</strong></span> 
     </span>
     <span class='ocr_line' id='line_1_12' title="bbox 105 1216 1616 1288; baseline 0.005 -16"><span class='ocrx_word' id='word_1_154' title='bbox 105 1233 166 1272; x_wconf 90' lang='lat' dir='ltr'><strong>rarn</strong></span> <span class='ocrx_word' id='word_1_155' title='bbox 187 1216 243 1272; x_wconf 89' lang='lat' dir='ltr'><strong>avis</strong></span> <span class='ocrx_word' id='word_1_156' title='bbox 267 1226 309 1275; x_wconf 90' lang='lat' dir='ltr'><strong>est</strong></span> <span class='ocrx_word' id='word_1_157' title='bbox 327 1218 387 1274; x_wconf 89' lang='lat' dir='ltr'><strong>ista.</strong></span> <span class='ocrx_word' id='word_1_158' title='bbox 403 1220 518 1276; x_wconf 86' lang='lat' dir='ltr'><strong>Proinde</strong></span> <span class='ocrx_word' id='word_1_159' title='bbox 532 1219 618 1275; x_wconf 83' lang='lat' dir='ltr'><strong>sicubi</strong></span> <span class='ocrx_word' id='word_1_160' title='bbox 634 1221 694 1277; x_wconf 90' lang='lat' dir='ltr'><strong>talis</strong></span> <span class='ocrx_word' id='word_1_161' title='bbox 710 1221 845 1280; x_wconf 90' lang='lat' dir='ltr'><strong>interdum</strong></span> <span class='ocrx_word' id='word_1_162' title='bbox 858 1239 904 1280; x_wconf 89' lang='lat' dir='ltr'><strong>rc·</strong></span> <span class='ocrx_word' id='word_1_163' title='bbox 959 1223 997 1272; x_wconf 77' lang='grc' dir='ltr'><strong>ῑθῑ</strong></span> <span class='ocrx_word' id='word_1_164' title='bbox 1011 1217 1153 1288; x_wconf 73' lang='lat' dir='ltr'><strong>providere</strong></span> <span class='ocrx_word' id='word_1_165' title='bbox 1167 1217 1238 1273; x_wconf 73' lang='lat' dir='ltr'><strong>b0118</strong></span> <span class='ocrx_word' id='word_1_166' title='bbox 1251 1216 1330 1273; x_wconf 87' lang='lat' dir='ltr'><strong>etiam</strong></span> <span class='ocrx_word' id='word_1_167' title='bbox 1346 1231 1439 1273; x_wconf 63' lang='lat' dir='ltr'><strong>coram</strong></span> <span class='ocrx_word' id='word_1_168' title='bbox 1450 1216 1616 1274; x_wconf 69' lang='lat' dir='ltr'><strong>hominibus·</strong></span> 
     </span>
     <span class='ocr_line' id='line_1_13' title="bbox 105 1305 1751 1380; baseline 0.003 -18"><span class='ocrx_word' id='word_1_169' title='bbox 105 1305 242 1376; x_wconf 76' lang='lat' dir='ltr'><strong>periatur,</strong></span> <span class='ocrx_word' id='word_1_170' title='bbox 262 1315 290 1362; x_wconf 93' lang='lat' dir='ltr'><strong>et</strong></span> <span class='ocrx_word' id='word_1_171' title='bbox 318 1308 424 1363; x_wconf 85' lang='lat' dir='ltr'><strong>occasio</strong></span> <span class='ocrx_word' id='word_1_172' title='bbox 453 1310 542 1377; x_wconf 88' lang='lat' dir='ltr'><strong>detur,</strong></span> <span class='ocrx_word' id='word_1_173' title='bbox 571 1309 715 1365; x_wconf 80' lang='lat' dir='ltr'><strong>confestim</strong></span> <span class='ocrx_word' id='word_1_174' title='bbox 752 1310 905 1380; x_wconf 77' lang='lat' dir='ltr'><strong>injiciendae</strong></span> <span class='ocrx_word' id='word_1_175' title='bbox 994 1309 1021 1364; x_wconf 73' lang='grc'><strong>2.</strong></span> <span class='ocrx_word' id='word_1_176' title='bbox 1038 1306 1089 1362; x_wconf 80' lang='lat' dir='ltr'><strong>Sed</strong></span> <span class='ocrx_word' id='word_1_177' title='bbox 1112 1306 1202 1362; x_wconf 75' lang='lat' dir='ltr'><strong>dicitis</strong></span> <span class='ocrx_word' id='word_1_178' title='bbox 1217 1324 1224 1360; x_wconf 80' lang='lat' dir='ltr'><strong>t</strong></span> <span class='ocrx_word' id='word_1_179' title='bbox 1239 1307 1298 1362; x_wconf 84' lang='lat' dir='ltr'><strong>Non</strong></span> <span class='ocrx_word' id='word_1_180' title='bbox 1321 1305 1379 1377; x_wconf 75' lang='lat' dir='ltr'><strong>ipse</strong></span> <span class='ocrx_word' id='word_1_181' title='bbox 1404 1310 1522 1380; x_wconf 69' lang='lat' dir='ltr'><strong>graviter</strong></span> <span class='ocrx_word' id='word_1_182' title='bbox 1544 1307 1677 1375; x_wconf 63' lang='lat' dir='ltr'><strong>luliated</strong></span> <span class='ocrx_word' id='word_1_183' title='bbox 1692 1322 1751 1362; x_wconf 82' lang='lat' dir='ltr'><strong>nos·</strong></span> 
     </span>
     <span class='ocr_line' id='line_1_14' title="bbox 104 1394 1754 1472; baseline 0.005 -24"><span class='ocrx_word' id='word_1_184' title='bbox 104 1400 169 1449; x_wconf 91' lang='lat' dir='ltr'><strong>sunt</strong></span> <span class='ocrx_word' id='word_1_185' title='bbox 191 1410 296 1464; x_wconf 90' lang='lat' dir='ltr'><strong>manus,</strong></span> <span class='ocrx_word' id='word_1_186' title='bbox 312 1402 338 1450; x_wconf 91' lang='lat' dir='ltr'><strong>et</strong></span> <span class='ocrx_word' id='word_1_187' title='bbox 354 1395 416 1451; x_wconf 90' lang='lat' dir='ltr'><strong>totis</strong></span> <span class='ocrx_word' id='word_1_188' title='bbox 430 1397 534 1452; x_wconf 88' lang='lat' dir='ltr'><strong>nisibus</strong></span> <span class='ocrx_word' id='word_1_189' title='bbox 547 1397 733 1471; x_wconf 84' lang='lat' dir='ltr'><strong>satagendum,</strong></span> <span class='ocrx_word' id='word_1_190' title='bbox 748 1414 783 1455; x_wconf 90' lang='lat' dir='ltr'><strong>ue</strong></span> <span class='ocrx_word' id='word_1_191' title='bbox 797 1416 852 1472; x_wconf 86' lang='lat' dir='ltr'><strong>qna</strong></span> <span class='ocrx_word' id='word_1_192' title='bbox 867 1401 904 1471; x_wconf 83' lang='lat' dir='ltr'><strong>vi,</strong></span> <span class='ocrx_word' id='word_1_193' title='bbox 958 1394 1002 1449; x_wconf 75' lang='lat' dir='ltr'><strong>Ad</strong></span> <span class='ocrx_word' id='word_1_194' title='bbox 1025 1395 1098 1451; x_wconf 79' lang='lat' dir='ltr'><strong>idem</strong></span> <span class='ocrx_word' id='word_1_195' title='bbox 1121 1396 1273 1453; x_wconf 78' lang='lat' dir='ltr'><strong>revertitur·</strong></span> <span class='ocrx_word' id='word_1_196' title='bbox 1287 1396 1387 1453; x_wconf 59' lang='lat' dir='ltr'><strong>latum</strong></span> <span class='ocrx_word' id='word_1_197' title='bbox 1412 1395 1471 1452; x_wconf 78' lang='lat' dir='ltr'><strong>dico</strong></span> <span class='ocrx_word' id='word_1_198' title='bbox 1491 1397 1565 1465; x_wconf 82' lang='lat' dir='ltr'><strong>quod</strong></span> <span class='ocrx_word' id='word_1_199' title='bbox 1586 1395 1684 1453; x_wconf 77' lang='lat' dir='ltr'><strong>sentio·</strong></span> <span class='ocrx_word' id='word_1_200' title='bbox 1699 1397 1754 1452; x_wconf 78' lang='lat' dir='ltr'><strong>Cur</strong></span> 
     </span>
     <span class='ocr_line' id='line_1_15' title="bbox 105 1483 1755 1560; baseline 0.002 -24"><span class='ocrx_word' id='word_1_201' title='bbox 105 1498 140 1537; x_wconf 92' lang='lat' dir='ltr'><strong>ne</strong></span> <span class='ocrx_word' id='word_1_202' title='bbox 160 1499 214 1553; x_wconf 87' lang='lat' dir='ltr'><strong>qua</strong></span> <span class='ocrx_word' id='word_1_203' title='bbox 234 1494 291 1538; x_wconf 86' lang='lat' dir='ltr'><strong>arte</strong></span> <span class='ocrx_word' id='word_1_204' title='bbox 305 1483 416 1539; x_wconf 87' lang='lat' dir='ltr'><strong>malitiae</strong></span> <span class='ocrx_word' id='word_1_205' title='bbox 432 1484 568 1541; x_wconf 87' lang='lat' dir='ltr'><strong>fructuosa</strong></span> <span class='ocrx_word' id='word_1_206' title='bbox 584 1487 717 1557; x_wconf 85' lang='lat' dir='ltr'><strong>promotio</strong></span> <span class='ocrx_word' id='word_1_207' title='bbox 731 1488 819 1544; x_wconf 86' lang='lat' dir='ltr'><strong>valeat</strong></span> <span class='ocrx_word' id='word_1_208' title='bbox 832 1505 906 1560; x_wconf 85' lang='lat' dir='ltr'><strong>prae-</strong></span> <span class='ocrx_word' id='word_1_209' title='bbox 959 1484 1037 1540; x_wconf 86' lang='lat' dir='ltr'><strong>vobis</strong></span> <span class='ocrx_word' id='word_1_210' title='bbox 1060 1501 1141 1559; x_wconf 84' lang='lat' dir='ltr'><strong>grate</strong></span> <span class='ocrx_word' id='word_1_211' title='bbox 1168 1485 1257 1552; x_wconf 87' lang='lat' dir='ltr'><strong>fuerit,</strong></span> <span class='ocrx_word' id='word_1_212' title='bbox 1274 1501 1327 1540; x_wconf 92' lang='lat' dir='ltr'><strong>noo</strong></span> <span class='ocrx_word' id='word_1_213' title='bbox 1344 1485 1433 1553; x_wconf 84' lang='lat' dir='ltr'><strong>rideo,</strong></span> <span class='ocrx_word' id='word_1_214' title='bbox 1449 1485 1501 1541; x_wconf 87' lang='lat' dir='ltr'><strong>nisi</strong></span> <span class='ocrx_word' id='word_1_215' title='bbox 1515 1485 1577 1556; x_wconf 89' lang='lat' dir='ltr'><strong>quia</strong></span> <span class='ocrx_word' id='word_1_216' title='bbox 1599 1485 1651 1555; x_wconf 83' lang='lat' dir='ltr'><strong>ipsi</strong></span> <span class='ocrx_word' id='word_1_217' title='bbox 1672 1498 1755 1557; x_wconf 81' lang='lat' dir='ltr'><strong>grave</strong></span> 
     </span>
     <span class='ocr_line' id='line_1_16' title="bbox 107 1571 1754 1647; baseline 0.002 -22"><span class='ocrx_word' id='word_1_218' title='bbox 107 1571 202 1642; x_wconf 91' lang='lat' dir='ltr'><strong>pediri.</strong></span> <span class='ocrx_word' id='word_1_219' title='bbox 227 1572 389 1628; x_wconf 83' lang='lat' dir='ltr'><strong>Audivimus</strong></span> <span class='ocrx_word' id='word_1_220' title='bbox 414 1575 441 1627; x_wconf 89' lang='lat' dir='ltr'><strong>in</strong></span> <span class='ocrx_word' id='word_1_221' title='bbox 465 1575 581 1630; x_wconf 90' lang='lat' dir='ltr'><strong>ecclesia</strong></span> <span class='ocrx_word' id='word_1_222' title='bbox 604 1575 744 1633; x_wconf 82' lang='lat' dir='ltr'><strong>valentina</strong></span> <span class='ocrx_word' id='word_1_223' title='bbox 768 1577 825 1647; x_wconf 87' lang='lat' dir='ltr'><strong>pari</strong></span> <span class='ocrx_word' id='word_1_224' title='bbox 841 1587 903 1634; x_wconf 84' lang='lat' dir='ltr'><strong>voto</strong></span> <span class='ocrx_word' id='word_1_225' title='bbox 958 1588 1017 1629; x_wconf 91' lang='lat' dir='ltr'><strong>esse</strong></span> <span class='ocrx_word' id='word_1_226' title='bbox 1032 1573 1166 1629; x_wconf 92' lang='lat' dir='ltr'><strong>sensistis.</strong></span> <span class='ocrx_word' id='word_1_227' title='bbox 1189 1574 1244 1629; x_wconf 89' lang='lat' dir='ltr'><strong>llos</strong></span> <span class='ocrx_word' id='word_1_228' title='bbox 1263 1573 1390 1643; x_wconf 83' lang='lat' dir='ltr'><strong>judicate,</strong></span> <span class='ocrx_word' id='word_1_229' title='bbox 1414 1589 1447 1628; x_wconf 89' lang='grc' dir='ltr'><strong>εε</strong></span> <span class='ocrx_word' id='word_1_230' title='bbox 1472 1573 1524 1629; x_wconf 89' lang='lat' dir='ltr'><strong>boc</strong></span> <span class='ocrx_word' id='word_1_231' title='bbox 1545 1589 1609 1629; x_wconf 91' lang='lat' dir='ltr'><strong>eum</strong></span> <span class='ocrx_word' id='word_1_232' title='bbox 1623 1573 1754 1642; x_wconf 83' lang='lat' dir='ltr'><strong>decuerit,</strong></span> 
     </span>
     <span class='ocr_line' id='line_1_17' title="bbox 105 1659 1756 1774; baseline 0.001 -60"><span class='ocrx_word' id='word_1_233' title='bbox 105 1659 169 1714; x_wconf 90' lang='lat' dir='ltr'><strong>cleri</strong></span> <span class='ocrx_word' id='word_1_234' title='bbox 185 1668 212 1714; x_wconf 91' lang='lat' dir='ltr'><strong>et</strong></span> <span class='ocrx_word' id='word_1_235' title='bbox 221 1660 314 1731; x_wconf 91' lang='lat' dir='ltr'><strong>populi</strong></span> <span class='ocrx_word' id='word_1_236' title='bbox 324 1662 441 1718; x_wconf 90' lang='lat' dir='ltr'><strong>electum</strong></span> <span class='ocrx_word' id='word_1_237' title='bbox 451 1677 511 1717; x_wconf 91' lang='grc' dir='ltr'><strong>εεεε</strong></span> <span class='ocrx_word' id='word_1_238' title='bbox 526 1664 646 1719; x_wconf 86' lang='lat' dir='ltr'><strong>Priorem</strong></span> <span class='ocrx_word' id='word_1_239' title='bbox 663 1664 803 1721; x_wconf 77' lang='lat' dir='ltr'><strong>Casae-liei</strong></span> <span class='ocrx_word' id='word_1_240' title='bbox 815 1666 902 1738; x_wconf 76' lang='lat'><strong>(672).</strong></span> <span class='ocrx_word' id='word_1_241' title='bbox 920 1697 942 1774; x_wconf 66' lang='grc' dir='ltr'><strong><em>Β</em></strong></span> <span class='ocrx_word' id='word_1_242' title='bbox 959 1661 1107 1734; x_wconf 83' lang='lat' dir='ltr'><strong>pracsertim</strong></span> <span class='ocrx_word' id='word_1_243' title='bbox 1122 1662 1149 1717; x_wconf 91' lang='lat' dir='ltr'><strong>io</strong></span> <span class='ocrx_word' id='word_1_244' title='bbox 1163 1662 1279 1718; x_wconf 90' lang='lat' dir='ltr'><strong>novitate</strong></span> <span class='ocrx_word' id='word_1_245' title='bbox 1293 1662 1364 1718; x_wconf 79' lang='lat' dir='ltr'><strong>vita.</strong></span> <span class='ocrx_word' id='word_1_246' title='bbox 1380 1661 1449 1717; x_wconf 90' lang='lat' dir='ltr'><strong>Nam</strong></span> <span class='ocrx_word' id='word_1_247' title='bbox 1464 1672 1528 1717; x_wconf 88' lang='lat' dir='ltr'><strong>ante</strong></span> <span class='ocrx_word' id='word_1_248' title='bbox 1541 1665 1611 1717; x_wconf 88' lang='lat' dir='ltr'><strong>banc</strong></span> <span class='ocrx_word' id='word_1_249' title='bbox 1627 1663 1667 1732; x_wconf 90' lang='grc' dir='ltr'><strong>(ει</strong></span> <span class='ocrx_word' id='word_1_250' title='bbox 1679 1661 1756 1716; x_wconf 88' lang='lat' dir='ltr'><strong>salva</strong></span> 
     </span>
     <span class='ocr_line' id='line_1_18' title="bbox 108 1747 1754 1826; baseline 0.002 -26"><span class='ocrx_word' id='word_1_251' title='bbox 108 1747 203 1803; x_wconf 87' lang='lat' dir='ltr'><strong>btirum</strong></span> <span class='ocrx_word' id='word_1_252' title='bbox 225 1749 248 1803; x_wconf 90' lang='lat' dir='ltr'><strong>si</strong></span> <span class='ocrx_word' id='word_1_253' title='bbox 268 1751 354 1805; x_wconf 88' lang='lat' dir='ltr'><strong>bonus</strong></span> <span class='ocrx_word' id='word_1_254' title='bbox 377 1765 431 1806; x_wconf 92' lang='lat' dir='ltr'><strong>non</strong></span> <span class='ocrx_word' id='word_1_255' title='bbox 454 1751 583 1806; x_wconf 87' lang='lat' dir='ltr'><strong>fueritad</strong></span> <span class='ocrx_word' id='word_1_256' title='bbox 597 1768 667 1822; x_wconf 92' lang='lat' dir='ltr'><strong>opus</strong></span> <span class='ocrx_word' id='word_1_257' title='bbox 686 1758 719 1808; x_wconf 88' lang='lat' dir='ltr'><strong>ad</strong></span> <span class='ocrx_word' id='word_1_258' title='bbox 735 1755 808 1826; x_wconf 90' lang='lat' dir='ltr'><strong>qnod</strong></span> <span class='ocrx_word' id='word_1_259' title='bbox 823 1772 903 1810; x_wconf 90' lang='lat' dir='ltr'><strong>assu·</strong></span> <span class='ocrx_word' id='word_1_260' title='bbox 957 1752 1019 1820; x_wconf 84' lang='lat' dir='ltr'><strong>ejus</strong></span> <span class='ocrx_word' id='word_1_261' title='bbox 1044 1766 1110 1821; x_wconf 92' lang='lat' dir='ltr'><strong>pace</strong></span> <span class='ocrx_word' id='word_1_262' title='bbox 1136 1750 1260 1821; x_wconf 85' lang='lat' dir='ltr'><strong>dixerim)</strong></span> <span class='ocrx_word' id='word_1_263' title='bbox 1284 1765 1337 1806; x_wconf 89' lang='lat' dir='ltr'><strong>nou</strong></span> <span class='ocrx_word' id='word_1_264' title='bbox 1361 1750 1447 1806; x_wconf 90' lang='lat' dir='ltr'><strong>carnit</strong></span> <span class='ocrx_word' id='word_1_265' title='bbox 1469 1751 1519 1806; x_wconf 88' lang='lat' dir='ltr'><strong>hac</strong></span> <span class='ocrx_word' id='word_1_266' title='bbox 1541 1760 1604 1806; x_wconf 90' lang='lat' dir='ltr'><strong>nota</strong></span> <span class='ocrx_word' id='word_1_267' title='bbox 1618 1767 1626 1805; x_wconf 79' lang='grc' dir='ltr'><strong>ε</strong></span> <span class='ocrx_word' id='word_1_268' title='bbox 1641 1765 1675 1804; x_wconf 90' lang='lat' dir='ltr'><strong>an</strong></span> <span class='ocrx_word' id='word_1_269' title='bbox 1689 1763 1754 1804; x_wconf 84' lang='lat' dir='ltr'><strong>sero</strong></span> 
     </span>
     <span class='ocr_line' id='line_1_19' title="bbox 107 1836 1754 1912; baseline 0.003 -24"><span class='ocrx_word' id='word_1_270' title='bbox 107 1839 199 1892; x_wconf 80' lang='lat' dir='ltr'><strong>initur.</strong></span> <span class='ocrx_word' id='word_1_271' title='bbox 210 1836 285 1893; x_wconf 86' lang='lat' dir='ltr'><strong>Scire</strong></span> <span class='ocrx_word' id='word_1_272' title='bbox 296 1839 377 1893; x_wconf 81' lang='lat' dir='ltr'><strong>ruitis</strong></span> <span class='ocrx_word' id='word_1_273' title='bbox 388 1840 460 1893; x_wconf 91' lang='lat' dir='ltr'><strong>unde</strong></span> <span class='ocrx_word' id='word_1_274' title='bbox 475 1839 501 1893; x_wconf 88' lang='lat' dir='ltr'><strong>id</strong></span> <span class='ocrx_word' id='word_1_275' title='bbox 517 1839 643 1911; x_wconf 76' lang='lat' dir='ltr'><strong>sperem?</strong></span> <span class='ocrx_word' id='word_1_276' title='bbox 652 1842 719 1897; x_wconf 88' lang='lat' dir='ltr'><strong>Boni</strong></span> <span class='ocrx_word' id='word_1_277' title='bbox 734 1842 785 1898; x_wconf 89' lang='lat' dir='ltr'><strong>boc</strong></span> <span class='ocrx_word' id='word_1_278' title='bbox 799 1842 902 1909; x_wconf 83' lang='lat' dir='ltr'><strong>volunt,</strong></span> <span class='ocrx_word' id='word_1_279' title='bbox 958 1856 1008 1897; x_wconf 90' lang='lat' dir='ltr'><strong>nec</strong></span> <span class='ocrx_word' id='word_1_280' title='bbox 1021 1841 1113 1912; x_wconf 89' lang='lat' dir='ltr'><strong>culpa,</strong></span> <span class='ocrx_word' id='word_1_281' title='bbox 1129 1857 1185 1895; x_wconf 74' lang='grc' dir='ltr'><strong>εεε</strong></span> <span class='ocrx_word' id='word_1_282' title='bbox 1195 1840 1281 1910; x_wconf 88' lang='lat' dir='ltr'><strong>ipsius</strong></span> <span class='ocrx_word' id='word_1_283' title='bbox 1295 1839 1468 1896; x_wconf 82' lang='lat' dir='ltr'><strong>conscientiae</strong></span> <span class='ocrx_word' id='word_1_284' title='bbox 1483 1839 1688 1911; x_wconf 89' lang='lat' dir='ltr'><strong>relinquendum</strong></span> <span class='ocrx_word' id='word_1_285' title='bbox 1703 1843 1754 1894; x_wconf 85' lang='lat' dir='ltr'><strong>est.</strong></span> 
     </span>
     <span class='ocr_line' id='line_1_20' title="bbox 106 1925 1755 2001; baseline 0.001 -22"><span class='ocrx_word' id='word_1_286' title='bbox 106 1941 157 1980; x_wconf 84' lang='lat' dir='ltr'><strong>noc</strong></span> <span class='ocrx_word' id='word_1_287' title='bbox 177 1933 267 1997; x_wconf 88' lang='lat' dir='ltr'><strong>potost</strong></span> <span class='ocrx_word' id='word_1_288' title='bbox 289 1927 381 1981; x_wconf 92' lang='lat' dir='ltr'><strong>bonus</strong></span> <span class='ocrx_word' id='word_1_289' title='bbox 403 1942 457 1983; x_wconf 92' lang='lat' dir='ltr'><strong>non</strong></span> <span class='ocrx_word' id='word_1_290' title='bbox 481 1943 544 1983; x_wconf 89' lang='lat' dir='ltr'><strong>esse</strong></span> <span class='ocrx_word' id='word_1_291' title='bbox 567 1929 614 2001; x_wconf 88' lang='lat' dir='ltr'><strong>qui</strong></span> <span class='ocrx_word' id='word_1_292' title='bbox 639 1930 717 1986; x_wconf 88' lang='lat' dir='ltr'><strong>bonis</strong></span> <span class='ocrx_word' id='word_1_293' title='bbox 739 1930 835 2001; x_wconf 90' lang='lat' dir='ltr'><strong>placet.</strong></span> <span class='ocrx_word' id='word_1_294' title='bbox 850 1933 905 1986; x_wconf 89' lang='lat' dir='ltr'><strong>Nec</strong></span> <span class='ocrx_word' id='word_1_295' title='bbox 958 1928 992 1983; x_wconf 91' lang='lat' dir='ltr'><strong>Et</strong></span> <span class='ocrx_word' id='word_1_296' title='bbox 1007 1929 1073 1999; x_wconf 89' lang='lat' dir='ltr'><strong>qnid</strong></span> <span class='ocrx_word' id='word_1_297' title='bbox 1096 1932 1119 1984; x_wconf 88' lang='lat' dir='ltr'><strong>si</strong></span> <span class='ocrx_word' id='word_1_298' title='bbox 1143 1928 1213 1984; x_wconf 91' lang='lat' dir='ltr'><strong>forte</strong></span> <span class='ocrx_word' id='word_1_299' title='bbox 1240 1929 1291 1985; x_wconf 87' lang='lat' dir='ltr'><strong>hoc</strong></span> <span class='ocrx_word' id='word_1_300' title='bbox 1304 1929 1431 2000; x_wconf 86' lang='lat' dir='ltr'><strong>cogitarit</strong></span> <span class='ocrx_word' id='word_1_301' title='bbox 1445 1926 1495 2000; x_wconf 88' lang='lat' dir='ltr'><strong>[nl.</strong></span> <span class='ocrx_word' id='word_1_302' title='bbox 1508 1925 1651 1998; x_wconf 84' lang='lat' dir='ltr'><strong>judicavit]</strong></span> <span class='ocrx_word' id='word_1_303' title='bbox 1665 1926 1755 1983; x_wconf 91' lang='lat' dir='ltr'><strong>domi-</strong></span> 
     </span>
     <span class='ocr_line' id='line_1_21' title="bbox 106 2014 1756 2091; baseline 0.001 -23"><span class='ocrx_word' id='word_1_304' title='bbox 106 2014 324 2070; x_wconf 84' lang='lat' dir='ltr'><strong>minusvaiidum</strong></span> <span class='ocrx_word' id='word_1_305' title='bbox 335 2025 525 2088; x_wconf 83' lang='lat' dir='ltr'><strong>argumentum</strong></span> <span class='ocrx_word' id='word_1_306' title='bbox 539 2018 603 2072; x_wconf 91' lang='lat' dir='ltr'><strong>mibi</strong></span> <span class='ocrx_word' id='word_1_307' title='bbox 614 2018 801 2091; x_wconf 83' lang='lat' dir='ltr'><strong>videturquod</strong></span> <span class='ocrx_word' id='word_1_308' title='bbox 817 2021 905 2076; x_wconf 89' lang='lat' dir='ltr'><strong>bonus</strong></span> <span class='ocrx_word' id='word_1_309' title='bbox 958 2033 1009 2071; x_wconf 83' lang='lat' dir='ltr'><strong>irus</strong></span> <span class='ocrx_word' id='word_1_310' title='bbox 1024 2017 1097 2086; x_wconf 89' lang='lat' dir='ltr'><strong>Papa</strong></span> <span class='ocrx_word' id='word_1_311' title='bbox 1114 2035 1120 2071; x_wconf 94' lang='lat'>:</span> <span class='ocrx_word' id='word_1_312' title='bbox 1135 2032 1206 2081; x_wconf 90' lang='lat' dir='ltr'><strong>cum,</strong></span> <span class='ocrx_word' id='word_1_313' title='bbox 1229 2016 1298 2073; x_wconf 89' lang='lat' dir='ltr'><strong>sicut</strong></span> <span class='ocrx_word' id='word_1_314' title='bbox 1320 2016 1420 2082; x_wconf 90' lang='lat' dir='ltr'><strong>dicitis,</strong></span> <span class='ocrx_word' id='word_1_315' title='bbox 1441 2015 1564 2071; x_wconf 88' lang='lat' dir='ltr'><strong>electioni</strong></span> <span class='ocrx_word' id='word_1_316' title='bbox 1578 2015 1639 2084; x_wconf 84' lang='lat' dir='ltr'><strong>ajns</strong></span> <span class='ocrx_word' id='word_1_317' title='bbox 1653 2029 1756 2070; x_wconf 87' lang='lat' dir='ltr'><strong>assen-</strong></span> 
     </span>
     <span class='ocr_line' id='line_1_22' title="bbox 104 2103 1756 2177; baseline 0.002 -21"><span class='ocrx_word' id='word_1_318' title='bbox 104 2104 153 2172; x_wconf 86' lang='lat' dir='ltr'><strong>sit,</strong></span> <span class='ocrx_word' id='word_1_319' title='bbox 168 2103 192 2158; x_wconf 92' lang='lat' dir='ltr'><strong>si</strong></span> <span class='ocrx_word' id='word_1_320' title='bbox 209 2104 288 2159; x_wconf 84' lang='lat' dir='ltr'><strong>molis</strong></span> <span class='ocrx_word' id='word_1_321' title='bbox 303 2121 318 2160; x_wconf 90' lang='grc' dir='ltr'><strong>ε</strong></span> <span class='ocrx_word' id='word_1_322' title='bbox 331 2106 444 2176; x_wconf 86' lang='lat' dir='ltr'><strong>regione</strong></span> <span class='ocrx_word' id='word_1_323' title='bbox 459 2107 611 2177; x_wconf 86' lang='lat' dir='ltr'><strong>displicent.</strong></span> <span class='ocrx_word' id='word_1_324' title='bbox 629 2108 709 2164; x_wconf 84' lang='lat' dir='ltr'><strong>Decet</strong></span> <span class='ocrx_word' id='word_1_325' title='bbox 729 2109 904 2166; x_wconf 87' lang='lat' dir='ltr'><strong>Sanctitatem</strong></span> <span class='ocrx_word' id='word_1_326' title='bbox 958 2106 1007 2162; x_wconf 90' lang='lat' dir='ltr'><strong>tire</strong></span> <span class='ocrx_word' id='word_1_327' title='bbox 1034 2106 1174 2162; x_wconf 68' lang='lat' dir='ltr'><strong>renuerit?</strong></span> <span class='ocrx_word' id='word_1_328' title='bbox 1195 2106 1300 2162; x_wconf 86' lang='lat' dir='ltr'><strong>Veritus</strong></span> <span class='ocrx_word' id='word_1_329' title='bbox 1324 2105 1435 2176; x_wconf 90' lang='lat' dir='ltr'><strong>quippe,</strong></span> <span class='ocrx_word' id='word_1_330' title='bbox 1451 2114 1481 2159; x_wconf 90' lang='lat' dir='ltr'><strong>ut</strong></span> <span class='ocrx_word' id='word_1_331' title='bbox 1507 2104 1621 2171; x_wconf 79' lang='lat' dir='ltr'><strong>asumo,</strong></span> <span class='ocrx_word' id='word_1_332' title='bbox 1646 2103 1756 2176; x_wconf 75' lang='lat' dir='ltr'><strong>linguas</strong></span> 
     </span>
     <span class='ocr_line' id='line_1_23' title="bbox 101 2188 1755 2264; baseline 0.002 -19"><span class='ocrx_word' id='word_1_333' title='bbox 101 2200 223 2247; x_wconf 86' lang='lat' dir='ltr'><strong>vestram</strong></span> <span class='ocrx_word' id='word_1_334' title='bbox 234 2195 305 2251; x_wconf 83' lang='lat' dir='ltr'><strong>rotis</strong></span> <span class='ocrx_word' id='word_1_335' title='bbox 320 2195 450 2250; x_wconf 87' lang='lat' dir='ltr'><strong>assentire</strong></span> <span class='ocrx_word' id='word_1_336' title='bbox 463 2197 598 2252; x_wconf 90' lang='lat' dir='ltr'><strong>bonorum</strong></span> <span class='ocrx_word' id='word_1_337' title='bbox 611 2214 617 2251; x_wconf 92' lang='lat'>:</span> <span class='ocrx_word' id='word_1_338' title='bbox 630 2210 665 2251; x_wconf 88' lang='lat' dir='ltr'><strong>ne</strong></span> <span class='ocrx_word' id='word_1_339' title='bbox 680 2196 704 2252; x_wconf 94' lang='lat' dir='ltr'><strong>si</strong></span> <span class='ocrx_word' id='word_1_340' title='bbox 717 2197 751 2251; x_wconf 88' lang='lat' dir='ltr'><strong>ab</strong></span> <span class='ocrx_word' id='word_1_341' title='bbox 766 2197 818 2253; x_wconf 92' lang='lat' dir='ltr'><strong>isto</strong></span> <span class='ocrx_word' id='word_1_342' title='bbox 833 2195 903 2254; x_wconf 87' lang='lat' dir='ltr'><strong>forte</strong></span> <span class='ocrx_word' id='word_1_343' title='bbox 957 2196 1180 2262; x_wconf 82' lang='lat' dir='ltr'><strong>obtrectatorum,</strong></span> <span class='ocrx_word' id='word_1_344' title='bbox 1205 2195 1291 2251; x_wconf 81' lang='lat' dir='ltr'><strong>vetuit</strong></span> <span class='ocrx_word' id='word_1_345' title='bbox 1314 2194 1464 2250; x_wconf 81' lang='lat' dir='ltr'><strong>festinatam</strong></span> <span class='ocrx_word' id='word_1_346' title='bbox 1479 2194 1542 2250; x_wconf 87' lang='lat' dir='ltr'><strong>novi</strong></span> <span class='ocrx_word' id='word_1_347' title='bbox 1556 2188 1675 2250; x_wconf 85' lang='lat' dir='ltr'><strong>eremitie</strong></span> <span class='ocrx_word' id='word_1_348' title='bbox 1689 2208 1755 2264; x_wconf 90' lang='lat' dir='ltr'><strong>pro·</strong></span> 
     </span>
     <span class='ocr_line' id='line_1_24' title="bbox 101 2281 1757 2357; baseline 0.002 -22"><span class='ocrx_word' id='word_1_349' title='bbox 101 2281 211 2336; x_wconf 82' lang='lat' dir='ltr'><strong>resilire</strong></span> <span class='ocrx_word' id='word_1_350' title='bbox 232 2282 377 2355; x_wconf 85' lang='lat' dir='ltr'><strong>continget,</strong></span> <span class='ocrx_word' id='word_1_351' title='bbox 405 2282 487 2337; x_wconf 90' lang='lat' dir='ltr'><strong>aliurn</strong></span> <span class='ocrx_word' id='word_1_352' title='bbox 511 2300 592 2357; x_wconf 88' lang='lat' dir='ltr'><strong>quent</strong></span> <span class='ocrx_word' id='word_1_353' title='bbox 615 2284 734 2354; x_wconf 90' lang='lat' dir='ltr'><strong>nolletis,</strong></span> <span class='ocrx_word' id='word_1_354' title='bbox 758 2285 849 2342; x_wconf 90' lang='lat' dir='ltr'><strong>studio</strong></span> <span class='ocrx_word' id='word_1_355' title='bbox 877 2294 905 2343; x_wconf 92' lang='grc' dir='ltr'><strong>ει</strong></span> <span class='ocrx_word' id='word_1_356' title='bbox 957 2284 1103 2339; x_wconf 88' lang='lat' dir='ltr'><strong>motionem</strong></span> <span class='ocrx_word' id='word_1_357' title='bbox 1129 2305 1136 2342; x_wconf 88' lang='lat'><strong>:</strong></span> <span class='ocrx_word' id='word_1_358' title='bbox 1162 2299 1207 2353; x_wconf 86' lang='lat' dir='ltr'><strong>ne,</strong></span> <span class='ocrx_word' id='word_1_359' title='bbox 1232 2290 1260 2339; x_wconf 92' lang='lat' dir='ltr'><strong>ut</strong></span> <span class='ocrx_word' id='word_1_360' title='bbox 1283 2283 1347 2349; x_wconf 84' lang='lat' dir='ltr'><strong>diti,</strong></span> <span class='ocrx_word' id='word_1_361' title='bbox 1374 2283 1470 2357; x_wconf 92' lang='lat' dir='ltr'><strong>lingua</strong></span> <span class='ocrx_word' id='word_1_362' title='bbox 1498 2283 1644 2355; x_wconf 87' lang='lat' dir='ltr'><strong>maliloqua</strong></span> <span class='ocrx_word' id='word_1_363' title='bbox 1665 2283 1757 2339; x_wconf 83' lang='lat' dir='ltr'><strong>dicere</strong></span> 
     </span>
     <span class='ocr_line' id='line_1_25' title="bbox 99 2370 1756 2444; baseline 0.001 -18"><span class='ocrx_word' id='word_1_364' title='bbox 99 2385 236 2426; x_wconf 88' lang='lat' dir='ltr'><strong>consensu</strong></span> <span class='ocrx_word' id='word_1_365' title='bbox 250 2385 396 2441; x_wconf 85' lang='lat' dir='ltr'><strong>pravorum</strong></span> <span class='ocrx_word' id='word_1_366' title='bbox 411 2370 552 2444; x_wconf 88' lang='lat' dir='ltr'><strong>contingat</strong></span> <span class='ocrx_word' id='word_1_367' title='bbox 566 2373 696 2444; x_wconf 87' lang='lat' dir='ltr'><strong>recipere.</strong></span> <span class='ocrx_word' id='word_1_368' title='bbox 956 2382 1059 2443; x_wconf 89' lang='lat' dir='ltr'><strong>posset,</strong></span> <span class='ocrx_word' id='word_1_369' title='bbox 1083 2373 1154 2428; x_wconf 91' lang='lat' dir='ltr'><strong>bunc</strong></span> <span class='ocrx_word' id='word_1_370' title='bbox 1175 2388 1243 2437; x_wconf 86' lang='lat' dir='ltr'><strong>esse,</strong></span> <span class='ocrx_word' id='word_1_371' title='bbox 1268 2387 1347 2442; x_wconf 88' lang='lat' dir='ltr'><strong>quem</strong></span> <span class='ocrx_word' id='word_1_372' title='bbox 1375 2387 1482 2443; x_wconf 89' lang='lat' dir='ltr'><strong>semper</strong></span> <span class='ocrx_word' id='word_1_373' title='bbox 1505 2379 1657 2440; x_wconf 81' lang='lat' dir='ltr'><strong>optauerat,</strong></span> <span class='ocrx_word' id='word_1_374' title='bbox 1671 2372 1756 2428; x_wconf 88' lang='lat' dir='ltr'><strong>eremi</strong></span> 
     </span>
    </p>
   </div>
   <div class='ocr_carea' id='block_1_4' title="bbox 186 2475 817 2654">
    <p class='ocr_par' dir='ltr' id='par_1_4' title="bbox 186 2475 817 2654">
     <span class='ocr_line' id='line_1_26' title="bbox 376 2475 635 2534; baseline 0.019 -5"><span class='ocrx_word' id='word_1_375' title='bbox 376 2475 541 2532; x_wconf 80' lang='lat' dir='ltr'><strong>EPISTOLA</strong></span> <span class='ocrx_word' id='word_1_376' title='bbox 562 2477 635 2534; x_wconf 83' lang='lat' dir='ltr'>CCL.</span> 
     </span>
     <span class='ocr_line' id='line_1_27' title="bbox 186 2581 817 2654; baseline 0.01 -20"><span class='ocrx_word' id='word_1_377' title='bbox 186 2593 222 2635; x_wconf 81' lang='lat' dir='ltr'><strong>to</strong></span> <span class='ocrx_word' id='word_1_378' title='bbox 241 2594 414 2638; x_wconf 81' lang='lat' dir='ltr'><strong>annutaouu</strong></span> <span class='ocrx_word' id='word_1_379' title='bbox 428 2581 501 2654; x_wconf 77' lang='grc'>(673)</span> <span class='ocrx_word' id='word_1_380' title='bbox 515 2598 641 2643; x_wconf 83' lang='lat' dir='ltr'><strong>raronntt</strong></span> <span class='ocrx_word' id='word_1_381' title='bbox 657 2599 817 2642; x_wconf 72' lang='lat' dir='ltr'><strong>constanti.</strong></span> 
     </span>
    </p>
   </div>
   <div class='ocr_carea' id='block_1_5' title="bbox 101 2688 904 2975">
    <p class='ocr_par' dir='ltr' id='par_1_5' title="bbox 101 2688 904 2975">
     <span class='ocr_line' id='line_1_28' title="bbox 101 2688 903 2840; baseline 0.006 -28"><span class='ocrx_word' id='word_1_382' title='bbox 101 2688 903 2840; x_wconf 58' lang='lat' dir='ltr'><strong>Pttlttlttttltltlttttltttttttitttptt</strong></span> 
     </span>
     <span class='ocr_line' id='line_1_29' title="bbox 140 2831 904 2904; baseline 0.007 -19"><span class='ocrx_word' id='word_1_383' title='bbox 140 2832 251 2899; x_wconf 71' lang='lat' dir='ltr'><strong>factam</strong></span> <span class='ocrx_word' id='word_1_384' title='bbox 257 2846 391 2886; x_wconf 77' lang='lat' dir='ltr'><strong>comesse.</strong></span> <span class='ocrx_word' id='word_1_385' title='bbox 403 2831 904 2904; x_wconf 69' lang='lat' dir='ltr'><strong>VeritaotsortePapammejuvenilis</strong></span> 
     </span>
     <span class='ocr_line' id='line_1_30' title="bbox 141 2902 857 2975; baseline 0.001 -19"><span class='ocrx_word' id='word_1_386' title='bbox 141 2902 235 2957; x_wconf 75' lang='lat' dir='ltr'><strong>atatis</strong></span> <span class='ocrx_word' id='word_1_387' title='bbox 245 2903 316 2957; x_wconf 84' lang='lat' dir='ltr'><strong>vilia</strong></span> <span class='ocrx_word' id='word_1_388' title='bbox 329 2917 406 2957; x_wconf 81' lang='lat' dir='ltr'><strong>canc</strong></span> <span class='ocrx_word' id='word_1_389' title='bbox 420 2902 534 2957; x_wconf 84' lang='lat' dir='ltr'><strong>demum</strong></span> <span class='ocrx_word' id='word_1_390' title='bbox 544 2904 698 2959; x_wconf 75' lang='lat' dir='ltr'><strong>calomnia</strong></span> <span class='ocrx_word' id='word_1_391' title='bbox 711 2907 857 2975; x_wconf 83' lang='lat' dir='ltr'><strong>paterent.</strong></span> 
     </span>
    </p>
   </div>
   <div class='ocr_carea' id='block_1_6' title="bbox 956 2457 1757 2977">
    <p class='ocr_par' dir='ltr' id='par_1_6' title="bbox 956 2457 1757 2977">
     <span class='ocr_line' id='line_1_31' title="bbox 956 2457 1755 2532; baseline 0.003 -18"><span class='ocrx_word' id='word_1_392' title='bbox 956 2457 1084 2517; x_wconf 90' lang='lat' dir='ltr'><strong>fructum.</strong></span> <span class='ocrx_word' id='word_1_393' title='bbox 1101 2462 1291 2517; x_wconf 86' lang='lat' dir='ltr'><strong>Verumtamen</strong></span> <span class='ocrx_word' id='word_1_394' title='bbox 1314 2459 1444 2532; x_wconf 88' lang='lat' dir='ltr'><strong>quidquid</strong></span> <span class='ocrx_word' id='word_1_395' title='bbox 1466 2460 1593 2516; x_wconf 91' lang='lat' dir='ltr'><strong>domiuus</strong></span> <span class='ocrx_word' id='word_1_396' title='bbox 1616 2461 1689 2531; x_wconf 89' lang='lat' dir='ltr'><strong>Papa</strong></span> <span class='ocrx_word' id='word_1_397' title='bbox 1712 2461 1755 2517; x_wconf 92' lang='lat' dir='ltr'><strong>in·</strong></span> 
     </span>
     <span class='ocr_line' id='line_1_32' title="bbox 958 2548 1757 2622; baseline 0.001 -17"><span class='ocrx_word' id='word_1_398' title='bbox 958 2550 1084 2619; x_wconf 88' lang='lat' dir='ltr'><strong>tenderit,</strong></span> <span class='ocrx_word' id='word_1_399' title='bbox 1109 2550 1164 2605; x_wconf 86' lang='lat' dir='ltr'><strong>sive</strong></span> <span class='ocrx_word' id='word_1_400' title='bbox 1188 2551 1249 2617; x_wconf 89' lang='lat' dir='ltr'><strong>boc,</strong></span> <span class='ocrx_word' id='word_1_401' title='bbox 1265 2549 1420 2618; x_wconf 81' lang='lat' dir='ltr'><strong>sitentiud,</strong></span> <span class='ocrx_word' id='word_1_402' title='bbox 1444 2564 1488 2604; x_wconf 89' lang='lat' dir='ltr'><strong>rne</strong></span> <span class='ocrx_word' id='word_1_403' title='bbox 1513 2548 1653 2622; x_wconf 87' lang='lat' dir='ltr'><strong>ignorasse</strong></span> <span class='ocrx_word' id='word_1_404' title='bbox 1666 2549 1757 2606; x_wconf 87' lang='lat' dir='ltr'><strong>sciatis</strong></span> 
     </span>
     <span class='ocr_line' id='line_1_33' title="bbox 956 2638 1757 2711; baseline 0.001 -18"><span class='ocrx_word' id='word_1_405' title='bbox 956 2638 1024 2694; x_wconf 93' lang='lat' dir='ltr'><strong>illud</strong></span> <span class='ocrx_word' id='word_1_406' title='bbox 1049 2640 1110 2709; x_wconf 86' lang='lat' dir='ltr'><strong>ejus</strong></span> <span class='ocrx_word' id='word_1_407' title='bbox 1129 2639 1296 2696; x_wconf 90' lang='lat' dir='ltr'><strong>consilium:</strong></span> <span class='ocrx_word' id='word_1_408' title='bbox 1323 2655 1357 2694; x_wconf 90' lang='lat' dir='ltr'><strong>ne</strong></span> <span class='ocrx_word' id='word_1_409' title='bbox 1377 2638 1437 2711; x_wconf 90' lang='lat' dir='ltr'><strong>quis</strong></span> <span class='ocrx_word' id='word_1_410' title='bbox 1459 2638 1530 2694; x_wconf 91' lang='lat' dir='ltr'><strong>dicat</strong></span> <span class='ocrx_word' id='word_1_411' title='bbox 1552 2640 1626 2711; x_wconf 92' lang='lat' dir='ltr'><strong>qnod</strong></span> <span class='ocrx_word' id='word_1_412' title='bbox 1640 2653 1702 2696; x_wconf 89' lang='lat' dir='ltr'><strong>meo</strong></span> <span class='ocrx_word' id='word_1_413' title='bbox 1715 2640 1757 2695; x_wconf 92' lang='lat' dir='ltr'><strong>in-</strong></span> 
     </span>
     <span class='ocr_line' id='line_1_34' title="bbox 957 2727 1757 2800; baseline -0.003 -16"><span class='ocrx_word' id='word_1_414' title='bbox 957 2728 1055 2784; x_wconf 81' lang='grc' dir='ltr'><strong>ειίεειε</strong></span> <span class='ocrx_word' id='word_1_415' title='bbox 1079 2728 1105 2783; x_wconf 92' lang='lat' dir='ltr'><strong>id</strong></span> <span class='ocrx_word' id='word_1_416' title='bbox 1129 2728 1234 2785; x_wconf 88' lang='lat' dir='ltr'><strong>fecerit.</strong></span> <span class='ocrx_word' id='word_1_417' title='bbox 1249 2727 1319 2783; x_wconf 90' lang='lat' dir='ltr'><strong>Nam</strong></span> <span class='ocrx_word' id='word_1_418' title='bbox 1333 2728 1406 2800; x_wconf 89' lang='lat' dir='ltr'><strong>quod</strong></span> <span class='ocrx_word' id='word_1_419' title='bbox 1429 2727 1464 2782; x_wconf 89' lang='lat' dir='ltr'><strong>ad</strong></span> <span class='ocrx_word' id='word_1_420' title='bbox 1485 2743 1528 2783; x_wconf 89' lang='lat' dir='ltr'><strong>me</strong></span> <span class='ocrx_word' id='word_1_421' title='bbox 1550 2727 1757 2798; x_wconf 69' lang='lat' dir='ltr'><strong>perducamini</strong></span> 
     </span>
     <span class='ocr_line' id='line_1_35' title="bbox 958 2817 1757 2890; baseline 0 -17"><span class='ocrx_word' id='word_1_422' title='bbox 958 2818 1098 2874; x_wconf 90' lang='lat' dir='ltr'><strong>decretum</strong></span> <span class='ocrx_word' id='word_1_423' title='bbox 1111 2828 1162 2882; x_wconf 86' lang='lat' dir='ltr'><strong>est,</strong></span> <span class='ocrx_word' id='word_1_424' title='bbox 1174 2817 1221 2873; x_wconf 91' lang='lat' dir='ltr'><strong>ubi</strong></span> <span class='ocrx_word' id='word_1_425' title='bbox 1235 2826 1388 2889; x_wconf 89' lang='lat' dir='ltr'><strong>opportune</strong></span> <span class='ocrx_word' id='word_1_426' title='bbox 1402 2833 1522 2890; x_wconf 88' lang='lat' dir='ltr'><strong>possem,</strong></span> <span class='ocrx_word' id='word_1_427' title='bbox 1534 2831 1589 2873; x_wconf 92' lang='lat' dir='ltr'><strong>non</strong></span> <span class='ocrx_word' id='word_1_428' title='bbox 1604 2819 1691 2874; x_wconf 90' lang='lat' dir='ltr'><strong>solum</strong></span> <span class='ocrx_word' id='word_1_429' title='bbox 1701 2831 1757 2873; x_wconf 89' lang='lat' dir='ltr'><strong>nou</strong></span> 
     </span>
     <span class='ocr_line' id='line_1_36' title="bbox 960 2906 1757 2977; baseline 0.003 -17"><span class='ocrx_word' id='word_1_430' title='bbox 960 2906 1101 2977; x_wconf 88' lang='lat' dir='ltr'><strong>impedire,</strong></span> <span class='ocrx_word' id='word_1_431' title='bbox 1126 2907 1176 2961; x_wconf 89' lang='lat' dir='ltr'><strong>sed</strong></span> <span class='ocrx_word' id='word_1_432' title='bbox 1198 2907 1280 2962; x_wconf 88' lang='lat' dir='ltr'><strong>etiam</strong></span> <span class='ocrx_word' id='word_1_433' title='bbox 1301 2907 1365 2962; x_wconf 89' lang='lat' dir='ltr'><strong>totis</strong></span> <span class='ocrx_word' id='word_1_434' title='bbox 1386 2907 1500 2972; x_wconf 86' lang='lat' dir='ltr'><strong>viribus,</strong></span> <span class='ocrx_word' id='word_1_435' title='bbox 1521 2916 1549 2963; x_wconf 94' lang='lat' dir='ltr'><strong>et</strong></span> <span class='ocrx_word' id='word_1_436' title='bbox 1567 2906 1706 2972; x_wconf 87' lang='lat' dir='ltr'><strong>ambabus,</strong></span> <span class='ocrx_word' id='word_1_437' title='bbox 1728 2913 1757 2962; x_wconf 93' lang='lat' dir='ltr'><strong>ut</strong></span> 
     </span>
    </p>
   </div>
   <div class='ocr_carea' id='block_1_7' title="bbox 104 2989 1764 3600">
    <p class='ocr_par' dir='ltr' id='par_1_7' title="bbox 104 2989 1762 3334">
     <span class='ocr_line' id='line_1_37' title="bbox 140 2989 1758 3067; baseline 0.004 -22"><span class='ocrx_word' id='word_1_438' title='bbox 140 2989 383 3046; x_wconf 82' lang='lat' dir='ltr'><strong>Reverendissimis</strong></span> <span class='ocrx_word' id='word_1_439' title='bbox 405 2992 531 3059; x_wconf 90' lang='lat' dir='ltr'><strong>patribus</strong></span> <span class='ocrx_word' id='word_1_440' title='bbox 556 3002 584 3046; x_wconf 91' lang='lat' dir='ltr'><strong>et</strong></span> <span class='ocrx_word' id='word_1_441' title='bbox 609 2991 727 3047; x_wconf 89' lang='lat' dir='ltr'><strong>dominis</strong></span> <span class='ocrx_word' id='word_1_442' title='bbox 753 2990 906 3046; x_wconf 89' lang='lat' dir='ltr'><strong>amantissi·</strong></span> <span class='ocrx_word' id='word_1_443' title='bbox 960 2994 1069 3061; x_wconf 92' lang='lat' dir='ltr'><strong>dicitur,</strong></span> <span class='ocrx_word' id='word_1_444' title='bbox 1086 2995 1194 3050; x_wconf 87' lang='lat' dir='ltr'><strong>trabere</strong></span> <span class='ocrx_word' id='word_1_445' title='bbox 1208 2994 1342 3065; x_wconf 87' lang='lat' dir='ltr'><strong>manibus,</strong></span> <span class='ocrx_word' id='word_1_446' title='bbox 1371 2994 1416 3050; x_wconf 89' lang='lat' dir='ltr'><strong>ubi</strong></span> <span class='ocrx_word' id='word_1_447' title='bbox 1438 2994 1472 3049; x_wconf 88' lang='lat' dir='ltr'><strong>de</strong></span> <span class='ocrx_word' id='word_1_448' title='bbox 1493 2995 1591 3066; x_wconf 87' lang='lat' dir='ltr'><strong>gratia,</strong></span> <span class='ocrx_word' id='word_1_449' title='bbox 1608 3010 1669 3067; x_wconf 77' lang='lat' dir='ltr'><strong>qua</strong></span> <span class='ocrx_word' id='word_1_450' title='bbox 1682 2994 1710 3049; x_wconf 91' lang='lat' dir='ltr'><strong>in</strong></span> <span class='ocrx_word' id='word_1_451' title='bbox 1724 3009 1758 3051; x_wconf 88' lang='lat' dir='ltr'><strong>eo</strong></span> 
     </span>
     <span class='ocr_line' id='line_1_38' title="bbox 104 3047 1757 3153; baseline 0.001 -19"><span class='ocrx_word' id='word_1_452' title='bbox 104 3080 167 3150; x_wconf 90' lang='lat' dir='ltr'><strong>mis,</strong></span> <span class='ocrx_word' id='word_1_453' title='bbox 183 3082 333 3136; x_wconf 77' lang='lat' dir='ltr'><strong>Bassiano</strong></span> <span class='ocrx_word' id='word_1_454' title='bbox 348 3078 432 3151; x_wconf 89' lang='lat' dir='ltr'><strong>priori</strong></span> <span class='ocrx_word' id='word_1_455' title='bbox 456 3079 610 3146; x_wconf 85' lang='lat' dir='ltr'><strong>Portarum,</strong></span> <span class='ocrx_word' id='word_1_456' title='bbox 626 3088 653 3136; x_wconf 93' lang='lat' dir='ltr'><strong>et</strong></span> <span class='ocrx_word' id='word_1_457' title='bbox 668 3080 769 3135; x_wconf 88' lang='lat' dir='ltr'><strong>sanctis</strong></span> <span class='ocrx_word' id='word_1_458' title='bbox 784 3082 829 3153; x_wconf 91' lang='lat' dir='ltr'><strong>qni</strong></span> <span class='ocrx_word' id='word_1_459' title='bbox 843 3093 905 3136; x_wconf 91' lang='lat' dir='ltr'><strong>cum</strong></span> <span class='ocrx_word' id='word_1_460' title='bbox 923 3047 945 3126; x_wconf 64' lang='lat' dir='ltr'>c</span> <span class='ocrx_word' id='word_1_461' title='bbox 960 3092 1011 3148; x_wconf 86' lang='lat' dir='ltr'><strong>est,</strong></span> <span class='ocrx_word' id='word_1_462' title='bbox 1027 3084 1086 3137; x_wconf 91' lang='lat' dir='ltr'><strong>Deo</strong></span> <span class='ocrx_word' id='word_1_463' title='bbox 1099 3081 1261 3138; x_wconf 84' lang='lat' dir='ltr'><strong>fructificare</strong></span> <span class='ocrx_word' id='word_1_464' title='bbox 1275 3082 1386 3138; x_wconf 84' lang='lat' dir='ltr'><strong>valeret.</strong></span> <span class='ocrx_word' id='word_1_465' title='bbox 1402 3080 1469 3151; x_wconf 88' lang='lat' dir='ltr'><strong>Quis</strong></span> <span class='ocrx_word' id='word_1_466' title='bbox 1483 3081 1556 3138; x_wconf 91' lang='lat' dir='ltr'><strong>dabit</strong></span> <span class='ocrx_word' id='word_1_467' title='bbox 1578 3082 1644 3136; x_wconf 88' lang='lat' dir='ltr'><strong>mibi</strong></span> <span class='ocrx_word' id='word_1_468' title='bbox 1666 3081 1757 3136; x_wconf 90' lang='lat' dir='ltr'><strong>bomi-</strong></span> 
     </span>
     <span class='ocr_line' id='line_1_39' title="bbox 104 3168 1761 3243; baseline 0.003 -20"><span class='ocrx_word' id='word_1_469' title='bbox 104 3184 138 3223; x_wconf 91' lang='grc' dir='ltr'><strong>εο</strong></span> <span class='ocrx_word' id='word_1_470' title='bbox 158 3177 230 3241; x_wconf 84' lang='lat' dir='ltr'><strong>sunt,</strong></span> <span class='ocrx_word' id='word_1_471' title='bbox 254 3169 427 3224; x_wconf 75' lang='lat' dir='ltr'><strong>Bassianus</strong></span> <span class='ocrx_word' id='word_1_472' title='bbox 449 3168 641 3228; x_wconf 75' lang='lat' dir='ltr'><strong>Clare-Vallis</strong></span> <span class='ocrx_word' id='word_1_473' title='bbox 666 3178 782 3226; x_wconf 87' lang='lat' dir='ltr'><strong>vocatus</strong></span> <span class='ocrx_word' id='word_1_474' title='bbox 810 3169 903 3238; x_wconf 88' lang='lat' dir='ltr'><strong>abbas,</strong></span> <span class='ocrx_word' id='word_1_475' title='bbox 959 3188 1007 3228; x_wconf 86' lang='lat' dir='ltr'><strong>nee</strong></span> <span class='ocrx_word' id='word_1_476' title='bbox 1021 3172 1155 3229; x_wconf 88' lang='lat' dir='ltr'><strong>litteratos</strong></span> <span class='ocrx_word' id='word_1_477' title='bbox 1174 3181 1202 3228; x_wconf 91' lang='lat' dir='ltr'><strong>et</strong></span> <span class='ocrx_word' id='word_1_478' title='bbox 1224 3180 1334 3226; x_wconf 87' lang='lat' dir='ltr'><strong>sanctos</strong></span> <span class='ocrx_word' id='word_1_479' title='bbox 1360 3172 1387 3226; x_wconf 89' lang='lat' dir='ltr'><strong>io</strong></span> <span class='ocrx_word' id='word_1_480' title='bbox 1413 3170 1543 3226; x_wconf 87' lang='lat' dir='ltr'><strong>Ecclesiis</strong></span> <span class='ocrx_word' id='word_1_481' title='bbox 1566 3170 1617 3228; x_wconf 87' lang='lat' dir='ltr'><strong>ilci</strong></span> <span class='ocrx_word' id='word_1_482' title='bbox 1643 3185 1761 3243; x_wconf 78' lang='lat' dir='ltr'><strong>praessa</strong></span> 
     </span>
     <span class='ocr_line' id='line_1_40' title="bbox 105 3257 1762 3334; baseline 0.002 -22"><span class='ocrx_word' id='word_1_483' title='bbox 105 3257 220 3312; x_wconf 90' lang='lat' dir='ltr'><strong>salntem</strong></span> <span class='ocrx_word' id='word_1_484' title='bbox 235 3260 262 3312; x_wconf 91' lang='lat' dir='ltr'><strong>in</strong></span> <span class='ocrx_word' id='word_1_485' title='bbox 276 3260 403 3313; x_wconf 87' lang='lat' dir='ltr'><strong>Domino.</strong></span> <span class='ocrx_word' id='word_1_486' title='bbox 959 3270 1091 3334; x_wconf 90' lang='lat' dir='ltr'><strong>pastores,</strong></span> <span class='ocrx_word' id='word_1_487' title='bbox 1109 3261 1132 3317; x_wconf 91' lang='lat' dir='ltr'><strong>si</strong></span> <span class='ocrx_word' id='word_1_488' title='bbox 1147 3277 1200 3317; x_wconf 89' lang='lat' dir='ltr'><strong>non</strong></span> <span class='ocrx_word' id='word_1_489' title='bbox 1216 3260 1243 3316; x_wconf 93' lang='lat' dir='ltr'><strong>in</strong></span> <span class='ocrx_word' id='word_1_490' title='bbox 1257 3260 1393 3330; x_wconf 87' lang='lat' dir='ltr'><strong>omuibus,</strong></span> <span class='ocrx_word' id='word_1_491' title='bbox 1409 3259 1525 3318; x_wconf 86' lang='lat' dir='ltr'><strong>certain</strong></span> <span class='ocrx_word' id='word_1_492' title='bbox 1541 3259 1673 3331; x_wconf 88' lang='lat' dir='ltr'><strong>pluribus,</strong></span> <span class='ocrx_word' id='word_1_493' title='bbox 1688 3266 1762 3316; x_wconf 87' lang='lat' dir='ltr'><strong>certa</strong></span> 
     </span>
    </p>

    <p class='ocr_par' dir='ltr' id='par_1_8' title="bbox 106 3345 1764 3600">
     <span class='ocr_line' id='line_1_41' title="bbox 143 3345 1761 3439; baseline 0.002 -38"><span class='ocrx_word' id='word_1_494' title='bbox 143 3349 169 3401; x_wconf 85' lang='lat'><strong>1.</strong></span> <span class='ocrx_word' id='word_1_495' title='bbox 184 3346 225 3401; x_wconf 87' lang='lat' dir='ltr'><strong>Ex</strong></span> <span class='ocrx_word' id='word_1_496' title='bbox 245 3347 362 3418; x_wconf 91' lang='lat' dir='ltr'><strong>quodam</strong></span> <span class='ocrx_word' id='word_1_497' title='bbox 377 3345 558 3402; x_wconf 81' lang='lat' dir='ltr'><strong>beatitudinis</strong></span> <span class='ocrx_word' id='word_1_498' title='bbox 573 3353 670 3439; x_wconf 64' lang='lat' dir='ltr'><strong>vestrae</strong></span> <span class='ocrx_word' id='word_1_499' title='bbox 684 3346 815 3418; x_wconf 91' lang='lat' dir='ltr'><strong>rescripto</strong></span> <span class='ocrx_word' id='word_1_500' title='bbox 828 3361 907 3403; x_wconf 89' lang='lat' dir='ltr'><strong>corn-</strong></span> <span class='ocrx_word' id='word_1_501' title='bbox 960 3352 988 3407; x_wconf 90' lang='lat' dir='ltr'><strong>in</strong></span> <span class='ocrx_word' id='word_1_502' title='bbox 1002 3351 1139 3424; x_wconf 89' lang='lat' dir='ltr'><strong>aliquibus</strong></span> <span class='ocrx_word' id='word_1_503' title='bbox 1149 3351 1264 3407; x_wconf 78' lang='lat' dir='ltr'><strong>saltem?</strong></span> <span class='ocrx_word' id='word_1_504' title='bbox 1276 3348 1347 3419; x_wconf 88' lang='lat' dir='ltr'><strong>Quid</strong></span> <span class='ocrx_word' id='word_1_505' title='bbox 1359 3347 1430 3405; x_wconf 91' lang='lat' dir='ltr'><strong>enim</strong></span> <span class='ocrx_word' id='word_1_506' title='bbox 1445 3348 1468 3405; x_wconf 91' lang='lat' dir='ltr'><strong>si</strong></span> <span class='ocrx_word' id='word_1_507' title='bbox 1480 3348 1590 3419; x_wconf 81' lang='lat' dir='ltr'><strong>iuvenis</strong></span> <span class='ocrx_word' id='word_1_508' title='bbox 1600 3348 1688 3423; x_wconf 88' lang='lat' dir='ltr'><strong>aliqua</strong></span> <span class='ocrx_word' id='word_1_509' title='bbox 1696 3348 1761 3406; x_wconf 87' lang='lat' dir='ltr'><strong>olim</strong></span> 
     </span>
     <span class='ocr_line' id='line_1_42' title="bbox 106 3435 1761 3513; baseline 0.003 -24"><span class='ocrx_word' id='word_1_510' title='bbox 106 3435 177 3505; x_wconf 88' lang='lat' dir='ltr'><strong>peri,</strong></span> <span class='ocrx_word' id='word_1_511' title='bbox 194 3435 337 3507; x_wconf 87' lang='lat' dir='ltr'><strong>scripsisse</strong></span> <span class='ocrx_word' id='word_1_512' title='bbox 352 3451 396 3490; x_wconf 90' lang='lat' dir='ltr'><strong>rue</strong></span> <span class='ocrx_word' id='word_1_513' title='bbox 409 3435 523 3506; x_wconf 89' lang='lat' dir='ltr'><strong>aliquid,</strong></span> <span class='ocrx_word' id='word_1_514' title='bbox 539 3435 610 3506; x_wconf 89' lang='lat' dir='ltr'><strong>qnod</strong></span> <span class='ocrx_word' id='word_1_515' title='bbox 624 3451 667 3490; x_wconf 91' lang='lat' dir='ltr'><strong>me</strong></span> <span class='ocrx_word' id='word_1_516' title='bbox 681 3435 816 3492; x_wconf 88' lang='lat' dir='ltr'><strong>indicaret</strong></span> <span class='ocrx_word' id='word_1_517' title='bbox 829 3451 907 3491; x_wconf 88' lang='lat' dir='ltr'><strong>oom-</strong></span> <span class='ocrx_word' id='word_1_518' title='bbox 958 3441 1116 3512; x_wconf 74' lang='lat' dir='ltr'><strong>iuveniliter</strong></span> <span class='ocrx_word' id='word_1_519' title='bbox 1137 3440 1224 3513; x_wconf 89' lang='lat' dir='ltr'><strong>egisse</strong></span> <span class='ocrx_word' id='word_1_520' title='bbox 1247 3437 1432 3496; x_wconf 78' lang='lat' dir='ltr'><strong>memoratur?</strong></span> <span class='ocrx_word' id='word_1_521' title='bbox 1456 3438 1554 3496; x_wconf 83' lang='lat' dir='ltr'><strong>Vetera</strong></span> <span class='ocrx_word' id='word_1_522' title='bbox 1577 3439 1761 3506; x_wconf 87' lang='lat' dir='ltr'><strong>transierunt,</strong></span> 
     </span>
     <span class='ocr_line' id='line_1_43' title="bbox 107 3524 1764 3600; baseline 0.004 -23"><span class='ocrx_word' id='word_1_523' title='bbox 107 3533 335 3595; x_wconf 81' lang='lat' dir='ltr'><strong>motum,v0sque</strong></span> <span class='ocrx_word' id='word_1_524' title='bbox 350 3525 422 3593; x_wconf 86' lang='lat' dir='ltr'><strong>istud</strong></span> <span class='ocrx_word' id='word_1_525' title='bbox 437 3539 491 3579; x_wconf 91' lang='lat' dir='ltr'><strong>noo</strong></span> <span class='ocrx_word' id='word_1_526' title='bbox 505 3538 602 3593; x_wconf 87' lang='lat' dir='ltr'><strong>parurn</strong></span> <span class='ocrx_word' id='word_1_527' title='bbox 617 3534 750 3584; x_wconf 89' lang='lat' dir='ltr'><strong>metuere.</strong></span> <span class='ocrx_word' id='word_1_528' title='bbox 768 3526 867 3582; x_wconf 86' lang='lat' dir='ltr'><strong>Verum</strong></span> <span class='ocrx_word' id='word_1_529' title='bbox 879 3524 909 3581; x_wconf 90' lang='lat' dir='ltr'><strong>id</strong></span> <span class='ocrx_word' id='word_1_530' title='bbox 961 3546 1033 3587; x_wconf 83' lang='lat' dir='ltr'><strong>nova</strong></span> <span class='ocrx_word' id='word_1_531' title='bbox 1065 3529 1135 3586; x_wconf 88' lang='lat' dir='ltr'><strong>facto</strong></span> <span class='ocrx_word' id='word_1_532' title='bbox 1166 3537 1231 3586; x_wconf 89' lang='lat' dir='ltr'><strong>sunt</strong></span> <span class='ocrx_word' id='word_1_533' title='bbox 1257 3531 1358 3585; x_wconf 89' lang='lat' dir='ltr'><strong>omnia.</strong></span> <span class='ocrx_word' id='word_1_534' title='bbox 1389 3528 1569 3600; x_wconf 80' lang='lat' dir='ltr'><strong>consepultus</strong></span> <span class='ocrx_word' id='word_1_535' title='bbox 1597 3535 1639 3586; x_wconf 91' lang='lat' dir='ltr'><strong>est</strong></span> <span class='ocrx_word' id='word_1_536' title='bbox 1664 3527 1764 3584; x_wconf 88' lang='lat' dir='ltr'><strong>iterum</strong></span> 
     </span>
    </p>
   </div>
   <div class='ocr_carea' id='block_1_8' title="bbox 106 3612 1764 3777">
    <p class='ocr_par' dir='ltr' id='par_1_9' title="bbox 106 3612 1764 3777">
     <span class='ocr_line' id='line_1_44' title="bbox 106 3612 1764 3691; baseline 0.002 -24"><span class='ocrx_word' id='word_1_537' title='bbox 106 3614 218 3670; x_wconf 88' lang='lat' dir='ltr'><strong>frustra.</strong></span> <span class='ocrx_word' id='word_1_538' title='bbox 233 3613 295 3667; x_wconf 93' lang='lat' dir='ltr'><strong>Nou</strong></span> <span class='ocrx_word' id='word_1_539' title='bbox 316 3622 358 3666; x_wconf 89' lang='grc' dir='ltr'><strong>εει</strong></span> <span class='ocrx_word' id='word_1_540' title='bbox 380 3613 454 3681; x_wconf 88' lang='lat' dir='ltr'><strong>quod</strong></span> <span class='ocrx_word' id='word_1_541' title='bbox 472 3626 588 3681; x_wconf 87' lang='lat' dir='ltr'><strong>apnero</strong></span> <span class='ocrx_word' id='word_1_542' title='bbox 601 3621 692 3668; x_wconf 80' lang='lat' dir='ltr'><strong>vestro</strong></span> <span class='ocrx_word' id='word_1_543' title='bbox 707 3612 856 3669; x_wconf 84' lang='lat' dir='ltr'><strong>timendum</strong></span> <span class='ocrx_word' id='word_1_544' title='bbox 873 3612 910 3667; x_wconf 89' lang='lat' dir='ltr'><strong>sit</strong></span> <span class='ocrx_word' id='word_1_545' title='bbox 962 3618 1068 3675; x_wconf 72' lang='lat' dir='ltr'><strong>Christo</strong></span> <span class='ocrx_word' id='word_1_546' title='bbox 1089 3635 1138 3690; x_wconf 82' lang='lat' dir='ltr'><strong>per</strong></span> <span class='ocrx_word' id='word_1_547' title='bbox 1161 3618 1246 3675; x_wconf 79' lang='lat' dir='ltr'><strong>eremi</strong></span> <span class='ocrx_word' id='word_1_548' title='bbox 1270 3619 1435 3691; x_wconf 84' lang='lat' dir='ltr'><strong>baptismum</strong></span> <span class='ocrx_word' id='word_1_549' title='bbox 1458 3619 1532 3689; x_wconf 76' lang='grc'>(676)</span> <span class='ocrx_word' id='word_1_550' title='bbox 1550 3617 1704 3691; x_wconf 85' lang='lat' dir='ltr'><strong>:egoolim</strong></span> <span class='ocrx_word' id='word_1_551' title='bbox 1717 3633 1764 3674; x_wconf 84' lang='lat' dir='ltr'><strong>se-</strong></span> 
     </span>
     <span class='ocr_line' id='line_1_45' title="bbox 106 3698 1307 3777; baseline 0.002 -18"><span class='ocrx_word' id='word_1_552' title='bbox 106 3702 196 3769; x_wconf 81' lang='lat' dir='ltr'><strong>vobis,</strong></span> <span class='ocrx_word' id='word_1_553' title='bbox 222 3698 438 3755; x_wconf 80' lang='lat' dir='ltr'><strong>reverendissimi</strong></span> <span class='ocrx_word' id='word_1_554' title='bbox 463 3706 564 3768; x_wconf 90' lang='lat' dir='ltr'><strong>patres,</strong></span> <span class='ocrx_word' id='word_1_555' title='bbox 590 3700 637 3771; x_wconf 91' lang='lat' dir='ltr'><strong>qni</strong></span> <span class='ocrx_word' id='word_1_556' title='bbox 667 3715 717 3757; x_wconf 85' lang='lat' dir='ltr'><strong>vos</strong></span> <span class='ocrx_word' id='word_1_557' title='bbox 745 3701 774 3755; x_wconf 91' lang='lat' dir='ltr'><strong>in</strong></span> <span class='ocrx_word' id='word_1_558' title='bbox 799 3700 911 3757; x_wconf 86' lang='lat' dir='ltr'><strong>veritate</strong></span> <span class='ocrx_word' id='word_1_559' title='bbox 965 3706 1119 3777; x_wconf 83' lang='lat' dir='ltr'><strong>puitavitia</strong></span> <span class='ocrx_word' id='word_1_560' title='bbox 1134 3707 1307 3762; x_wconf 76' lang='lat' dir='ltr'><strong>retractabo?</strong></span> 
     </span>
    </p>
   </div>
   <div class='ocr_carea' id='block_1_9' title="bbox 107 3783 1767 4403">
    <p class='ocr_par' dir='ltr' id='par_1_10' title="bbox 107 3783 1767 4403">
     <span class='ocr_line' id='line_1_46' title="bbox 107 3783 1764 3868; baseline 0.005 -25"><span class='ocrx_word' id='word_1_561' title='bbox 107 3789 197 3860; x_wconf 83' lang='lat' dir='ltr'><strong>diligo</strong></span> <span class='ocrx_word' id='word_1_562' title='bbox 220 3797 251 3840; x_wconf 91' lang='lat' dir='ltr'><strong>ut</strong></span> <span class='ocrx_word' id='word_1_563' title='bbox 274 3786 386 3856; x_wconf 89' lang='lat' dir='ltr'><strong>amicos,</strong></span> <span class='ocrx_word' id='word_1_564' title='bbox 402 3795 430 3842; x_wconf 88' lang='lat' dir='ltr'><strong>et</strong></span> <span class='ocrx_word' id='word_1_565' title='bbox 449 3783 567 3856; x_wconf 62' lang='lat' dir='ltr'><strong>susptio</strong></span> <span class='ocrx_word' id='word_1_566' title='bbox 590 3795 619 3840; x_wconf 91' lang='lat' dir='ltr'><strong>nt</strong></span> <span class='ocrx_word' id='word_1_567' title='bbox 638 3795 757 3844; x_wconf 89' lang='lat' dir='ltr'><strong>sanctos.</strong></span> <span class='ocrx_word' id='word_1_568' title='bbox 770 3787 830 3842; x_wconf 90' lang='lat' dir='ltr'><strong>Nisi</strong></span> <span class='ocrx_word' id='word_1_569' title='bbox 843 3787 912 3844; x_wconf 87' lang='lat' dir='ltr'><strong>forte</strong></span> <span class='ocrx_word' id='word_1_570' title='bbox 1000 3796 1026 3848; x_wconf 83' lang='grc'><strong>3.</strong></span> <span class='ocrx_word' id='word_1_571' title='bbox 1040 3792 1101 3848; x_wconf 83' lang='lat' dir='ltr'><strong>lam</strong></span> <span class='ocrx_word' id='word_1_572' title='bbox 1124 3794 1197 3865; x_wconf 90' lang='lat' dir='ltr'><strong>quod</strong></span> <span class='ocrx_word' id='word_1_573' title='bbox 1221 3793 1306 3848; x_wconf 87' lang='lat' dir='ltr'><strong>abbas</strong></span> <span class='ocrx_word' id='word_1_574' title='bbox 1329 3793 1496 3850; x_wconf 81' lang='lat' dir='ltr'><strong>caziacensis</strong></span> <span class='ocrx_word' id='word_1_575' title='bbox 1520 3794 1596 3868; x_wconf 80' lang='lat' dir='ltr'><strong>(oto)</strong></span> <span class='ocrx_word' id='word_1_576' title='bbox 1621 3795 1678 3852; x_wconf 82' lang='lat' dir='ltr'><strong>sive</strong></span> <span class='ocrx_word' id='word_1_577' title='bbox 1698 3794 1764 3853; x_wconf 87' lang='lat' dir='ltr'><strong>&#39;fre-</strong></span> 
     </span>
     <span class='ocr_line' id='line_1_47' title="bbox 108 3875 1764 3953; baseline 0.004 -19"><span class='ocrx_word' id='word_1_578' title='bbox 108 3892 166 3934; x_wconf 89' lang='grc' dir='ltr'><strong>εεε</strong></span> <span class='ocrx_word' id='word_1_579' title='bbox 189 3891 242 3945; x_wconf 88' lang='lat' dir='ltr'><strong>me,</strong></span> <span class='ocrx_word' id='word_1_580' title='bbox 260 3875 308 3931; x_wconf 91' lang='lat' dir='ltr'><strong>sed</strong></span> <span class='ocrx_word' id='word_1_581' title='bbox 332 3875 399 3931; x_wconf 91' lang='lat' dir='ltr'><strong>mihi</strong></span> <span class='ocrx_word' id='word_1_582' title='bbox 422 3889 533 3947; x_wconf 86' lang='lat' dir='ltr'><strong>paterno</strong></span> <span class='ocrx_word' id='word_1_583' title='bbox 556 3875 685 3932; x_wconf 87' lang='lat' dir='ltr'><strong>timuistis</strong></span> <span class='ocrx_word' id='word_1_584' title='bbox 706 3875 818 3944; x_wconf 86' lang='lat' dir='ltr'><strong>affectu,</strong></span> <span class='ocrx_word' id='word_1_585' title='bbox 839 3876 911 3947; x_wconf 85' lang='lat' dir='ltr'><strong>quod</strong></span> <span class='ocrx_word' id='word_1_586' title='bbox 966 3878 1055 3936; x_wconf 87' lang='lat' dir='ltr'><strong>censis</strong></span> <span class='ocrx_word' id='word_1_587' title='bbox 1079 3881 1145 3935; x_wconf 91' lang='lat' dir='ltr'><strong>dure</strong></span> <span class='ocrx_word' id='word_1_588' title='bbox 1168 3881 1295 3936; x_wconf 91' lang='lat' dir='ltr'><strong>dicuutur</strong></span> <span class='ocrx_word' id='word_1_589' title='bbox 1310 3881 1451 3953; x_wconf 86' lang='lat' dir='ltr'><strong>scripsisse</strong></span> <span class='ocrx_word' id='word_1_590' title='bbox 1465 3882 1551 3948; x_wconf 82' lang='lat' dir='ltr'><strong>tobis,</strong></span> <span class='ocrx_word' id='word_1_591' title='bbox 1566 3883 1687 3951; x_wconf 89' lang='lat' dir='ltr'><strong>omnino,</strong></span> <span class='ocrx_word' id='word_1_592' title='bbox 1701 3898 1764 3940; x_wconf 89' lang='lat' dir='ltr'><strong>oum</strong></span> 
     </span>
     <span class='ocr_line' id='line_1_48' title="bbox 110 3959 1763 4042; baseline 0.003 -19"><span class='ocrx_word' id='word_1_593' title='bbox 110 3974 202 4023; x_wconf 91' lang='lat' dir='ltr'><strong>motus</strong></span> <span class='ocrx_word' id='word_1_594' title='bbox 223 3965 301 4022; x_wconf 78' lang='lat' dir='ltr'><strong>vobis</strong></span> <span class='ocrx_word' id='word_1_595' title='bbox 322 3965 430 4023; x_wconf 83' lang='lat' dir='ltr'><strong>viderer</strong></span> <span class='ocrx_word' id='word_1_596' title='bbox 453 3959 507 4021; x_wconf 91' lang='lat' dir='ltr'><strong>non</strong></span> <span class='ocrx_word' id='word_1_597' title='bbox 526 3981 559 4022; x_wconf 88' lang='lat' dir='ltr'><strong>ex</strong></span> <span class='ocrx_word' id='word_1_598' title='bbox 578 3964 682 4021; x_wconf 92' lang='lat' dir='ltr'><strong>rationo</strong></span> <span class='ocrx_word' id='word_1_599' title='bbox 694 3985 701 4035; x_wconf 89' lang='grc'>;</span> <span class='ocrx_word' id='word_1_600' title='bbox 715 3973 764 4022; x_wconf 86' lang='grc' dir='ltr'><strong>εει</strong></span> <span class='ocrx_word' id='word_1_601' title='bbox 777 3966 800 4022; x_wconf 92' lang='lat' dir='ltr'><strong>si</strong></span> <span class='ocrx_word' id='word_1_602' title='bbox 817 3981 851 4021; x_wconf 83' lang='lat' dir='ltr'><strong>ex</strong></span> <span class='ocrx_word' id='word_1_603' title='bbox 865 3983 912 4022; x_wconf 94' lang='lat' dir='ltr'><strong>ra·</strong></span> <span class='ocrx_word' id='word_1_604' title='bbox 965 3967 1065 4034; x_wconf 88' lang='lat' dir='ltr'><strong>audiri,</strong></span> <span class='ocrx_word' id='word_1_605' title='bbox 1082 3969 1149 4024; x_wconf 89' lang='lat' dir='ltr'><strong>dure</strong></span> <span class='ocrx_word' id='word_1_606' title='bbox 1163 3967 1266 4039; x_wconf 91' lang='lat' dir='ltr'><strong>accepi,</strong></span> <span class='ocrx_word' id='word_1_607' title='bbox 1290 3974 1317 4024; x_wconf 90' lang='lat' dir='ltr'><strong>et</strong></span> <span class='ocrx_word' id='word_1_608' title='bbox 1340 3984 1400 4026; x_wconf 90' lang='lat' dir='ltr'><strong>oum</strong></span> <span class='ocrx_word' id='word_1_609' title='bbox 1423 3984 1555 4041; x_wconf 87' lang='lat' dir='ltr'><strong>accepero</strong></span> <span class='ocrx_word' id='word_1_610' title='bbox 1576 3978 1690 4042; x_wconf 88' lang='lat' dir='ltr'><strong>tempus,</strong></span> <span class='ocrx_word' id='word_1_611' title='bbox 1708 3987 1763 4028; x_wconf 87' lang='lat' dir='ltr'><strong>non</strong></span> 
     </span>
     <span class='ocr_line' id='line_1_49' title="bbox 112 4054 1764 4130; baseline 0.002 -18"><span class='ocrx_word' id='word_1_612' title='bbox 112 4057 198 4126; x_wconf 92' lang='lat' dir='ltr'><strong>tione,</strong></span> <span class='ocrx_word' id='word_1_613' title='bbox 222 4055 291 4112; x_wconf 91' lang='lat' dir='ltr'><strong>forte</strong></span> <span class='ocrx_word' id='word_1_614' title='bbox 316 4057 379 4125; x_wconf 90' lang='lat' dir='ltr'><strong>plus</strong></span> <span class='ocrx_word' id='word_1_615' title='bbox 413 4071 493 4128; x_wconf 86' lang='lat' dir='ltr'><strong>quam</strong></span> <span class='ocrx_word' id='word_1_616' title='bbox 519 4063 667 4127; x_wconf 87' lang='lat' dir='ltr'><strong>oporteret.</strong></span> <span class='ocrx_word' id='word_1_617' title='bbox 693 4056 791 4125; x_wconf 77' lang='lat' dir='ltr'><strong>flotus,</strong></span> <span class='ocrx_word' id='word_1_618' title='bbox 815 4054 911 4126; x_wconf 89' lang='lat' dir='ltr'><strong>fateor,</strong></span> <span class='ocrx_word' id='word_1_619' title='bbox 967 4057 1151 4123; x_wconf 86' lang='lat' dir='ltr'><strong>dissimulabo,</strong></span> <span class='ocrx_word' id='word_1_620' title='bbox 1179 4064 1306 4130; x_wconf 89' lang='lat' dir='ltr'><strong>quantum</strong></span> <span class='ocrx_word' id='word_1_621' title='bbox 1332 4057 1441 4130; x_wconf 90' lang='lat' dir='ltr'><strong>quidem</strong></span> <span class='ocrx_word' id='word_1_622' title='bbox 1464 4059 1582 4114; x_wconf 87' lang='lat' dir='ltr'><strong>charitas</strong></span> <span class='ocrx_word' id='word_1_623' title='bbox 1610 4058 1764 4128; x_wconf 89' lang='lat' dir='ltr'><strong>postulabit,</strong></span> 
     </span>
     <span class='ocr_line' id='line_1_50' title="bbox 111 4143 1765 4221; baseline 0.001 -20"><span class='ocrx_word' id='word_1_624' title='bbox 111 4145 161 4215; x_wconf 89' lang='lat' dir='ltr'><strong>fui,</strong></span> <span class='ocrx_word' id='word_1_625' title='bbox 176 4146 222 4201; x_wconf 87' lang='lat' dir='ltr'><strong>sed</strong></span> <span class='ocrx_word' id='word_1_626' title='bbox 242 4160 293 4216; x_wconf 90' lang='lat' dir='ltr'><strong>pro</strong></span> <span class='ocrx_word' id='word_1_627' title='bbox 307 4145 394 4213; x_wconf 83' lang='lat' dir='ltr'><strong>robis,</strong></span> <span class='ocrx_word' id='word_1_628' title='bbox 412 4158 466 4200; x_wconf 92' lang='lat' dir='ltr'><strong>non</strong></span> <span class='ocrx_word' id='word_1_629' title='bbox 485 4153 579 4201; x_wconf 86' lang='lat' dir='ltr'><strong>contra</strong></span> <span class='ocrx_word' id='word_1_630' title='bbox 594 4159 654 4217; x_wconf 84' lang='lat' dir='ltr'><strong>vos,</strong></span> <span class='ocrx_word' id='word_1_631' title='bbox 670 4151 751 4216; x_wconf 86' lang='lat' dir='ltr'><strong>atque</strong></span> <span class='ocrx_word' id='word_1_632' title='bbox 772 4143 798 4199; x_wconf 90' lang='lat' dir='ltr'><strong>id</strong></span> <span class='ocrx_word' id='word_1_633' title='bbox 818 4146 912 4201; x_wconf 88' lang='lat' dir='ltr'><strong>tenui·</strong></span> <span class='ocrx_word' id='word_1_634' title='bbox 966 4158 993 4204; x_wconf 90' lang='lat' dir='ltr'><strong>et</strong></span> <span class='ocrx_word' id='word_1_635' title='bbox 1008 4146 1182 4213; x_wconf 80' lang='lat' dir='ltr'><strong>familiaritas,</strong></span> <span class='ocrx_word' id='word_1_636' title='bbox 1207 4162 1269 4218; x_wconf 74' lang='grc' dir='ltr'><strong>εεε</strong></span> <span class='ocrx_word' id='word_1_637' title='bbox 1294 4147 1358 4202; x_wconf 91' lang='lat' dir='ltr'><strong>mihi</strong></span> <span class='ocrx_word' id='word_1_638' title='bbox 1373 4163 1422 4217; x_wconf 93' lang='lat' dir='ltr'><strong>pro</strong></span> <span class='ocrx_word' id='word_1_639' title='bbox 1437 4162 1529 4204; x_wconf 90' lang='lat' dir='ltr'><strong>eorum</strong></span> <span class='ocrx_word' id='word_1_640' title='bbox 1544 4147 1719 4221; x_wconf 71' lang='lat' dir='ltr'><strong>religiositate</strong></span> <span class='ocrx_word' id='word_1_641' title='bbox 1732 4148 1765 4203; x_wconf 88' lang='lat' dir='ltr'><strong>ad</strong></span> 
     </span>
     <span class='ocr_line' id='line_1_51' title="bbox 112 4234 1766 4314; baseline 0.001 -24"><span class='ocrx_word' id='word_1_642' title='bbox 112 4246 152 4290; x_wconf 90' lang='lat' dir='ltr'><strong>ter</strong></span> <span class='ocrx_word' id='word_1_643' title='bbox 163 4234 227 4288; x_wconf 88' lang='lat' dir='ltr'><strong>satis</strong></span> <span class='ocrx_word' id='word_1_644' title='bbox 242 4253 249 4288; x_wconf 74' lang='grc' dir='ltr'><strong>ε</strong></span> <span class='ocrx_word' id='word_1_645' title='bbox 266 4234 288 4288; x_wconf 84' lang='grc' dir='ltr'><strong>εἰ</strong></span> <span class='ocrx_word' id='word_1_646' title='bbox 303 4241 329 4289; x_wconf 90' lang='grc' dir='ltr'><strong>ει</strong></span> <span class='ocrx_word' id='word_1_647' title='bbox 343 4236 395 4289; x_wconf 89' lang='lat' dir='ltr'><strong>hoc</strong></span> <span class='ocrx_word' id='word_1_648' title='bbox 412 4242 522 4304; x_wconf 89' lang='lat' dir='ltr'><strong>temere,</strong></span> <span class='ocrx_word' id='word_1_649' title='bbox 533 4234 582 4290; x_wconf 93' lang='lat' dir='ltr'><strong>sed</strong></span> <span class='ocrx_word' id='word_1_650' title='bbox 596 4249 651 4290; x_wconf 89' lang='lat' dir='ltr'><strong>non</strong></span> <span class='ocrx_word' id='word_1_651' title='bbox 668 4241 768 4291; x_wconf 82' lang='grc' dir='ltr'><strong>ιειεεεε</strong></span> <span class='ocrx_word' id='word_1_652' title='bbox 781 4235 912 4292; x_wconf 88' lang='lat' dir='ltr'><strong>confiteor</strong></span> <span class='ocrx_word' id='word_1_653' title='bbox 967 4235 1041 4306; x_wconf 89' lang='lat' dir='ltr'><strong>ipsos</strong></span> <span class='ocrx_word' id='word_1_654' title='bbox 1056 4241 1105 4291; x_wconf 89' lang='lat' dir='ltr'><strong>est.</strong></span> <span class='ocrx_word' id='word_1_655' title='bbox 1130 4236 1187 4291; x_wconf 87' lang='lat' dir='ltr'><strong>Deo</strong></span> <span class='ocrx_word' id='word_1_656' title='bbox 1214 4245 1300 4291; x_wconf 88' lang='lat' dir='ltr'><strong>autem</strong></span> <span class='ocrx_word' id='word_1_657' title='bbox 1316 4235 1426 4309; x_wconf 87' lang='lat' dir='ltr'><strong>gratias,</strong></span> <span class='ocrx_word' id='word_1_658' title='bbox 1452 4234 1497 4307; x_wconf 91' lang='lat' dir='ltr'><strong>qni</strong></span> <span class='ocrx_word' id='word_1_659' title='bbox 1520 4234 1594 4314; x_wconf 87' lang='lat' dir='ltr'><strong>dedit</strong></span> <span class='ocrx_word' id='word_1_660' title='bbox 1615 4234 1693 4293; x_wconf 83' lang='lat' dir='ltr'><strong>robis</strong></span> <span class='ocrx_word' id='word_1_661' title='bbox 1711 4252 1766 4293; x_wconf 92' lang='lat' dir='ltr'><strong>non</strong></span> 
     </span>
     <span class='ocr_line' id='line_1_52' title="bbox 112 4322 1767 4403; baseline 0.002 -25"><span class='ocrx_word' id='word_1_662' title='bbox 112 4322 256 4379; x_wconf 85' lang='lat' dir='ltr'><strong>adversum</strong></span> <span class='ocrx_word' id='word_1_663' title='bbox 277 4338 320 4378; x_wconf 89' lang='lat' dir='ltr'><strong>me</strong></span> <span class='ocrx_word' id='word_1_664' title='bbox 343 4322 504 4392; x_wconf 77' lang='lat' dir='ltr'><strong>iniustitiam</strong></span> <span class='ocrx_word' id='word_1_665' title='bbox 527 4338 628 4389; x_wconf 90' lang='lat' dir='ltr'><strong>meam,</strong></span> <span class='ocrx_word' id='word_1_666' title='bbox 651 4331 678 4379; x_wconf 87' lang='lat' dir='ltr'><strong>et</strong></span> <span class='ocrx_word' id='word_1_667' title='bbox 700 4337 749 4380; x_wconf 89' lang='lat' dir='ltr'><strong>vos</strong></span> <span class='ocrx_word' id='word_1_668' title='bbox 770 4323 913 4380; x_wconf 88' lang='lat' dir='ltr'><strong>remittetis</strong></span> <span class='ocrx_word' id='word_1_669' title='bbox 931 4324 1039 4403; x_wconf 72' lang='lat' dir='ltr'><strong>[joiaci</strong></span> <span class='ocrx_word' id='word_1_670' title='bbox 1053 4340 1069 4380; x_wconf 93' lang='lat' dir='ltr'><strong>a</strong></span> <span class='ocrx_word' id='word_1_671' title='bbox 1084 4326 1166 4394; x_wconf 90' lang='lat' dir='ltr'><strong>malo,</strong></span> <span class='ocrx_word' id='word_1_672' title='bbox 1181 4323 1229 4380; x_wconf 86' lang='lat' dir='ltr'><strong>sed</strong></span> <span class='ocrx_word' id='word_1_673' title='bbox 1244 4324 1354 4381; x_wconf 82' lang='lat' dir='ltr'><strong>sincere</strong></span> <span class='ocrx_word' id='word_1_674' title='bbox 1369 4325 1397 4381; x_wconf 91' lang='lat' dir='ltr'><strong>in</strong></span> <span class='ocrx_word' id='word_1_675' title='bbox 1412 4324 1484 4381; x_wconf 94' lang='lat' dir='ltr'><strong>bono</strong></span> <span class='ocrx_word' id='word_1_676' title='bbox 1507 4325 1618 4395; x_wconf 88' lang='lat' dir='ltr'><strong>matum,</strong></span> <span class='ocrx_word' id='word_1_677' title='bbox 1634 4324 1767 4396; x_wconf 84' lang='lat' dir='ltr'><strong>quianon</strong></span> 
     </span>
    </p>
   </div>
   <div class='ocr_carea' id='block_1_10' title="bbox 112 4409 912 4574">
    <p class='ocr_par' dir='ltr' id='par_1_11' title="bbox 112 4409 912 4574">
     <span class='ocr_line' id='line_1_53' title="bbox 114 4409 911 4484; baseline 0.001 -18"><span class='ocrx_word' id='word_1_678' title='bbox 114 4412 292 4468; x_wconf 89' lang='lat' dir='ltr'><strong>temeritatem</strong></span> <span class='ocrx_word' id='word_1_679' title='bbox 315 4413 418 4483; x_wconf 87' lang='lat' dir='ltr'><strong>peccati</strong></span> <span class='ocrx_word' id='word_1_680' title='bbox 442 4412 505 4467; x_wconf 90' lang='lat' dir='ltr'><strong>mci.</strong></span> <span class='ocrx_word' id='word_1_681' title='bbox 522 4409 657 4484; x_wconf 87' lang='lat' dir='ltr'><strong>Ignoscite</strong></span> <span class='ocrx_word' id='word_1_682' title='bbox 682 4411 747 4467; x_wconf 89' lang='lat' dir='ltr'><strong>mibi</strong></span> <span class='ocrx_word' id='word_1_683' title='bbox 763 4429 771 4467; x_wconf 90' lang='lat'>:</span> <span class='ocrx_word' id='word_1_684' title='bbox 786 4414 825 4469; x_wconf 90' lang='lat' dir='ltr'><strong>sic</strong></span> <span class='ocrx_word' id='word_1_685' title='bbox 839 4428 911 4482; x_wconf 86' lang='lat' dir='ltr'><strong>sum,</strong></span> 
     </span>
     <span class='ocr_line' id='line_1_54' title="bbox 112 4501 912 4574; baseline 0.001 -18"><span class='ocrx_word' id='word_1_686' title='bbox 112 4501 189 4556; x_wconf 84' lang='lat' dir='ltr'><strong>celus</strong></span> <span class='ocrx_word' id='word_1_687' title='bbox 204 4502 301 4555; x_wconf 89' lang='lat' dir='ltr'><strong>domus</strong></span> <span class='ocrx_word' id='word_1_688' title='bbox 314 4511 409 4557; x_wconf 79' lang='lat' dir='ltr'><strong>sestrae</strong></span> <span class='ocrx_word' id='word_1_689' title='bbox 424 4501 541 4557; x_wconf 90' lang='lat' dir='ltr'><strong>comedit</strong></span> <span class='ocrx_word' id='word_1_690' title='bbox 556 4517 608 4557; x_wconf 89' lang='lat' dir='ltr'><strong>me.</strong></span> <span class='ocrx_word' id='word_1_691' title='bbox 628 4501 690 4557; x_wconf 91' lang='lat' dir='ltr'><strong>Nou</strong></span> <span class='ocrx_word' id='word_1_692' title='bbox 713 4502 801 4572; x_wconf 89' lang='lat' dir='ltr'><strong>patior</strong></span> <span class='ocrx_word' id='word_1_693' title='bbox 822 4502 912 4574; x_wconf 87' lang='lat' dir='ltr'><strong>plane,</strong></span> 
     </span>
    </p>
   </div>
   <div class='ocr_carea' id='block_1_11' title="bbox 150 4598 628 4671">
    <p class='ocr_par' dir='ltr' id='par_1_12' title="bbox 150 4598 628 4671">
     <span class='ocr_line' id='line_1_55' title="bbox 150 4598 628 4671; baseline 0 -18"><span class='ocrx_word' id='word_1_694' title='bbox 150 4600 225 4670; x_wconf 79' lang='lat' dir='ltr'><strong>(ott)</strong></span> <span class='ocrx_word' id='word_1_695' title='bbox 240 4599 344 4671; x_wconf 88' lang='lat' dir='ltr'><strong>Scripta</strong></span> <span class='ocrx_word' id='word_1_696' title='bbox 358 4613 430 4654; x_wconf 89' lang='lat' dir='ltr'><strong>anno</strong></span> <span class='ocrx_word' id='word_1_697' title='bbox 440 4598 538 4655; x_wconf 87' lang='lat' dir='ltr'><strong>Christi</strong></span> <span class='ocrx_word' id='word_1_698' title='bbox 550 4599 628 4653; x_wconf 74' lang='lat' dir='ltr'><strong>tito.</strong></span> 
     </span>
    </p>
   </div>
   <div class='ocr_carea' id='block_1_12' title="bbox 117 4670 916 5221">
    <p class='ocr_par' dir='ltr' id='par_1_13' title="bbox 117 4670 916 4954">
     <span class='ocr_line' id='line_1_56' title="bbox 117 4670 915 4822; baseline 0.003 -26"><span class='ocrx_word' id='word_1_699' title='bbox 117 4670 915 4822; x_wconf 61' lang='lat' dir='ltr'><strong>„ltilisistitostillostttttltttlltt</strong></span> 
     </span>
     <span class='ocr_line' id='line_1_57' title="bbox 119 4812 916 4884; baseline 0.003 -17"><span class='ocrx_word' id='word_1_700' title='bbox 119 4816 226 4869; x_wconf 90' lang='lat' dir='ltr'><strong>nomine</strong></span> <span class='ocrx_word' id='word_1_701' title='bbox 251 4813 412 4880; x_wconf 84' lang='lat' dir='ltr'><strong>Orilbertns,</strong></span> <span class='ocrx_word' id='word_1_702' title='bbox 428 4830 454 4867; x_wconf 90' lang='lat' dir='ltr'><strong>ro</strong></span> <span class='ocrx_word' id='word_1_703' title='bbox 477 4829 554 4882; x_wconf 84' lang='lat' dir='ltr'><strong>quus</strong></span> <span class='ocrx_word' id='word_1_704' title='bbox 576 4812 690 4883; x_wconf 80' lang='lat' dir='ltr'><strong>gratiam</strong></span> <span class='ocrx_word' id='word_1_705' title='bbox 717 4814 777 4869; x_wconf 86' lang='lat' dir='ltr'><strong>baec</strong></span> <span class='ocrx_word' id='word_1_706' title='bbox 800 4814 916 4884; x_wconf 90' lang='lat' dir='ltr'><strong>epistola</strong></span> 
     </span>
     <span class='ocr_line' id='line_1_58' title="bbox 120 4885 915 4954; baseline 0 -17"><span class='ocrx_word' id='word_1_707' title='bbox 120 4886 222 4954; x_wconf 88' lang='lat' dir='ltr'><strong>scripta</strong></span> <span class='ocrx_word' id='word_1_708' title='bbox 234 4895 275 4939; x_wconf 88' lang='lat' dir='ltr'><strong>est</strong></span> <span class='ocrx_word' id='word_1_709' title='bbox 288 4901 348 4940; x_wconf 90' lang='lat' dir='ltr'><strong>cnm</strong></span> <span class='ocrx_word' id='word_1_710' title='bbox 363 4886 479 4954; x_wconf 89' lang='lat' dir='ltr'><strong>epistota</strong></span> <span class='ocrx_word' id='word_1_711' title='bbox 491 4885 555 4940; x_wconf 80' lang='lat' dir='ltr'><strong>tto.</strong></span> <span class='ocrx_word' id='word_1_712' title='bbox 912 4891 915 4895; x_wconf 77' lang='grc'>’</span> 
     </span>
    </p>

    <p class='ocr_par' dir='ltr' id='par_1_14' title="bbox 118 4952 916 5221">
     <span class='ocr_line' id='line_1_59' title="bbox 157 4952 916 5025; baseline 0.003 -17"><span class='ocrx_word' id='word_1_713' title='bbox 157 4957 233 5023; x_wconf 73' lang='lat' dir='ltr'><strong>(otti)</strong></span> <span class='ocrx_word' id='word_1_714' title='bbox 248 4956 314 5023; x_wconf 86' lang='lat' dir='ltr'><strong>Ejus</strong></span> <span class='ocrx_word' id='word_1_715' title='bbox 329 4955 448 5011; x_wconf 90' lang='lat' dir='ltr'><strong>nominis</strong></span> <span class='ocrx_word' id='word_1_716' title='bbox 463 4955 619 5019; x_wconf 80' lang='lat' dir='ltr'><strong>secundum,</strong></span> <span class='ocrx_word' id='word_1_717' title='bbox 635 4956 682 5025; x_wconf 90' lang='lat' dir='ltr'><strong>qui</strong></span> <span class='ocrx_word' id='word_1_718' title='bbox 695 4954 760 5010; x_wconf 89' lang='lat' dir='ltr'><strong>sede</strong></span> <span class='ocrx_word' id='word_1_719' title='bbox 774 4952 916 5010; x_wconf 88' lang='lat' dir='ltr'><strong>Bellioensi</strong></span> 
     </span>
     <span class='ocr_line' id='line_1_60' title="bbox 118 5025 914 5096; baseline 0.004 -19"><span class='ocrx_word' id='word_1_720' title='bbox 118 5040 191 5079; x_wconf 84' lang='lat' dir='ltr'><strong>anno</strong></span> <span class='ocrx_word' id='word_1_721' title='bbox 218 5028 286 5080; x_wconf 78' lang='lat' dir='ltr'><strong>itta</strong></span> <span class='ocrx_word' id='word_1_722' title='bbox 309 5027 411 5092; x_wconf 87' lang='lat' dir='ltr'><strong>relicta,</strong></span> <span class='ocrx_word' id='word_1_723' title='bbox 433 5025 513 5081; x_wconf 89' lang='lat' dir='ltr'><strong>rediit</strong></span> <span class='ocrx_word' id='word_1_724' title='bbox 537 5027 563 5079; x_wconf 80' lang='lat' dir='ltr'><strong>in</strong></span> <span class='ocrx_word' id='word_1_725' title='bbox 591 5025 740 5082; x_wconf 86' lang='lat' dir='ltr'><strong>Cartusiam</strong></span> <span class='ocrx_word' id='word_1_726' title='bbox 763 5026 914 5096; x_wconf 85' lang='lat' dir='ltr'><strong>Portarum,</strong></span> 
     </span>
     <span class='ocr_line' id='line_1_61' title="bbox 120 5096 916 5221; baseline 0.004 -71"><span class='ocrx_word' id='word_1_727' title='bbox 120 5096 224 5150; x_wconf 85' lang='lat' dir='ltr'><strong>ibidem</strong></span> <span class='ocrx_word' id='word_1_728' title='bbox 238 5104 298 5150; x_wconf 86' lang='lat' dir='ltr'><strong>ante</strong></span> <span class='ocrx_word' id='word_1_729' title='bbox 312 5112 413 5151; x_wconf 89' lang='lat' dir='ltr'><strong>aunum</strong></span> <span class='ocrx_word' id='word_1_730' title='bbox 428 5099 497 5151; x_wconf 81' lang='lat' dir='ltr'><strong>titt</strong></span> <span class='ocrx_word' id='word_1_731' title='bbox 520 5097 655 5151; x_wconf 88' lang='lat' dir='ltr'><strong>Bernardo</strong></span> <span class='ocrx_word' id='word_1_732' title='bbox 678 5096 765 5152; x_wconf 87' lang='lat' dir='ltr'><strong>Priori</strong></span> <span class='ocrx_word' id='word_1_733' title='bbox 784 5096 872 5221; x_wconf 62' lang='lat' dir='ltr'><strong>salmo</strong></span> <span class='ocrx_word' id='word_1_734' title='bbox 887 5113 916 5153; x_wconf 87' lang='lat' dir='ltr'><strong>se</strong></span> 
     </span>
    </p>
   </div>
   <div class='ocr_carea' id='block_1_13' title="bbox 119 5166 917 5380">
    <p class='ocr_par' dir='ltr' id='par_1_15' title="bbox 119 5166 917 5380">
     <span class='ocr_line' id='line_1_62' title="bbox 119 5166 916 5239; baseline 0.003 -16"><span class='ocrx_word' id='word_1_735' title='bbox 119 5167 256 5223; x_wconf 88' lang='lat' dir='ltr'><strong>abdicanti</strong></span> <span class='ocrx_word' id='word_1_736' title='bbox 280 5167 419 5233; x_wconf 78' lang='lat' dir='ltr'><strong>salicetus,</strong></span> <span class='ocrx_word' id='word_1_737' title='bbox 432 5184 465 5223; x_wconf 89' lang='lat' dir='ltr'><strong>ex</strong></span> <span class='ocrx_word' id='word_1_738' title='bbox 487 5166 626 5223; x_wconf 89' lang='lat' dir='ltr'><strong>notatione</strong></span> <span class='ocrx_word' id='word_1_739' title='bbox 643 5167 678 5223; x_wconf 92' lang='lat' dir='ltr'><strong>ad</strong></span> <span class='ocrx_word' id='word_1_740' title='bbox 696 5167 783 5239; x_wconf 89' lang='lat' dir='ltr'><strong>episto</strong></span> <span class='ocrx_word' id='word_1_741' title='bbox 794 5183 839 5223; x_wconf 90' lang='lat' dir='ltr'><strong>am</strong></span> <span class='ocrx_word' id='word_1_742' title='bbox 853 5171 916 5225; x_wconf 77' lang='lat' dir='ltr'><strong>tao.</strong></span> 
     </span>
     <span class='ocr_line' id='line_1_63' title="bbox 120 5238 917 5311; baseline 0 -17"><span class='ocrx_word' id='word_1_743' title='bbox 120 5240 252 5305; x_wconf 85' lang='lat' dir='ltr'><strong>Natalem,</strong></span> <span class='ocrx_word' id='word_1_744' title='bbox 270 5238 303 5293; x_wconf 93' lang='lat' dir='ltr'><strong>de</strong></span> <span class='ocrx_word' id='word_1_745' title='bbox 329 5254 382 5309; x_wconf 89' lang='lat' dir='ltr'><strong>quo</strong></span> <span class='ocrx_word' id='word_1_746' title='bbox 405 5239 448 5293; x_wconf 91' lang='lat' dir='ltr'><strong>hic</strong></span> <span class='ocrx_word' id='word_1_747' title='bbox 470 5238 593 5310; x_wconf 72' lang='lat' dir='ltr'><strong>questio,</strong></span> <span class='ocrx_word' id='word_1_748' title='bbox 609 5238 637 5295; x_wconf 92' lang='lat' dir='ltr'><strong>in</strong></span> <span class='ocrx_word' id='word_1_749' title='bbox 656 5240 777 5311; x_wconf 88' lang='lat' dir='ltr'><strong>regimen</strong></span> <span class='ocrx_word' id='word_1_750' title='bbox 799 5238 917 5296; x_wconf 77' lang='lat' dir='ltr'><strong>ecclesia</strong></span> 
     </span>
     <span class='ocr_line' id='line_1_64' title="bbox 120 5309 917 5380; baseline 0.001 -15"><span class='ocrx_word' id='word_1_751' title='bbox 120 5309 279 5368; x_wconf 79' lang='lat' dir='ltr'><strong>Bellicensis</strong></span> <span class='ocrx_word' id='word_1_752' title='bbox 302 5318 365 5380; x_wconf 92' lang='lat' dir='ltr'><strong>post</strong></span> <span class='ocrx_word' id='word_1_753' title='bbox 387 5325 449 5364; x_wconf 92' lang='lat' dir='ltr'><strong>eum</strong></span> <span class='ocrx_word' id='word_1_754' title='bbox 468 5310 631 5380; x_wconf 87' lang='lat' dir='ltr'><strong>postulatum</strong></span> <span class='ocrx_word' id='word_1_755' title='bbox 651 5324 706 5365; x_wconf 93' lang='lat' dir='ltr'><strong>noo</strong></span> <span class='ocrx_word' id='word_1_756' title='bbox 731 5309 819 5365; x_wconf 89' lang='lat' dir='ltr'><strong>ausim</strong></span> <span class='ocrx_word' id='word_1_757' title='bbox 832 5310 917 5367; x_wconf 84' lang='lat' dir='ltr'><strong>affir-</strong></span> 
     </span>
    </p>
   </div>
   <div class='ocr_carea' id='block_1_14' title="bbox 124 5378 916 5450">
    <p class='ocr_par' dir='ltr' id='par_1_16' title="bbox 124 5378 916 5450">
     <span class='ocr_line' id='line_1_65' title="bbox 124 5378 916 5450; baseline 0.001 -13"><span class='ocrx_word' id='word_1_758' title='bbox 124 5398 211 5438; x_wconf 89' lang='lat' dir='ltr'><strong>mare.</strong></span> <span class='ocrx_word' id='word_1_759' title='bbox 225 5382 362 5436; x_wconf 87' lang='lat' dir='ltr'><strong>Bernardo</strong></span> <span class='ocrx_word' id='word_1_760' title='bbox 373 5396 439 5436; x_wconf 89' lang='lat' dir='ltr'><strong>sane</strong></span> <span class='ocrx_word' id='word_1_761' title='bbox 449 5378 577 5436; x_wconf 88' lang='lat' dir='ltr'><strong>successit</strong></span> <span class='ocrx_word' id='word_1_762' title='bbox 587 5380 758 5450; x_wconf 69' lang='lat' dir='ltr'><strong>Guilelmus,</strong></span> <span class='ocrx_word' id='word_1_763' title='bbox 768 5379 916 5438; x_wconf 86' lang='lat' dir='ltr'><strong>Gnillelmo</strong></span> 
     </span>
    </p>
   </div>
   <div class='ocr_carea' id='block_1_15' title="bbox 966 4412 1768 4576">
    <p class='ocr_par' dir='ltr' id='par_1_17' title="bbox 966 4412 1768 4576">
     <span class='ocr_line' id='line_1_66' title="bbox 966 4412 1766 4485; baseline 0.004 -18"><span class='ocrx_word' id='word_1_764' title='bbox 966 4413 1144 4481; x_wconf 88' lang='lat' dir='ltr'><strong>respondistis</strong></span> <span class='ocrx_word' id='word_1_765' title='bbox 1167 4412 1207 4469; x_wconf 88' lang='lat' dir='ltr'><strong>eis</strong></span> <span class='ocrx_word' id='word_1_766' title='bbox 1229 4413 1331 4470; x_wconf 89' lang='lat' dir='ltr'><strong>malum</strong></span> <span class='ocrx_word' id='word_1_767' title='bbox 1347 4427 1395 4485; x_wconf 93' lang='lat' dir='ltr'><strong>pro</strong></span> <span class='ocrx_word' id='word_1_768' title='bbox 1418 4414 1498 4481; x_wconf 91' lang='lat' dir='ltr'><strong>malo,</strong></span> <span class='ocrx_word' id='word_1_769' title='bbox 1522 4421 1570 4470; x_wconf 91' lang='lat' dir='ltr'><strong>aut</strong></span> <span class='ocrx_word' id='word_1_770' title='bbox 1591 4414 1766 4472; x_wconf 87' lang='lat' dir='ltr'><strong>maledictam</strong></span> 
     </span>
     <span class='ocr_line' id='line_1_67' title="bbox 966 4501 1768 4576; baseline 0.001 -19"><span class='ocrx_word' id='word_1_771' title='bbox 966 4515 1016 4573; x_wconf 94' lang='lat' dir='ltr'><strong>pro</strong></span> <span class='ocrx_word' id='word_1_772' title='bbox 1041 4501 1194 4558; x_wconf 88' lang='lat' dir='ltr'><strong>maledicto.</strong></span> <span class='ocrx_word' id='word_1_773' title='bbox 1218 4501 1304 4559; x_wconf 91' lang='lat' dir='ltr'><strong>Porro</strong></span> <span class='ocrx_word' id='word_1_774' title='bbox 1327 4503 1397 4573; x_wconf 87' lang='lat' dir='ltr'><strong>illas,</strong></span> <span class='ocrx_word' id='word_1_775' title='bbox 1422 4517 1490 4576; x_wconf 87' lang='lat' dir='ltr'><strong>quas</strong></span> <span class='ocrx_word' id='word_1_776' title='bbox 1512 4503 1546 4559; x_wconf 89' lang='lat' dir='ltr'><strong>ad</strong></span> <span class='ocrx_word' id='word_1_777' title='bbox 1569 4518 1613 4559; x_wconf 89' lang='lat' dir='ltr'><strong>me</strong></span> <span class='ocrx_word' id='word_1_778' title='bbox 1636 4505 1768 4560; x_wconf 81' lang='lat' dir='ltr'><strong>adversus</strong></span> 
     </span>
    </p>
   </div>
   <div class='ocr_carea' id='block_1_16' title="bbox 968 4597 1766 4727">
    <p class='ocr_par' dir='ltr' id='par_1_18' title="bbox 968 4597 1766 4727">
     <span class='ocr_line' id='line_1_68' title="bbox 968 4597 1766 4672; baseline 0.003 -19"><span class='ocrx_word' id='word_1_779' title='bbox 968 4598 1056 4654; x_wconf 87' lang='lat' dir='ltr'><strong>vicum</strong></span> <span class='ocrx_word' id='word_1_780' title='bbox 1067 4597 1204 4655; x_wconf 87' lang='lat' dir='ltr'><strong>lnuiorem</strong></span> <span class='ocrx_word' id='word_1_781' title='bbox 1219 4599 1252 4654; x_wconf 93' lang='lat' dir='ltr'><strong>de</strong></span> <span class='ocrx_word' id='word_1_782' title='bbox 1268 4614 1318 4654; x_wconf 92' lang='lat' dir='ltr'><strong>sna</strong></span> <span class='ocrx_word' id='word_1_783' title='bbox 1331 4597 1510 4670; x_wconf 86' lang='lat' dir='ltr'><strong>promotione,</strong></span> <span class='ocrx_word' id='word_1_784' title='bbox 1521 4615 1581 4672; x_wconf 79' lang='lat' dir='ltr'><strong>qna</strong></span> <span class='ocrx_word' id='word_1_785' title='bbox 1595 4606 1635 4656; x_wconf 91' lang='lat' dir='ltr'><strong>est</strong></span> <span class='ocrx_word' id='word_1_786' title='bbox 1648 4597 1766 4671; x_wconf 83' lang='lat' dir='ltr'><strong>epistola</strong></span> 
     </span>
     <span class='ocr_line' id='line_1_69' title="bbox 970 4668 1299 4727; baseline 0.003 -4"><span class='ocrx_word' id='word_1_787' title='bbox 970 4672 1024 4725; x_wconf 75' lang='lat' dir='ltr'><strong>tit</strong></span> <span class='ocrx_word' id='word_1_788' title='bbox 1040 4669 1110 4725; x_wconf 90' lang='lat' dir='ltr'><strong>inter</strong></span> <span class='ocrx_word' id='word_1_789' title='bbox 1123 4668 1299 4727; x_wconf 83' lang='lat' dir='ltr'><strong>Chesnianas.</strong></span> 
     </span>
    </p>
   </div>
   <div class='ocr_carea' id='block_1_17' title="bbox 968 4773 1768 5060">
    <p class='ocr_par' dir='ltr' id='par_1_19' title="bbox 968 4773 1768 5060">
     <span class='ocr_line' id='line_1_70' title="bbox 1004 4773 1766 4850; baseline -0.001 -19"><span class='ocrx_word' id='word_1_790' title='bbox 1004 4776 1079 4846; x_wconf 77' lang='lat' dir='ltr'><strong>(titt</strong></span> <span class='ocrx_word' id='word_1_791' title='bbox 1093 4776 1269 4831; x_wconf 84' lang='lat' dir='ltr'><strong>Existimabat</strong></span> <span class='ocrx_word' id='word_1_792' title='bbox 1281 4774 1383 4850; x_wconf 85' lang='lat' dir='ltr'><strong>quippo</strong></span> <span class='ocrx_word' id='word_1_793' title='bbox 1397 4790 1458 4830; x_wconf 89' lang='lat' dir='ltr'><strong>cnm</strong></span> <span class='ocrx_word' id='word_1_794' title='bbox 1480 4774 1540 4830; x_wconf 89' lang='lat' dir='ltr'><strong>aliis</strong></span> <span class='ocrx_word' id='word_1_795' title='bbox 1562 4773 1685 4832; x_wconf 89' lang='lat' dir='ltr'><strong>Patribus</strong></span> <span class='ocrx_word' id='word_1_796' title='bbox 1698 4773 1766 4830; x_wconf 84' lang='lat' dir='ltr'><strong>Bar-</strong></span> 
     </span>
     <span class='ocr_line' id='line_1_71' title="bbox 969 4846 1767 4921; baseline -0.001 -19"><span class='ocrx_word' id='word_1_797' title='bbox 969 4848 1082 4915; x_wconf 90' lang='lat' dir='ltr'><strong>nardus,</strong></span> <span class='ocrx_word' id='word_1_798' title='bbox 1110 4850 1168 4903; x_wconf 81' lang='lat' dir='ltr'><strong>sita</strong></span> <span class='ocrx_word' id='word_1_799' title='bbox 1193 4847 1326 4919; x_wconf 78' lang='lat' dir='ltr'><strong>religiosa</strong></span> <span class='ocrx_word' id='word_1_800' title='bbox 1348 4846 1543 4921; x_wconf 86' lang='lat' dir='ltr'><strong>professionem</strong></span> <span class='ocrx_word' id='word_1_801' title='bbox 1567 4861 1627 4903; x_wconf 89' lang='lat' dir='ltr'><strong>esse</strong></span> <span class='ocrx_word' id='word_1_802' title='bbox 1649 4846 1767 4904; x_wconf 85' lang='lat' dir='ltr'><strong>alterum</strong></span> 
     </span>
     <span class='ocr_line' id='line_1_72' title="bbox 968 4916 1768 4990; baseline 0 -16"><span class='ocrx_word' id='word_1_803' title='bbox 968 4917 1052 4974; x_wconf 85' lang='lat' dir='ltr'><strong>veluti</strong></span> <span class='ocrx_word' id='word_1_804' title='bbox 1065 4918 1238 4987; x_wconf 86' lang='lat' dir='ltr'><strong>baptismum,</strong></span> <span class='ocrx_word' id='word_1_805' title='bbox 1255 4924 1284 4971; x_wconf 94' lang='lat' dir='ltr'><strong>ut</strong></span> <span class='ocrx_word' id='word_1_806' title='bbox 1298 4916 1397 4978; x_wconf 83' lang='lat' dir='ltr'><strong>diserte</strong></span> <span class='ocrx_word' id='word_1_807' title='bbox 1410 4919 1438 4974; x_wconf 89' lang='lat' dir='ltr'><strong>io</strong></span> <span class='ocrx_word' id='word_1_808' title='bbox 1453 4917 1523 4972; x_wconf 91' lang='lat' dir='ltr'><strong>libro</strong></span> <span class='ocrx_word' id='word_1_809' title='bbox 1537 4918 1572 4971; x_wconf 91' lang='lat' dir='ltr'><strong>de</strong></span> <span class='ocrx_word' id='word_1_810' title='bbox 1584 4917 1725 4990; x_wconf 86' lang='lat' dir='ltr'><strong>Praeoepto</strong></span> <span class='ocrx_word' id='word_1_811' title='bbox 1740 4925 1768 4974; x_wconf 86' lang='lat' dir='ltr'><strong>ot</strong></span> 
     </span>
     <span class='ocr_line' id='line_1_73' title="bbox 970 4989 1323 5060; baseline -0.011 -14"><span class='ocrx_word' id='word_1_812' title='bbox 970 4989 1186 5060; x_wconf 88' lang='lat' dir='ltr'><strong>Dispensatione,</strong></span> <span class='ocrx_word' id='word_1_813' title='bbox 1201 5004 1262 5059; x_wconf 87' lang='lat' dir='ltr'><strong>cap.</strong></span> <span class='ocrx_word' id='word_1_814' title='bbox 1280 4990 1323 5043; x_wconf 81' lang='lat' dir='ltr'><strong>tt.</strong></span> 
     </span>
    </p>
   </div>
   <div class='ocr_carea' id='block_1_18' title="bbox 969 5091 1770 5454">
    <p class='ocr_par' dir='ltr' id='par_1_20' title="bbox 969 5091 1770 5454">
     <span class='ocr_line' id='line_1_74' title="bbox 1005 5091 1769 5166; baseline 0.003 -16"><span class='ocrx_word' id='word_1_815' title='bbox 1005 5095 1083 5166; x_wconf 80' lang='lat' dir='ltr'><strong>(oto)</strong></span> <span class='ocrx_word' id='word_1_816' title='bbox 1111 5095 1142 5148; x_wconf 88' lang='lat' dir='ltr'><strong>ln</strong></span> <span class='ocrx_word' id='word_1_817' title='bbox 1171 5095 1258 5149; x_wconf 87' lang='lat' dir='ltr'><strong>tribus</strong></span> <span class='ocrx_word' id='word_1_818' title='bbox 1286 5091 1453 5160; x_wconf 82' lang='lat' dir='ltr'><strong>colbertinis,</strong></span> <span class='ocrx_word' id='word_1_819' title='bbox 1484 5094 1718 5153; x_wconf 62' lang='lat' dir='ltr'><strong>citocotiam</strong></span> <span class='ocrx_word' id='word_1_820' title='bbox 1744 5091 1769 5152; x_wconf 89' lang='lat' dir='ltr'><strong>is</strong></span> 
     </span>
     <span class='ocr_line' id='line_1_75' title="bbox 969 5164 1768 5238; baseline 0 -16"><span class='ocrx_word' id='word_1_821' title='bbox 969 5164 1144 5222; x_wconf 78' lang='lat' dir='ltr'><strong>caziacensis</strong></span> <span class='ocrx_word' id='word_1_822' title='bbox 1167 5165 1250 5220; x_wconf 84' lang='lat' dir='ltr'><strong>abbas</strong></span> <span class='ocrx_word' id='word_1_823' title='bbox 1268 5164 1371 5229; x_wconf 82' lang='lat' dir='ltr'><strong>Simon,</strong></span> <span class='ocrx_word' id='word_1_824' title='bbox 1397 5164 1443 5219; x_wconf 89' lang='lat' dir='ltr'><strong>cni</strong></span> <span class='ocrx_word' id='word_1_825' title='bbox 1465 5165 1567 5235; x_wconf 87' lang='lat' dir='ltr'><strong>scripta</strong></span> <span class='ocrx_word' id='word_1_826' title='bbox 1590 5175 1632 5224; x_wconf 87' lang='lat' dir='ltr'><strong>est</strong></span> <span class='ocrx_word' id='word_1_827' title='bbox 1653 5164 1768 5238; x_wconf 80' lang='lat' dir='ltr'><strong>epistola</strong></span> 
     </span>
     <span class='ocr_line' id='line_1_76' title="bbox 970 5232 1768 5310; baseline 0.001 -18"><span class='ocrx_word' id='word_1_828' title='bbox 970 5238 1044 5292; x_wconf 75' lang='lat'><strong>263?</strong></span> <span class='ocrx_word' id='word_1_829' title='bbox 1061 5238 1127 5304; x_wconf 72' lang='lat' dir='ltr'><strong>Eius</strong></span> <span class='ocrx_word' id='word_1_830' title='bbox 1141 5250 1282 5292; x_wconf 89' lang='lat' dir='ltr'><strong>successor</strong></span> <span class='ocrx_word' id='word_1_831' title='bbox 1292 5236 1356 5290; x_wconf 88' lang='lat' dir='ltr'><strong>Tes.</strong></span> <span class='ocrx_word' id='word_1_832' title='bbox 1369 5235 1419 5302; x_wconf 89' lang='lat' dir='ltr'><strong>(sic</strong></span> <span class='ocrx_word' id='word_1_833' title='bbox 1428 5235 1579 5291; x_wconf 85' lang='lat' dir='ltr'><strong>breviatum</strong></span> <span class='ocrx_word' id='word_1_834' title='bbox 1588 5232 1723 5310; x_wconf 81' lang='lat' dir='ltr'><strong>legimus),</strong></span> <span class='ocrx_word' id='word_1_835' title='bbox 1735 5240 1768 5293; x_wconf 88' lang='lat' dir='ltr'><strong>de</strong></span> 
     </span>
     <span class='ocr_line' id='line_1_77' title="bbox 970 5305 1769 5380; baseline 0.003 -19"><span class='ocrx_word' id='word_1_836' title='bbox 970 5324 1025 5380; x_wconf 87' lang='lat' dir='ltr'><strong>quo</strong></span> <span class='ocrx_word' id='word_1_837' title='bbox 1050 5307 1078 5363; x_wconf 92' lang='lat' dir='ltr'><strong>in</strong></span> <span class='ocrx_word' id='word_1_838' title='bbox 1102 5306 1164 5360; x_wconf 90' lang='lat' dir='ltr'><strong>libri</strong></span> <span class='ocrx_word' id='word_1_839' title='bbox 1190 5305 1300 5363; x_wconf 87' lang='lat' dir='ltr'><strong>secundi</strong></span> <span class='ocrx_word' id='word_1_840' title='bbox 1324 5305 1438 5376; x_wconf 88' lang='lat' dir='ltr'><strong>epistola</strong></span> <span class='ocrx_word' id='word_1_841' title='bbox 1463 5310 1495 5363; x_wconf 87' lang='lat' dir='ltr'><strong>tt</strong></span> <span class='ocrx_word' id='word_1_842' title='bbox 1519 5311 1613 5365; x_wconf 87' lang='lat' dir='ltr'><strong>Petrus</strong></span> <span class='ocrx_word' id='word_1_843' title='bbox 1635 5306 1769 5366; x_wconf 85' lang='lat' dir='ltr'><strong>Celfeusis</strong></span> 
     </span>
     <span class='ocr_line' id='line_1_78' title="bbox 971 5376 1770 5454; baseline -0.004 -17"><span class='ocrx_word' id='word_1_844' title='bbox 971 5378 1056 5437; x_wconf 90' lang='lat' dir='ltr'><strong>abbas</strong></span> <span class='ocrx_word' id='word_1_845' title='bbox 1080 5378 1153 5449; x_wconf 89' lang='lat' dir='ltr'><strong>apud</strong></span> <span class='ocrx_word' id='word_1_846' title='bbox 1178 5378 1288 5448; x_wconf 79' lang='lat' dir='ltr'><strong>frenas,</strong></span> <span class='ocrx_word' id='word_1_847' title='bbox 1312 5376 1446 5434; x_wconf 91' lang='lat' dir='ltr'><strong>hocloco</strong></span> <span class='ocrx_word' id='word_1_848' title='bbox 1469 5378 1636 5454; x_wconf 68' lang='lat' dir='ltr'><strong>designatum</strong></span> <span class='ocrx_word' id='word_1_849' title='bbox 1661 5377 1770 5438; x_wconf 82' lang='grc' dir='ltr'><strong>ιεεεειιί</strong></span> 
     </span>
    </p>
   </div>
   <div class='ocr_carea' id='block_1_19' title="bbox 122 5444 1770 5598">
    <p class='ocr_par' dir='ltr' id='par_1_21' title="bbox 122 5444 1770 5598">
     <span class='ocr_line' id='line_1_79' title="bbox 122 5444 1770 5531; baseline -0.001 -21"><span class='ocrx_word' id='word_1_850' title='bbox 122 5462 186 5525; x_wconf 87' lang='lat' dir='ltr'><strong>post</strong></span> <span class='ocrx_word' id='word_1_851' title='bbox 200 5453 324 5508; x_wconf 89' lang='lat' dir='ltr'><strong>Pontium</strong></span> <span class='ocrx_word' id='word_1_852' title='bbox 340 5454 479 5507; x_wconf 79' lang='lat' dir='ltr'><strong>Autelmus</strong></span> <span class='ocrx_word' id='word_1_853' title='bbox 491 5467 540 5507; x_wconf 88' lang='lat' dir='ltr'><strong>seu</strong></span> <span class='ocrx_word' id='word_1_854' title='bbox 549 5451 718 5523; x_wconf 88' lang='lat' dir='ltr'><strong>Nantelmus,</strong></span> <span class='ocrx_word' id='word_1_855' title='bbox 729 5468 761 5508; x_wconf 88' lang='lat' dir='ltr'><strong>ex</strong></span> <span class='ocrx_word' id='word_1_856' title='bbox 771 5452 865 5509; x_wconf 89' lang='lat' dir='ltr'><strong>Priore</strong></span> <span class='ocrx_word' id='word_1_857' title='bbox 874 5452 918 5509; x_wconf 91' lang='lat' dir='ltr'><strong>iti·</strong></span> <span class='ocrx_word' id='word_1_858' title='bbox 974 5451 1056 5506; x_wconf 86' lang='lat' dir='ltr'><strong>nullae</strong></span> <span class='ocrx_word' id='word_1_859' title='bbox 1080 5451 1140 5531; x_wconf 81' lang='lat' dir='ltr'><strong>ejus</strong></span> <span class='ocrx_word' id='word_1_860' title='bbox 1161 5457 1256 5528; x_wconf 81' lang='lat' dir='ltr'><strong>cootra</strong></span> <span class='ocrx_word' id='word_1_861' title='bbox 1276 5447 1450 5508; x_wconf 83' lang='lat' dir='ltr'><strong>cartusianus</strong></span> <span class='ocrx_word' id='word_1_862' title='bbox 1463 5449 1597 5528; x_wconf 79' lang='lat' dir='ltr'><strong>epistole,</strong></span> <span class='ocrx_word' id='word_1_863' title='bbox 1612 5444 1705 5512; x_wconf 69' lang='lat' dir='ltr'><strong>nuta</strong></span> <span class='ocrx_word' id='word_1_864' title='bbox 1717 5463 1770 5527; x_wconf 88' lang='lat' dir='ltr'><strong>pro</strong></span> 
     </span>
     <span class='ocr_line' id='line_1_80' title="bbox 124 5521 1207 5598; baseline -0.004 -17"><span class='ocrx_word' id='word_1_865' title='bbox 124 5528 187 5582; x_wconf 87' lang='lat' dir='ltr'><strong>dem</strong></span> <span class='ocrx_word' id='word_1_866' title='bbox 202 5527 353 5598; x_wconf 87' lang='lat' dir='ltr'><strong>Portarum,</strong></span> <span class='ocrx_word' id='word_1_867' title='bbox 368 5526 445 5598; x_wconf 75' lang='lat' dir='ltr'><strong>cuius</strong></span> <span class='ocrx_word' id='word_1_868' title='bbox 457 5539 517 5582; x_wconf 87' lang='lat' dir='ltr'><strong>esse</strong></span> <span class='ocrx_word' id='word_1_869' title='bbox 531 5521 636 5582; x_wconf 86' lang='lat' dir='ltr'><strong>ridetur</strong></span> <span class='ocrx_word' id='word_1_870' title='bbox 649 5523 762 5598; x_wconf 83' lang='lat' dir='ltr'><strong>epistola</strong></span> <span class='ocrx_word' id='word_1_871' title='bbox 775 5525 810 5583; x_wconf 89' lang='lat' dir='ltr'><strong>ad</strong></span> <span class='ocrx_word' id='word_1_872' title='bbox 824 5523 921 5584; x_wconf 83' lang='lat' dir='ltr'><strong>Ludo·</strong></span> <span class='ocrx_word' id='word_1_873' title='bbox 973 5521 1015 5581; x_wconf 86' lang='lat' dir='ltr'><strong>eis</strong></span> <span class='ocrx_word' id='word_1_874' title='bbox 1027 5529 1207 5596; x_wconf 81' lang='lat' dir='ltr'><strong>reportantur.</strong></span> 
     </span>
    </p>
   </div>
   <div class='ocr_carea' id='block_1_20' title="bbox 572 5715 590 5748">
    <p class='ocr_par' dir='ltr' id='par_1_22' title="bbox 572 5715 590 5748">
     <span class='ocr_line' id='line_1_81' title="bbox 572 5715 590 5748; baseline 0 0"><span class='ocrx_word' id='word_1_875' title='bbox 572 5715 590 5748; x_wconf 76' lang='grc' dir='ltr'><em>Ι</em></span> 
     </span>
    </p>
   </div>
   <div class='ocr_carea' id='block_1_21' title="bbox 0 0 1881 5940">
    <p class='ocr_par' dir='ltr' id='par_1_23' title="bbox 0 0 1881 5940">
     <span class='ocr_line' id='line_1_82' title="bbox 0 0 1881 5940; baseline 0 0"><span class='ocrx_word' id='word_1_876' title='bbox 0 0 1881 5940; x_wconf 95' lang='lat' dir='ltr'><strong> </strong></span> 
     </span>
    </p>
   </div>
  </div>
 </body>
</html>
