3728 5940
136 170 188 230 227
597 162 627 219 S·
644 160 813 222 aututini
832 157 967 219 nuntiis
985 156 1313 218 cutum-iiiiitlism.
1728 151 1787 214 228

136 293 293 351 scandmum
313 287 429 361 cuipiam
452 301 593 359 generare,
608 293 654 340 aut
672 285 786 340 reddere
803 299 932 340 securum
950 280 1081 356 flinquit,
1090 282 1311 355 probiberceum
1325 284 1374 354 qui
1387 286 1479 357 puteat
1492 280 1560 339 bene
1573 283 1678 352 focem·
1688 279 1785 347 sedai

137 395 300 453 quemquam
317 381 376 450 pius
390 392 470 448 quarn
488 383 604 444 oportet,
620 385 667 430 aut
681 385 753 430 certe
768 374 794 428 in
808 389 862 444 quo
877 388 932 428 nou
987 372 1071 442 ucles,
1087 377 1115 426 et
1128 375 1187 443 ipae
1200 372 1268 428 bene
1279 374 1326 442 suc
1339 371 1431 441 (Pron.
1444 385 1484 436 ur,
1496 369 1553 441 st).
1563 369 1680 425 Gloriari
1694 379 1783 424 autem

137 481 253 540 oportet.
273 468 350 537 Quod
379 483 394 519 a
421 464 499 520 vobis
526 471 696 518 recesserunt
719 462 815 518 tratres
837 461 940 530 vestri,
985 460 1072 531 magis
1087 468 1193 531 oportet
1207 461 1232 514 iu
1248 459 1414 530 profectibus
1426 457 1552 522 filiorum,
1568 457 1696 529 quoniam
1712 457 1784 512 tilius

137 575 186 614 nec
207 565 309 624 nostro,
334 570 384 610 uec
409 562 560 608 nostrorum
584 551 746 620 factumest,
763 566 805 604 me
820 550 931 615 sciente,
984 549 1238 620 sapiensgloriaest
1248 549 1332 620 patris
1346 549 1437 618 (Pron.
1450 563 1478 602 x.
1492 547 1529 616 l).
1544 547 1693 603 Decaeteru
1703 562 1783 603 nemu

136 647 248 704 consilio
265 645 306 701 vel
327 645 444 699 hortatu.
460 641 602 697 Credimus
616 648 706 696 autem
720 655 752 694 es
766 640 823 694 Deo
838 638 930 704 luisse,
985 637 1049 691 mihi
1069 637 1199 694 molestus
1221 639 1265 703 sit,
1289 638 1364 708 quud
1376 637 1507 706 justitium
1521 635 1570 691 Dei
1585 650 1639 690 non
1653 636 1783 692 abscondi

135 735 206 807 quod
222 750 272 788 nec
296 732 378 788 tantis
400 732 486 801 putuit
501 729 608 784 dissolvi
623 728 772 784 conatibus.
789 725 931 784 credimus
982 725 1012 781 in
1022 727 1173 783 cordemeu
1186 745 1192 781 :
1204 726 1256 781 nisi
1270 726 1343 797 quod
1358 725 1447 780 minus
1461 724 1589 791 tortasse,
1599 724 1782 782 obritandum

135 825 187 879 lmc
201 823 272 878 idem
286 831 314 876 et
328 821 403 890 ipsos
416 820 516 876 sentire
536 818 642 886 iratres,
667 817 714 889 qui
737 825 861 873 nostrum
875 824 932 870 tan-
984 814 1151 880 scandulum,
1169 832 1248 887 quam
1264 815 1355 879 debui,
1371 814 1436 870 dixi.
1528 807 1542 821 ‘

89 900 92 906 ’
135 917 228 982 tepere
241 911 275 963 de
290 924 319 964 se
332 909 399 980 ipsis
412 905 555 963 consilinm
571 905 700 976 flagitant,
725 905 805 960 uredo
824 919 930 960 remur-
1200 919 1366 976 Eplsqoqp
1385 919 1457 975 xcv
1476 919 1564 991 (235),

134 998 214 1054 dente
228 1012 276 1052 cus
289 995 453 1052 conscientia
475 995 547 1067 quod
571 1003 642 1050 retru
664 993 788 1050 abierint.
804 991 932 1063 Alioquin
1031 1024 1067 1064 ΑΒ
1086 1023 1244 1064 pamm
1263 1023 1503 1064 ,mmmm
1517 1022 1729 1066 mmmm

134 1085 206 1140 beati
220 1084 443 1140 suntseuundum
466 1081 637 1149 Apostolum,
653 1081 677 1137 si
693 1096 723 1136 sc
737 1095 791 1136 non
808 1079 935 1151 judicant
985 1097 1158 1155 amparem
1181 1101 1209 1153 pu
1232 1097 1444 1167 ppppficentiam
1465 1099 1525 1170 ejus
1549 1114 1616 1170 erpo
1638 1098 1782 1169 retipiusus

136 1173 164 1229 in
188 1189 220 1229 eo
243 1173 315 1245 quud
340 1171 454 1242 probant
468 1170 558 1242 (Rom.
574 1187 632 1236 arv,
648 1170 704 1241 22).
720 1167 850 1226 Caeterum
869 1167 933 1240 quid
1327 1167 1434 1225 laudat.

135 1260 242 1332 faciam,
266 1267 295 1315 ut
317 1260 497 1331 interrogatus
517 1273 567 1314 nec
585 1258 708 1329 silendo,
739 1272 790 1313 nec
817 1272 933 1327 respun—
1019 1256 1090 1312 Patri
1109 1256 1269 1312 charissimo
1288 1264 1314 1313 et
1328 1257 1438 1314 domino
1457 1258 1607 1312 reverendo
1626 1257 1779 1325 Tuasrtrto,

136 1350 225 1406 dendo
240 1351 369 1406 molestus
383 1350 434 1402 sim
448 1344 592 1418 cuiquaml
608 1347 648 1401 ita
661 1344 782 1403 fortassis
793 1345 932 1417 expediar,
983 1345 1032 1402 Dei
1061 1346 1147 1419 qratia
1174 1345 1339 1402 Eburacensi
1365 1345 1584 1416 archiepiscopo,
1611 1345 1780 1403 Bassianus

136 1439 159 1495 si
173 1442 272 1495 misero
295 1453 342 1493 eus
362 1437 408 1509 qui
426 1453 469 1491 me
490 1438 667 1507 interrogent,
683 1436 717 1490 ad
731 1434 889 1501 doctiorem,
907 1444 933 1488 et
984 1434 1067 1490 abbas
1078 1433 1276 1503 Clarae-Vallis,
1293 1434 1408 1490 salntem
1422 1434 1563 1505 plurimam
1580 1434 1654 1491 dicit.

136 1529 215 1597 cujus
228 1527 392 1584 reverentior
412 1525 583 1597 sanctiorque
597 1524 743 1580 auotoritas
757 1523 802 1580 sit.
818 1524 934 1579 Sanctus
1022 1522 1153 1594 Splendor
1168 1522 1268 1593 operis,
1287 1530 1315 1578 et
1334 1523 1469 1592 opinionis
1483 1523 1551 1578 odor
1564 1523 1645 1589 bene,
1659 1531 1688 1580 ut
1702 1539 1781 1581 uum-

135 1633 204 1690 papa
213 1615 360 1688 Gregorius
373 1616 400 1670 iu
416 1615 486 1670 libro
501 1614 648 1670 Pastorali:
668 1613 819 1684 «Quisquis
832 1613 933 1668 bunum
952 1594 1054 1682 Ιροιί,
1069 1610 1097 1665 in
1112 1612 1199 1683 gloria
1211 1621 1303 1670 uestra
1321 1619 1514 1668 convenemnt.
1537 1610 1698 1683 Opinionem
1713 1628 1784 1683 opus

34 1721 37 1727 ’
135 1707 226 1775 majus
247 1704 352 1770 subire,
369 1723 381 1754 ι
399 1703 495 1774 inquit,
514 1701 694 1774 «proposuit,
710 1700 812 1756 bonum
832 1699 932 1768 minus,
986 1700 1081 1771 probat
1104 1716 1155 1756 neu
1179 1698 1272 1755 lulssm
1296 1699 1393 1768 fuisse,
1419 1714 1469 1755 neu
1493 1713 1616 1766 vacuam,
1633 1701 1783 1772 cumquud

135 1797 208 1865 quud
224 1793 320 1864 potuit,
340 1791 390 1846 sibi
415 1790 536 1848 illicitum
552 1790 625 1846 lecit.
642 1810 655 1842 a
672 1789 799 1860 siquod
814 1790 932 1860 proban·
985 1796 1046 1843 ante
1061 1796 1194 1858 sparserat
1217 1787 1317 1860 ubique
1340 1789 1410 1842 lama
1428 1788 1530 1856 volans,
1556 1803 1600 1843 res
1624 1787 1681 1859 ipsa
1704 1779 1793 1843 laciat¹

137 1882 200 1936 dnm
224 1879 333 1948 subjicit
361 1878 545 1934 testimonium
573 1878 608 1932 de
635 1877 793 1948 Evangelio,
812 1877 905 1933 dicens
925 1894 932 1930 ε
986 1875 1167 1932 manifestum.
1179 1874 1319 1942 Quomodo
1332 1892 1405 1932 nnnc
1418 1876 1459 1930 vel
1474 1876 1590 1931 maxime
1600 1875 1695 1931 claruit
1710 1877 1783 1932 zelus

137 1969 221 2026 Nemo
235 1968 354 2023 mittens
366 1983 486 2022 monum
499 1982 582 2021 auum
598 1967 634 2020 nd
647 1970 792 2030 aratrum,
804 1970 832 2020 ut
842 1967 933 2036 respi-
983 1963 1104 2034 justitiae,
1129 1963 1242 2019 eminuit
1265 1973 1292 2020 et
1315 1963 1427 2022 invaluit
1449 1963 1623 2021 sacerdotalis
1649 1963 1728 2037 vigur
1754 1965 1782 2018 in

140 2059 216 2114 ciens
231 2062 319 2121 retro,
334 2059 417 2128 uptus
428 2059 470 2112 est
485 2069 570 2125 repno
583 2054 718 2111 coelurum
732 2055 808 2123 (Luc.
825 2068 866 2120 ιιι,
877 2053 934 2122 ua),
987 2051 1140 2109 defensione
1156 2052 1279 2108 videlicet
1297 2067 1456 2123 pauperum,
1471 2063 1499 2108 et
1513 2068 1661 2124 pauperum
1684 2053 1784 2125 quibus

140 2153 167 2201 at
182 2142 281 2199 iulert:
299 2143 351 2212 Qui
364 2142 445 2213 igitur
459 2140 564 2197 loriiori
578 2140 667 2196 studio
685 2140 846 2208 intenderat,
862 2148 935 2196 retro
987 2155 1041 2195 non
1063 2150 1121 2196 erat
1142 2141 1250 2211 adjutor
1263 2138 1355 2213 (isati
1369 2140 1442 2197 Olim
1458 2141 1569 2212 quidem
1580 2157 1662 2212 opera
1676 2141 1785 2196 miscri-

139 2232 274 2303 respicerc
292 2229 467 2299 convincitur,
491 2229 514 2283 si
538 2228 638 2284 relictis
659 2228 737 2284 bonis
759 2227 936 2299 amplioribus
986 2230 1085 2287 cordiae
1114 2237 1141 2285 et
1173 2229 1357 2300 eleemosynas
1390 2238 1491 2286 vestras
1524 2229 1665 2285 enarrabat
1695 2230 1785 2286 omnis

138 2320 172 2376 ad
196 2320 306 2376 minima
329 2327 500 2391 retorquetur
523 2318 617 2388 (parte
632 2331 674 2386 ur,
688 2335 749 2390 cup.
767 2318 821 2388 ait).
840 2336 852 2369 r
869 2318 935 2372 item
987 2317 1105 2375 Ecclesia
1120 2326 1276 2373 sanctorum
1298 2334 1304 2372 :
1329 2319 1378 2374 sed
1402 2319 1454 2373 buu
1472 2319 1551 2375 vobis
1565 2333 1710 2375 commune
1722 2335 1784 2375 cum

137 2410 241 2481 ipsein
260 2407 374 2464 Humilia
401 2408 477 2462 tertie
503 2421 585 2476 snper
612 2405 805 2463 Ezechielem:
834 2406 937 2461 «Sunt
987 2407 1129 2478 pluribus,
1158 2406 1259 2477 quippe
1285 2407 1359 2476 quud
1385 2413 1413 2461 et
1437 2421 1454 2460 a
1480 2407 1584 2463 cunetis
1608 2406 1784 2463 substantiam

137 2497 270 2563 nonnulli,
296 2496 341 2566 qui
363 2498 433 2550 buna
453 2493 561 2565 quidem
584 2509 646 2563 quse
661 2501 803 2560 noverunt,
818 2508 935 2563 operau·
986 2496 1069 2566 hujus
1092 2495 1186 2552 muudi
1202 2495 1365 2552 habentibus
1383 2496 1514 2570 exigetur.
1531 2496 1631 2552 Verum
1646 2498 1697 2552 huc
1715 2512 1785 2566 opus

137 2591 190 2654 tur,
211 2595 290 2655 atque
310 2584 368 2638 baec
394 2590 535 2652 operantes
558 2582 673 2637 meliora
696 2582 863 2647 deliberatam
887 2583 934 2638 sed
986 2584 1161 2654 episcopale,
1196 2583 1248 2639 hoc
1284 2591 1402 2654 paternae
1443 2582 1549 2654 pietatis
1578 2593 1632 2641 tam
1663 2585 1784 2656 egregim

136 2680 322 2741 retractantes,
352 2669 462 2725 meliora
490 2685 555 2741 quae
578 2669 802 2740 deliberaverant,
835 2668 934 2724 immu-
985 2671 1134 2744 specimen,
1150 2671 1193 2728 hic
1208 2671 1394 2746 verediviuus
1408 2670 1509 2742 fervor,
1523 2688 1578 2746 quo
1603 2687 1652 2743 pro
1676 2673 1785 2728 tuendis

138 2769 205 2816 tant.
227 2760 263 2815 Et
286 2757 577 2831 quidembunaagunt
596 2773 658 2828 quae
677 2767 825 2829 coeperant,
847 2757 896 2815 sed
920 2775 936 2813 a
985 2759 1044 2813 suia
1071 2759 1233 2831 pauperibus
1255 2757 1300 2814 ilie
1324 2760 1417 2829 procul
1442 2760 1524 2816 dubio
1553 2760 1641 2814 zelum
1665 2769 1784 2815 vestrum

137 2847 294 2902 melioribus
316 2862 377 2917 quae
401 2845 622 2914 deliberaverant,
642 2847 828 2902 succumbunt.
843 2847 876 2902 Hi
890 2847 935 2902 ni·
985 2847 1108 2902 accendit
1121 2855 1149 2904 et
1162 2846 1286 2917 accinxit,
1302 2849 1348 2918 qui
1364 2848 1427 2903 tacit
1439 2845 1563 2920 Angelos
1583 2864 1650 2905 suus
1664 2848 1782 2918 spiritus,

136 2936 235 2991 mirum
249 2943 310 2990 ante
325 2936 441 2990 humana
453 2933 554 3002 judicia
571 2945 643 2990 stare
655 2934 779 2990 uidentur
791 2936 819 2990 in
833 2950 932 3007 opere;
952 2913 1011 3003 θοι
1025 2935 1165 2992 ιιιίιιίειιοε
1187 2951 1254 2991 suus
1276 2936 1367 3010 ὶςιιοιιι
1388 2944 1531 3008 urentem;
1552 2939 1604 2993 lroc
1628 2944 1722 3002 totum,
1738 2937 1783 2990 in·

136 3027 182 3080 sed
198 3034 260 3080 ante
274 3021 468 3095 omnipotentis
482 3022 531 3077 Dei
547 3021 812 3080 oculosucciderunt
828 3023 854 3079 in
870 3023 935 3079 deli·
984 3040 1077 3096 qnam,
1108 3023 1226 3096 speciale
1260 3024 1381 3094 accessit,
1403 3034 1500 3081 restrae
1527 3025 1665 3099 dignitatis
1688 3028 1788 3093 decus,

135 3112 282 3168 horatione.
300 3131 312 3161 ι
984 3112 1089 3187 lusique
1102 3112 1194 3183 cilicii,
1209 3123 1397 3170 ornamentum
1417 3128 1534 3170 curunae.
1549 3115 1631 3172 aliud
1655 3125 1696 3171 est
1718 3113 1783 3171 reii-

171 3206 198 3260 t.
214 3203 256 3257 En
269 3202 419 3272 speculum.
443 3201 472 3255 ln
497 3201 549 3256 hoc
572 3216 628 3257 uon
650 3199 753 3256 vultum
775 3200 931 3267 nativitatis,
983 3215 1044 3257 cere
1063 3210 1184 3259 ventrem
1211 3200 1371 3267 esurientis,
1400 3212 1426 3258 et
1454 3202 1526 3257 aliud
1556 3212 1676 3259 sanctam
1696 3204 1784 3258 zelare

135 3288 218 3346 100
241 3291 288 3345 sed
311 3290 409 3344 lactum
425 3289 586 3345 reversionis
605 3304 662 3343 suae
680 3289 869 3345 considerent:
889 3289 932 3344 hio
983 3295 1175 3360 paupertatem.
1201 3290 1240 3344 lbi
1263 3288 1334 3344 enim
1359 3290 1474 3344 servitur
1488 3296 1603 3357 naturae,
1618 3291 1661 3345 hic
1675 3291 1783 3363 grstiae.

135 3394 165 3435 se
182 3377 336 3442 discutiant,
356 3377 402 3432 liic
424 3392 453 3431 se
471 3377 632 3446 dijudicent,
646 3377 858 3449 cogitationibus
876 3376 931 3431 suis
989 3377 1125 3447 l'ist‘tabis,
1150 3377 1247 3449 inquit,
1269 3379 1388 3450 speciem
1413 3382 1504 3444 tuam,
1529 3383 1557 3435 et
1579 3394 1637 3435 nun
1655 3381 1785 3452 peccabis

134 3466 323 3524 accusantibus
349 3465 405 3522 sive
433 3464 651 3531 defendentibus,
680 3472 708 3520 et
732 3464 840 3536 quidem
858 3464 930 3534 apud
982 3465 1083 3536 (Jobv,
1098 3466 1155 3537 il).
1177 3466 1251 3541 Ergo
1274 3466 1320 3538 qui
1343 3465 1457 3521 alienam
1479 3481 1587 3522 carnem
1610 3465 1694 3536 luvet,
1718 3466 1785 3525 lacit

134 3556 301 3627 spiritualem
319 3554 366 3626 qui
384 3553 474 3609 omnia
493 3553 634 3623 diiudicat,
661 3560 688 3608 et
711 3553 771 3625 ipse
788 3567 804 3607 a
822 3551 930 3608 nemine
981 3569 1016 3609 ne
1029 3560 1147 3625 peccet:
1172 3553 1220 3627 qui
1240 3560 1331 3610 autern
1346 3553 1461 3611 alienam
1476 3556 1641 3611 sanctitatem
1656 3557 1782 3627 honorat,

131 3644 275 3714 judicatur.
291 3642 426 3712 Quidnam
439 3656 503 3700 veru
525 3642 613 3711 majus
628 3640 789 3705 autminus,
805 3643 930 3710 superius
981 3638 1127 3713 pontificat
1150 3641 1213 3696 sibi.
1237 3642 1302 3698 idco
1324 3642 1360 3698 ait
1384 3659 1390 3699 :
1415 3642 1537 3698 Desudet
1559 3642 1731 3716 eleemosyna
1754 3645 1783 3700 in

132 3740 179 3788 ant
202 3732 322 3802 interius,
337 3731 436 3786 arctius
458 3729 516 3787 sive
538 3728 674 3785 remissius
697 3728 742 3797 sit,
756 3728 829 3799 quod
851 3726 929 3784 ride·
981 3745 1062 3786 mann
1077 3737 1133 3802 tna,
1157 3731 1244 3788 donec
1268 3729 1390 3788 invenias
1415 3731 1476 3804 [ol.,
1492 3732 1592 3804 videas]
1616 3736 1716 3802 justam
1739 3737 1782 3788 cui

132 3820 194 3877 licet
208 3820 385 3892 reliquerunt,
400 3834 434 3875 au
449 3819 483 3874 ad
496 3816 570 3889 quud
588 3817 740 3885 redierunt3
757 3830 808 3890 eqo
821 3815 930 3887 quidem
982 3819 1041 3877 des.
1053 3819 1113 3888 Quo
1128 3821 1231 3879 fructu?
1239 3821 1372 3890 Quoniam
1385 3823 1434 3895 qui
1444 3823 1546 3894 recipit
1555 3824 1572 3893 j
1577 3826 1673 3881 astum
1686 3825 1718 3879 in
1733 3840 1783 3880 nu·

132 3909 206 3966 baud
231 3906 330 3964 tembrc
350 3905 508 3974 definierim,
524 3906 577 3978 ipsi
601 3904 728 3962 viderint.
748 3903 782 3960 Et
804 3905 857 3961 lroo
878 3903 932 3960 illis
983 3911 1060 3966 mine
1069 3911 1154 3983 justi,
1169 3911 1328 3968 mercedem
1338 3912 1414 3982 justi
1427 3912 1547 3982 accipiet
1560 3911 1670 3982 (ilnttb.
1684 3929 1712 3978 ιι,
1724 3913 1781 3983 it).

133 3997 292 4070 Gregorius.
321 3996 382 4052 Tibi
410 4010 484 4065 veru,
512 4004 587 4066 pater
614 3993 770 4060 reverende,
794 3995 849 4047 tam
874 4001 931 4048 tuta
986 3998 1126 4056 Solvams
1139 3999 1253 4070 proinde
1277 4009 1379 4055 natura
1404 3999 1533 4069 debitum,
1558 4014 1591 4055 ne
1615 4016 1779 4073 peccemus:

132 4086 303 4150 certitudine,
327 4100 407 4155 quam
431 4082 503 4138 nuda
518 4081 631 4137 veritate
654 4096 706 4152 ego
730 4080 854 4151 dixerim,
871 4096 931 4137 om·
985 4087 1069 4143 simus
1092 4087 1184 4159 gratim
1203 4087 1382 4157 coadjutores,
1399 4096 1428 4142 ut
1450 4096 1477 4142 et
1491 4087 1634 4159 participes
1650 4087 1709 4144 fieri
1724 4106 1782 4146 me·

132 4173 198 4230 nino
213 4189 266 4229 non
280 4172 410 4243 expedire
425 4171 553 4242 spiritum
566 4169 636 4226 velle
656 4168 840 4241 exstinguere.
856 4171 929 4235 Noli,
985 4192 1099 4232 reamur.
1116 4177 1185 4233 Sane
1198 4185 1342 4247 utrumque
1362 4177 1398 4231 ita
1421 4178 1449 4232 in
1472 4178 1548 4236 vobis
1561 4177 1737 4249 admiramur,
1753 4186 1785 4234 ut

134 4311 196 4368 pum
211 4296 237 4350 in
256 4296 298 4351 sui
314 4293 445 4367 propositi
459 4301 601 4375 patronum
617 4291 769 4375 implorant.
785 4290 824 4347 Eo
838 4290 942 4374 itaque
986 4299 1105 4369 praedicti
1130 4299 1254 4355 monachi
1274 4301 1301 4354 in
1321 4300 1469 4381 episcopali
1483 4302 1602 4357 Turslini
1617 4303 1699 4360 domo
1718 4318 1784 4359 uun-

133 4368 202 4423 dl¹⁰0
229 4381 299 4420 ³⁰⁰⁰
327 4367 360 4420 ab
389 4366 574 4420 ¹ss02l11³¹¹⁰¹¹0
600 4366 707 4419 D⁰¹¹¹¹1¹1
734 4365 814 4432 ¹¹³22
843 4366 931 4433 pndis
984 4373 1062 4439 clusi,
1091 4386 1153 4426 uum
1180 4371 1283 4426 abbatis
1302 4387 1344 4425 ειιι
1363 4373 1485 4429 censuris
1504 4375 1623 4430 revocari
1652 4391 1704 4431 nou
1734 4390 1783 4445 pu-

133 4437 225 4493 Nunas
249 4437 384 4507 Octobris,
401 4438 563 4492 reclamante
586 4435 682 4490 abbate
706 4436 808 4508 egressi
822 4445 884 4490 suut
898 4450 931 4491 et
984 4443 1117 4507 ruissent,
1140 4441 1229 4496 locum
1254 4442 1289 4495 ad
1314 4443 1487 4498 habitandum
1512 4444 1545 4498 ab
1572 4447 1630 4514 ipsu
1653 4444 1782 4516 episcopo

134 4508 193 4580 ipsu
219 4510 383 4565 munasterio
401 4508 554 4564 sacerdotes
572 4505 712 4562 duodecim
736 4521 872 4587 cumano
892 4508 930 4562 le·
983 4512 1116 4582 accipiunt
1132 4514 1164 4566 ad
1180 4512 1343 4584 Ilipponam‚
1359 4515 1491 4570 aemonis
1511 4524 1586 4571 retro
1609 4516 1715 4572 saessufis
1739 4516 1783 4570 tn.

133 4580 206 4645 vita,
237 4580 385 4636 Richardssi
421 4578 520 4634 scilicet
550 4577 650 4647 Pti⁰r3
678 4578 746 4633 alter
783 4578 932 4634 bichardus
983 4586 1093 4648 cultum,
1110 4582 1195 4654 spinis
1210 4585 1356 4655 consitum,
1378 4597 1405 4641 et
1428 4585 1498 4642 inter
1517 4602 1635 4643 corvem
1650 4587 1781 4642 muntium

134 4653 254 4720 sacrista,
280 4651 377 4721 aliique
400 4649 426 4702 in
451 4649 577 4719 predicta
600 4648 716 4703 Historia
741 4649 877 4718 recensiti,
896 4649 931 4705 do
983 4664 1010 4709 ot
1024 4654 1148 4709 scutulus
1171 4654 1233 4710 hinc
1254 4655 1317 4708 inde
1333 4657 1525 4725 prominentes,
1542 4658 1676 4715 Richardu
1695 4657 1780 4713 Priori

133 4724 213 4778 rebus
228 4721 384 4777 monasterii
399 4732 496 4790 praeter
510 4720 633 4774 habitum
657 4719 722 4801 nihil
748 4726 929 4791 asportantes.
983 4725 1043 4795 ipso
1063 4671 1107 4780 die
1129 4725 1230 4781 Natalis
1244 4726 1353 4781 Domini
1366 4743 1383 4781 a
1397 4728 1524 4784 Tupsrino
1548 4731 1575 4785 in
1597 4731 1719 4785 abbatem
1734 4744 1782 4784 os.

133 4794 191 4864 Qus
206 4794 360 4849 desertione
383 4793 503 4872 turbatus
528 4792 609 4845 obbas
629 4789 775 4845 Gauirrdus
789 4791 859 4871 apud
884 4804 929 4844 re·
982 4796 1083 4865 dinato,
1099 4798 1145 4867 qui
1162 4796 1249 4852 nieme
1263 4798 1314 4852 sub
1328 4797 1399 4854 ulmo
1414 4799 1563 4855 incredibili
1587 4801 1649 4856 vitae
1667 4800 1781 4856 austeri·

134 4881 206 4938 gem,
216 4864 374 4934 acinosque
388 4876 531 4932 episcopos
545 4871 572 4917 et
586 4861 708 4931 auuaes,
718 4874 853 4940 precipue
865 4874 930 4915 vero
980 4874 1036 4923 tate
1053 4875 1194 4937 trauecta,
1218 4884 1247 4922 se
1270 4884 1401 4940 suamque
1415 4871 1514 4935 iocum,
1537 4871 1659 4941 seipsis
1682 4871 1782 4928 Fontes

133 4937 205 5006 apud
233 4943 364 5013 sanetum.
384 4933 569 5012 bernardum,
599 4932 633 4986 de
661 4932 799 5013 cummuni
823 4930 929 4986 vtulalae
983 4938 1158 5021 appellatum,
1174 4950 1268 4994 sancto
1283 4939 1419 4998 bernardo
1434 4943 1570 4998 tradidere
1586 4961 1592 4999 :
1609 4943 1709 5014 quibus
1724 4941 1782 5014 ipae

132 5005 272 5077 religionis
286 5007 382 5076 injuria
402 5004 497 5059 litteris
518 5019 550 5058 οιι
571 5002 670 5056 ustulat
685 5018 691 5056 :
708 5003 852 5058 Turstmns
867 5016 930 5082 veru
982 5026 1068 5064 virum
1097 5010 1254 5084 religiosum
1284 5010 1402 5084 direxit,
1426 5011 1589 5069 Gautridum
1617 5013 1719 5070 scilicet
1747 5012 1782 5068 de

132 5075 256 5202 gentiles
280 5075 523 5155 apologeticsmsd
585 5073 711 5154 illelmum
731 5072 929 5154 metropolitam
982 5082 1079 5137 amalo
1094 5081 1140 5151 (de
1155 5097 1188 5139 eu
1204 5082 1264 5138 vide
1278 5081 1376 5137 librum
1392 5094 1516 5154 quartum
1527 5087 1593 5141 vilre
1604 5085 1634 5141 S.
1644 5083 1781 5164 bernardi,

154 5148 352 5202 antuariensem
378 5145 518 5226 epistolam
543 5145 636 5200 scnbrt
656 5143 815 5225 (etstatbtc
837 5160 869 5199 su
891 5162 929 5214 ra,
982 5168 1043 5224 cap.
1065 5152 1112 5224 2),
1136 5170 1151 5207 a
1174 5166 1229 5224 quo
1252 5150 1430 5209 Cisterciense
1455 5155 1605 5213 institutum
1630 5153 1782 5213 incredibili

133 5235 197 5291 pag·
212 5216 292 5288 7⁹5);
307 5218 360 5272 im⁰
379 5231 438 5287 ¹9⁸0
461 5216 611 5272 bernardus
634 5217 668 5270 ad
689 5216 847 5288 plaedlcltim
885 5231 930 5271 tti-
983 5223 1124 5279 devotione
1137 5231 1164 5279 et
1177 5221 1313 5278 alacritate
1327 5239 1512 5298 susceperunt.

133 5290 242 5354 annum,
264 5300 321 5344 tum
335 5287 368 5342 ad
384 5288 512 5344 tredecim
535 5287 595 5343 illus
618 5287 765 5343 monachus
783 5294 930 5358 congratn-
1031 5297 1082 5350 285
1110 5293 1168 5351 scri
1187 5300 1213 5348 ta
1226 5308 1297 5348 anno
1311 5294 1410 5352 christi
1425 5301 1505 5355 1132,

133 5358 266 5427 laturiam,
290 5360 325 5414 ad
348 5357 508 5414 Gsnlridum
526 5371 616 5417 autem
640 5359 762 5414 abbatem
786 5367 929 5415 excusatu-
1018 5295 1185 5438 iitdeuid,
1202 5364 1344 5422 Turstinue
1368 5371 1523 5440 praestiterit
1547 5372 1574 5425 in
1596 5369 1781 5428 detonsionem

132 5429 200 5487 riam
229 5430 384 5487 transmittit
411 5429 508 5503 (Epist.
538 5432 584 5503 ei,
615 5428 650 5488 ue
673 5438 701 5487 et
724 5430 797 5504 ³13).
826 5430 932 5486 luteres
984 5437 1177 5511 praedictorum
1192 5437 1395 5508 monachorum,
1418 5443 1466 5515 qui
1489 5442 1581 5500 studio
1594 5442 1705 5513 major-j,
1720 5460 1782 5517 pop.
