3728 5940
185 208 239 275 059
761 219 805 281 bil
824 220 851 282 S.
872 213 1041 280 BERRlell
1059 211 1237 275 RPlSTOLbS
1776 202 1833 271 660

183 338 354 414 iniquitatem
369 341 463 400 alienis
477 342 606 403 sordibus
615 344 757 420 polluaris,
768 365 813 416 ne,
824 349 889 407 dum
903 346 981 420 cupis
992 359 1016 439 g
1031 342 1168 416 desiderii,
1183 356 1244 415 qua
1258 341 1364 400 iervore
1377 341 1448 399 circa
1461 342 1653 402 universorum
1671 339 1833 399 Creatorem

184 429 252 490 sitos
271 431 305 487 de
332 430 429 504 pelago
453 432 579 508 liberare,
604 434 725 494 deterius
744 436 802 509 ipse
823 452 935 496 cort-tm
954 435 982 493 in
1036 432 1174 504 intendas,
1189 445 1220 492 ut
1241 435 1287 508 qui
1312 433 1433 492 omnium
1457 432 1614 492 inieriornm
1637 432 1739 490 oblitus
1753 431 1834 504 quid·

183 519 348 592 protundum
372 521 470 592 potius,
492 521 579 595 igitur
603 524 702 597 quibus
733 542 787 584 uon
816 535 894 599 potes
920 525 979 582 sine
1036 521 1100 596 quid
1129 539 1195 600 agas
1230 523 1385 594 ubicunque
1418 523 1535 592 steteris,
1564 531 1592 580 et
1623 523 1833 596 quibuscunque

184 609 348 668 detrimento
363 615 493 684 prodesse
514 616 642 687 operiens
657 617 786 677 charitate
809 619 928 691 benigna
941 613 980 674 ilii
1035 612 1150 685 negotiis
1170 611 1317 687 impliceris
1334 613 1379 671 die
1393 629 1426 671 ac
1443 622 1530 681 nocte,
1544 614 1617 670 omni
1640 620 1791 676 momento,
1806 616 1834 665 et

183 713 297 756 summa
320 702 458 774 sapientie
472 705 640 779 derelinque,
664 723 725 781 quae
743 708 814 765 bona
837 704 980 765 nouiteli-
1034 702 1108 758 omni
1135 704 1201 761 bora
1228 702 1314 761 ileum
1343 718 1450 778 semper
1476 704 1576 761 babeas
1602 703 1630 760 in
1658 701 1831 765 memoriani,

183 802 248 862 gare
266 789 301 846 de
315 791 393 848 malis
414 792 629 868 quibuscunque,
646 795 685 853 sic
698 796 727 854 in
750 797 878 854 omnibus
898 795 980 852 bonis
1034 792 1157 862 credens,
1172 801 1200 849 et
1218 792 1340 866 cogitans
1362 801 1388 850 te
1410 808 1519 867 semper
1540 807 1601 849 essa
1623 804 1715 847 coram
1735 800 1769 842 eo
1783 799 1833 840 ve·

183 874 295 949 pariter,
318 886 400 949 atque
427 880 510 937 malis
535 883 702 964 spiritualem
728 886 785 943 ileo
813 885 980 943 concedente
1034 881 1150 950 tissime,
1166 892 1193 940 et
1216 882 1339 956 cogitans
1361 883 1451 956 ipsam
1474 882 1595 953 undique
1618 889 1645 937 te
1659 875 1833 947 conspicere,

185 964 289 1035 poteris
312 967 431 1036 reperire
444 969 605 1041 proiectum.
634 974 932 1047 Decimamseptimum,
949 980 981 1031 ιιι
1034 974 1093 1030 hoec
1106 974 1197 1049 cogita
1217 990 1278 1033 cum
1297 975 1413 1032 maxima
1435 971 1599 1039 reverentia,
1616 971 1711 1028 timore
1730 968 1835 1040 pariter

186 1067 234 1110 our
249 1060 323 1110 tuum
337 1072 428 1115 serres
442 1059 515 1116 omni
533 1063 667 1131 custodia,
691 1063 810 1137 solisque
833 1063 979 1135 spirituali·
1033 1072 1060 1119 et
1075 1072 1200 1130 tremore,
1215 1068 1275 1122 curn
1290 1080 1395 1121 summa
1413 1061 1586 1128 discretione,
1602 1070 1629 1118 et
1642 1057 1835 1115 ardentissimo

187 1138 238 1197 bus
252 1145 386 1203 exercitiis
406 1147 527 1206 deditum
542 1152 622 1208 nullae
645 1152 693 1209 tibi
712 1152 866 1211 exercitium
883 1151 979 1210 visibi-
1034 1166 1125 1210 amore
1148 1167 1221 1211 nunc
1248 1160 1311 1210 ante
1338 1153 1423 1224 pedes
1445 1153 1584 1209 immensae
1608 1146 1758 1220 maiestatis
1772 1146 1834 1216 ejus

185 1229 252 1286 lium
278 1249 365 1290 rerum
388 1236 519 1312 irnagines
546 1240 744 1313 imprimantur,
759 1248 790 1297 ut
816 1240 981 1299 screaturis
1034 1250 1185 1315 prostratus
1217 1243 1300 1300 corde
1327 1241 1493 1299 amarissimo
1521 1248 1692 1315 peccatorum
1723 1235 1832 1296 reniam

186 1319 312 1377 omnibus
325 1323 430 1382 alienus
439 1325 507 1382 liber
516 1329 605 1400 possis
614 1328 732 1386 omnium
743 1329 865 1387 Creatori
874 1345 978 1386 vacare.
1034 1332 1209 1403 postutaad03
1234 1349 1306 1390 nunc
1330 1329 1517 1389 sacratissimae
1543 1329 1661 1402 passioni
1691 1324 1751 1385 Filii
1782 1322 1836 1380 Dei

185 1407 460 1486 Decimnmoctavnm,
488 1422 519 1471 ιιι
544 1416 689 1491 imaginem
717 1434 749 1476 ac
775 1418 980 1475 similitudinem
1034 1419 1125 1494 gladio
1149 1420 1343 1493 compassionis
1368 1420 1520 1490 confossus,
1541 1435 1632 1478 coram
1662 1420 1722 1490 ejus
1752 1427 1835 1470 crttce

187 1499 444 1568 majestatisdivinae
453 1504 663 1564 consideransin
678 1507 978 1576 omnibusbominibus,
1034 1507 1189 1568 vulneratus
1215 1526 1277 1567 curn
1304 1525 1347 1577 eo,
1370 1510 1549 1582 lacrymosus,
1570 1518 1598 1567 et
1624 1508 1721 1564 llebilis
1748 1500 1835 1576 appsss

186 1585 223 1642 ita
237 1605 331 1646 omnes
344 1592 440 1664 diligas
460 1594 554 1651 intimo
569 1596 707 1654 charitatis
724 1597 828 1672 ¹aiiectu
843 1597 980 1655 omnium·
1039 1599 1141 1668 rendo;
1156 1616 1228 1658 nunc
1251 1598 1333 1655 totius
1356 1598 1419 1655 vitae
1441 1597 1586 1655 decursum
1607 1606 1658 1654 tuse
1673 1592 1836 1666 obliquitati,

185 1692 239 1748 qua
264 1687 290 1736 et
303 1682 421 1739 maxime
434 1682 614 1756 intirmorum,
629 1696 658 1743 ct
670 1701 891 1759 quorumcunque
905 1686 978 1742 indi·
1002 1645 1112 1746 Bvelut
1139 1689 1305 1747 rectitudinis
1327 1689 1423 1745 lineam
1453 1687 1643 1759 proponend03
1660 1702 1732 1741 nunc
1756 1684 1837 1739 innu-

186 1767 310 1837 gentium
332 1785 424 1827 curam
455 1789 545 1846 geras,
566 1774 713 1831 dummodo
737 1777 807 1834 circa
833 1775 985 1848 spiritualia
1039 1778 1190 1846 morabilis,
1205 1786 1232 1834 et
1245 1778 1375 1834 immensa
1398 1778 1457 1848 ejus
1471 1777 1601 1834 beneficia
1623 1785 1712 1831 mente
1727 1782 1835 1845 pertra-

186 1871 242 1911 non
256 1857 302 1913 liat
316 1858 365 1915 tibi
378 1862 473 1916 nociva
488 1862 647 1937 destructio,
663 1865 735 1922 sicut
753 1867 822 1922 bons
836 1874 923 1922 mater
943 1866 987 1920 di·
1039 1874 1115 1924 ctans
1128 1868 1275 1941 gratiarum
1289 1866 1439 1923 actionibus
1453 1866 1616 1934 insistendo,
1631 1881 1704 1921 nnnc
1718 1861 1837 1918 stimulis

187 1943 256 2018 ligit,
275 1953 357 2018 atque
371 1956 447 2006 curat
463 1951 573 2007 unicum
587 1953 674 2010 tilium
689 1954 884 2027 praedilectum.
901 1957 983 2013 Deci·
1040 1957 1155 2028 alicujus
1166 1955 1266 2014 amoris
1280 1955 1459 2012 ardentissimi
1474 1962 1590 2028 punctus
1605 1955 1696 2026 ipsum
1711 1954 1737 2009 in
1756 1967 1835 2010 crea·

189 2039 986 2102 mumnonum,utcontiouementemtuamitababcascum
1040 2046 1108 2105 turis'
1135 2047 1261 2104 omnibus
1296 2046 1442 2114 intuendo,
1472 2061 1543 2102 nnuc
1569 2045 1730 2117 potentiam,
1765 2057 1839 2099 nunc

189 2123 247 2181 Deo
261 2124 421 2193 ordinatam,
437 2142 498 2198 quaa
513 2144 593 2186 omne
613 2139 720 2203 tempus
735 2144 811 2190 tuum
826 2135 985 2190 exercitium
1041 2134 1210 2209 sapientiam,
1238 2151 1310 2192 nnnc
1342 2133 1487 2192 bonitatem
1515 2135 1576 2204 ejus
1613 2142 1639 2190 et
1667 2131 1837 2189 clementiam

190 2227 296 2284 semper
311 2221 365 2269 tam
380 2217 480 2271 mentis
496 2220 760 2291 quamcorporissit
776 2223 871 2295 oratio,
886 2222 989 2280 omnia·
1040 2224 1190 2293 attendens,
1207 2240 1267 2281 eum
1290 2223 1431 2296 magnifice
1460 2225 1487 2279 in
1510 2223 1616 2280 cunctis
1639 2222 1767 2295 operibus
1783 2218 1840 2275 suis

190 2317 243 2372 que
255 2302 391 2370 exercitia,
415 2305 535 2376 servitia,
561 2318 587 2364 et
612 2310 727 2366 maxime
742 2311 846 2380 viliora,
876 2312 917 2368 rel
933 2312 987 2367 bu·
1041 2313 1321 2382 collaudand03nunc
1329 2312 1465 2370 desiderio
1476 2313 1569 2384 patrioe
1578 2311 1696 2369 coelestis
1710 2316 1840 2366 attractus

191 2390 373 2448 miliciacum
395 2401 467 2450 nuto
487 2394 567 2452 iacias
580 2397 715 2455 charitatis
736 2400 852 2470 iervore,
869 2416 901 2458 ac
915 2401 938 2457 si
957 2417 993 2458 ea·
1041 2403 1219 2476 gemebundis
1247 2401 1372 2475 suspiriis
1399 2401 1563 2469 anhelando;
1580 2416 1651 2456 rrunc
1683 2399 1755 2455 circa
1790 2413 1841 2454 nos

192 2480 298 2537 Christo
322 2483 497 2554 corporaliter
518 2487 669 2560 exhiberes,
693 2490 766 2562 quod
795 2497 868 2547 ccrte
896 2499 987 2564 potes,
1040 2494 1145 2548 viscera
1167 2490 1380 2548 inexistimabilis
1407 2488 1545 2545 charitatis
1570 2486 1746 2544 considerans
1762 2486 1843 2541 laets·

191 2578 219 2625 et
236 2570 331 2638 debes,
346 2578 373 2627 et
386 2573 516 2630 veraciter
528 2577 656 2649 cogitare,
676 2579 740 2650 quia
753 2578 875 2635 Christus
888 2579 952 2636 dicit
962 2579 989 2635 in
1041 2580 1133 2637 buada
1157 2588 1184 2635 et
1219 2578 1442 2637 excellentissime
1482 2575 1667 2644 admiratione,
1701 2574 1785 2631 corde
1814 2581 1843 2629 et

192 2658 358 2732 Evangelio:
374 2663 774 2730 Quoduatiecmistimismeis
787 2669 991 2739 [caiatiensibi
1043 2669 1133 2726 anirno
1154 2668 1181 2724 in
1210 2668 1317 2725 Christo
1345 2666 1507 2733 deficiendo,
1523 2681 1594 2722 nunc
1621 2672 1647 2719 te
1670 2663 1842 2736 praecipitem

193 2748 303 2817 lecistis
317 2748 431 2816 (natal.
454 2767 524 2819 xxv,
541 2755 596 2822 to).
615 2755 794 2825 vigesimum,
811 2765 840 2813 ιιι
855 2760 986 2815 honorem
1044 2764 1179 2815 tenentem
1199 2756 1358 2830 lugientem,
1372 2772 1444 2814 nuuc
1458 2754 1530 2812 enirn
1545 2762 1571 2809 te
1590 2759 1739 2818 tenentem,
1751 2753 1843 2807 suble·

194 2841 222 2890 et
237 2836 413 2892 reverentiam
428 2839 554 2895 omnibus
567 2841 694 2898 exhibeas
704 2850 757 2898 tam
773 2844 889 2902 debitam
904 2863 985 2917 quam
1039 2851 1148 2900 rentem
1162 2849 1189 2899 at
1201 2842 1395 2911 attrabentem3
1412 2856 1483 2897 nunc
1498 2841 1631 2912 ingratum
1648 2845 1673 2893 te
1687 2853 1736 2907 per
1750 2837 1842 2891 omnia

194 2921 330 2992 devotam,
356 2933 382 2980 et
408 2926 603 2985 sanctissimam
619 2931 779 2990 obedientia
794 2924 918 2990 normam
933 2949 987 2992 non
1005 2930 1208 3010 cexistontem,
1224 2930 1400 2989 considerans
1417 2928 1603 2985 ineiiabilibus
1616 2925 1713 2982 divinae
1729 2924 1840 2980 miseri·

194 3010 285 3068 solum
305 3012 332 3068 in
347 3015 454 3087 magnis
475 3026 502 3072 et
521 3018 694 3084 arduis,·sed
718 3021 798 3077 etiam
815 3023 845 3078 in
861 3023 989 3091 minimis,
1046 3020 1146 3077 cordiae
1178 3019 1226 3075 tibi
1253 3017 1403 3076 visceribus
1431 3017 1581 3088 patefactis,
1608 3013 1690 3069 nimio
1717 3012 1745 3068 in
1780 3022 1841 3068 eum

193 3103 241 3176 qai
257 3103 386 3176 pupillam
406 3107 477 3163 oculi
498 3107 606 3164 studeas
625 3109 762 3166 custodire
783 3110 903 3179 illaesam,
921 3113 990 3169 obe-
1044 3107 1181 3166 cbaritatis
1199 3107 1296 3164 ardore
1311 3114 1337 3163 te
1360 3106 1504 3163 conferens
1519 3111 1603 3160 totum
1625 3101 1653 3157 in
1672 3101 1780 3158 fletibus
1793 3116 1842 3156 re-

193 3191 446 3266 diensqusquidem
463 3210 516 3252 non
541 3195 631 3252 solum
655 3198 846 3269 majoribuset
861 3201 989 3275 prelatis,
1045 3196 1191 3264 soluendo;
1208 3211 1280 3252 nunc
1307 3211 1371 3253 vero
1396 3193 1590 3261 occultissima,
1615 3190 1841 3263 profundissimas

195 3280 243 3336 ted
258 3281 338 3336 etium
356 3282 482 3338 omnibus
497 3289 524 3338 te
551 3283 698 3354 subjiciens
720 3286 924 3361 quibuscunque
940 3290 990 3344 ab·
1044 3283 1293 3352 admirabilissima,
1322 3291 1350 3339 et
1389 3297 1495 3339 summa
1536 3296 1645 3353 arcana,
1674 3281 1843 3353 nimiumque

196 3368 325 3443 uomodo
340 3376 368 3426 te
390 3371 479 3440 ipsum
500 3386 550 3443 pro
564 3372 670 3431 cbristo
684 3375 712 3430 in
727 3376 852 3432 omnibus
866 3384 895 3435 et
908 3378 992 3435 dille.
1045 3371 1178 3446 stupenda
1192 3371 1294 3443 iudicia
1316 3371 1428 3443 justitia
1449 3372 1510 3442 eius
1532 3369 1679 3442 diligenter
1700 3371 1844 3427 attendens

196 3457 329 3528 rentibus,
344 3459 436 3532 altius,
451 3460 561 3519 studeas
580 3461 669 3520 faeere
683 3463 859 3539 uoluntatem,
873 3467 901 3522 in
916 3468 992 3525 nutto
1045 3474 1109 3519 tum
1124 3463 1151 3517 in
1174 3462 1297 3519 omnibts
1319 3460 1477 3526 sceleribus,
1492 3466 1520 3517 ti
1541 3468 1669 3517 emittm
1686 3472 1750 3514 ⁰⁰¹⁸
1765 3472 1846 3512 ⁸¹¹⁰*-

197 3549 224 3598 to
239 3544 362 3612 prtebens
373 3545 454 3602 alicui
470 3560 626 3613 onerosum,
642 3547 691 3604 sed
707 3548 797 3620 potius
812 3548 841 3606 in
859 3550 991 3608 charitate
1046 3566 1091 3608 mo
1114 3564 1220 3621 amore,
1237 3549 1397 3624 ingentique
1423 3549 1523 3606 timore
1548 3547 1714 3606 descendens
1737 3545 1847 3619 suppli·

196 3631 306 3701 Christi,
326 3639 354 3690 et
368 3633 482 3706 diligens
504 3635 644 3694 uniuersos
667 3644 694 3692 ta
709 3637 798 3708 ipsum
813 3641 992 3698 communiter
1046 3640 1123 3706 citer,
1149 3646 1177 3696 et
1203 3639 1342 3695 humiliter
1364 3638 1520 3696 venerando
1548 3652 1605 3710 prae
1631 3635 1770 3703 omnibus,
1798 3642 1845 3693 aut

197 3721 324 3780 omnibus
347 3732 453 3797 gratum
488 3724 613 3798 roddens,
637 3724 819 3800 affabilitates,
849 3730 990 3800 amicitias,
1046 3729 1200 3787 continuam
1213 3735 1241 3784 et
1261 3726 1351 3785 rivam
1374 3727 1531 3784 memoriam
1544 3727 1631 3798 ipsius
1654 3723 1843 3782 saemdssimn

200 3808 397 3868 familiaritates
411 3811 500 3884 iugias
514 3812 676 3886 singulares,
690 3829 748 3888 prae
763 3816 888 3874 omnibus
901 3825 992 3875 autern
1046 3816 1188 3891 passionis.
1205 3814 1371 3873 Vicesimum
1397 3813 1516 3883 tertium,
1532 3821 1568 3885 ιιιι
1582 3829 1665 3885 super
1692 3812 1841 3869 custodiam

197 3913 304 3971 carens,
319 3915 355 3958 ne
367 3917 487 3974 unquam
506 3904 600 3970 verbo,
619 3901 701 3972 lacto,
726 3904 769 3960 vel
785 3916 863 3978 gestu
878 3907 993 3978 alicujus
1048 3919 1119 3964 mam
1134 3906 1228 3980 vigiles
1250 3905 1324 3962 omni
1347 3912 1468 3976 ternpore
1486 3904 1521 3959 ab
1544 3903 1646 3975 antiqui
1670 3901 1754 3959 bostis
1769 3901 1844 3958 iran-

198 3989 327 4057 taneoris,
353 3990 417 4060 odii,
444 3991 580 4058 clamoris,
595 3991 714 4065 injuriae,
730 3995 902 4063 turbationis,
918 4009 993 4053 mur·
1047 3998 1137 4066 dibus,
1152 4009 1213 4068 qua
1227 4010 1299 4066 sape
1322 4009 1352 4050 se
1374 3994 1402 4049 in
1417 3994 1543 4066 angelum
1567 3993 1636 4051 lucis
1649 3989 1844 4064 transfigurans

197 4079 366 4153 murationis,
394 4081 569 4138 detractionis
595 4082 726 4156 scandali,
754 4084 795 4141 ael
818 4084 992 4154 adulationis,
1047 4085 1075 4142 in
1098 4084 1173 4144 omni
1195 4083 1238 4140 ria
1261 4082 1404 4139 bominum
1427 4083 1537 4154 laqueos
1558 4080 1647 4138 badii
1669 4087 1696 4135 et
1718 4077 1795 4144 retis,
1810 4087 1842 4134 et

195 4171 223 4226 et
237 4182 460 4242 quorumcunque
479 4169 607 4226 similium
623 4170 712 4245 aliqua
726 4173 840 4239 ratione,
855 4174 896 4233 rel
913 4175 992 4232 modo
1047 4175 1150 4230 animas
1174 4181 1281 4230 nostras
1303 4171 1388 4229 valeat
1409 4169 1554 4243 captivare,
1571 4167 1752 4226 sollicitudine
1774 4182 1843 4223 ‹aan-

196 4271 246 4325 per
264 4263 301 4322 te,
320 4257 364 4313 vel
388 4274 436 4329 per
458 4258 540 4315 alium
555 4273 636 4315 causa
649 4260 693 4316 vcl
715 4261 821 4318 occasio
836 4262 895 4318 lias.
911 4263 991 4320 Vice-
1009 4215 1150 4321 utissima
1175 4260 1329 4320 venantium
1356 4259 1468 4333 laqueos
1494 4258 1611 4333 lugiens,
1641 4257 1709 4313 sicut
1737 4271 1845 4328 passer,

198 4343 296 4399 simum
311 4344 436 4417 primum,
454 4354 482 4402 ut
498 4346 612 4403 virtutes
634 4349 678 4407 rel
700 4350 803 4422 gratias
822 4350 989 4424 spirituales,
1047 4362 1180 4424 tantaeque
1203 4350 1341 4424 parvitatis
1361 4347 1513 4406 bumilitate
1537 4345 1624 4402 sancti
1645 4345 1673 4401 in
1688 4344 1775 4402 oculis
1789 4345 1845 4401 tais

196 4446 265 4504 quas
279 4447 327 4504 per
341 4441 376 4498 te,
388 4434 432 4491 uel
447 4433 475 4491 in
489 4442 515 4492 te
529 4434 620 4492 diuina
632 4435 739 4509 largitio
758 4436 864 4508 operari
891 4439 993 4514 digna·
1047 4441 1106 4515 lias,
1131 4452 1161 4499 ut
1187 4456 1238 4499 nec
1269 4438 1442 4497 subtilissima
1480 4438 1541 4509 ejus
1581 4432 1649 4494 retia
1676 4444 1702 4491 te
1737 4435 1846 4505 salmas

197 4531 251 4591 tar,
277 4522 526 4596 tribulationesque,
541 4532 569 4582 et
585 4524 679 4597 pratia
693 4525 832 4596 νιιιιιιιιιιι,
849 4544 910 4601 quse
925 4545 993 4600 pro·
1046 4530 1196 4597 continere,
1224 4543 1242 4586 a
1268 4528 1366 4601 quibus
1396 4543 1462 4584 sane
1497 4536 1563 4584 tunc
1600 4523 1701 4598 poteris
1731 4521 1843 4582 liberari

198 4610 296 4682 posita,
307 4612 440 4670 etsimilia
452 4614 486 4669 ab
500 4611 627 4670 omnibus
641 4614 750 4671 studeas
758 4622 887 4688 quantum
901 4626 991 4692 potes,
1046 4619 1154 4688 illesus,
1170 4633 1232 4677 cum
1250 4617 1365 4675 allectus
1383 4615 1468 4674 fueris
1486 4615 1578 4686 lsrael,
1592 4611 1719 4671 continue
1733 4615 1842 4669 menta²

196 4699 229 4756 iis
244 4708 332 4757 tamen
350 4700 483 4773 exceptis,
507 4715 568 4773 qum
591 4702 703 4774 proprio
717 4705 851 4763 sacerdoti
873 4706 901 4762 in
925 4723 992 4778 pro-
1045 4709 1116 4766 libus
1136 4705 1223 4764 oculis
1245 4705 1342 4763 ridens
1364 4706 1463 4772 Deum,
1477 4705 1543 4777 quia
1563 4714 1648 4774 neque
1669 4698 1841 4770 dormitabit,

195 4789 255 4862 pria
268 4788 369 4847 debent
387 4788 557 4847 assumtione
570 4790 672 4865 detegi,
688 4792 740 4849 nisi
763 4792 832 4852 forte
851 4795 929 4854 alicui
945 4805 992 4857 tuo
1045 4812 1133 4870 neque
1147 4794 1264 4854 dormiet
1286 4797 1345 4868 eJ'us
1364 4802 1466 4852 custos.
1481 4789 1645 4852 Vicesimum
1659 4784 1842 4862 quartum,u't

195 4879 339 4950 spirituali,
363 4887 390 4936 et
405 4877 517 4947 probato
532 4879 621 4937 unico
645 4881 669 4938 ei
692 4883 840 4956 spiritualis
866 4885 993 4945 utilitatis
1044 4888 1138 4943 bnans
1166 4881 1330 4942 lndeiessum
1359 4881 1472 4939 instituti
1501 4878 1586 4938 sancd
1612 4879 1731 4952 rigorem
1759 4875 1843 4934 saeris

195 4982 307 5024 oausam
334 4966 478 5035 revelares,
506 4968 585 5038 eujus
607 4971 752 5028 montium
778 4974 820 5032 rel
841 4976 991 5033 doctrinam
1044 4974 1188 5032 ardoribus
1201 4964 1843 5049 coelestiumdesideriornmsuccensasmentb

194 5057 319 5129 inhujus
339 5056 386 5113 tibi
400 5055 494 5114 credas
509 5071 590 5129 posse
605 5060 738 5131 conlerre,
759 5062 892 5119 sollicitus
917 5080 990 5121 sem·
1044 5078 1076 5121 ac
1104 5063 1225 5135 corporis
1251 5062 1390 5119 munditiae
1418 5057 1657 5135 pulchritudinem,
1683 5053 1842 5117 innocentia

196 5162 245 5219 per
263 5146 354 5204 tumre
369 5154 474 5217 tempus
496 5147 604 5221 ubique,
622 5158 652 5206 ut
666 5152 754 5225 possis
776 5152 904 5210 solitarie
927 5168 991 5211 ora·
1044 5153 1197 5224 puritatem,
1223 5149 1394 5208 conscientiae
1422 5147 1612 5205 rectitudinem
1645 5146 1747 5203 illibate
1774 5160 1842 5202 oon·

194 5235 262 5293 doni
281 5249 389 5305 vacare,
417 5244 445 5292 et
468 5237 582 5294 tacendo
610 5240 706 5297 sedms
733 5240 870 5299 solitarius
898 5244 989 5299 eleva·
1043 5256 1273 5307 nemausensem
1296 5238 1532 5313 diligentissimam
1549 5245 1703 5304 teneasne
1725 5233 1843 5292 oenendo

195 5335 239 5382 tus
260 5325 396 5383 desiderio
415 5325 450 5381 ad
477 5342 604 5398 superna.
633 5327 795 5386 Vicesimum
828 5330 987 5401 secundum,
1042 5346 1163 5402 unquam
1186 5329 1215 5385 in
1238 5327 1329 5402 aliquo
1352 5327 1505 5401 resipiscas.
1520 5329 1560 5383 ad
1580 5326 1652 5398 quod
1671 5323 1840 5398 diligentius,

195 5421 225 5468 ut
238 5415 344 5471 solutus
358 5413 392 5470 eb
405 5415 531 5471 omnibus
553 5414 620 5471 nibil
639 5423 732 5474 tenore
747 5418 913 5486 desiderans,
931 5420 988 5492 jam
1043 5428 1070 5478 et
1091 5420 1184 5494 purius
1197 5418 1412 5476 oonsemndum
1432 5417 1591 5491 quotidiana
1610 5413 1779 5472 discussione
1794 5426 1841 5470 se-

192 5503 354 5576 oontemptis
384 5502 509 5560 ombus
532 5502 631 5572 usna,
664 5513 736 5564 uoto
767 5507 864 5565 mentis
890 5515 988 5569 conatu
1040 5508 1153 5581 ptiesia
1170 5507 1462 5566 dieaxsniaesritara
1476 5514 1561 5576 ιιιιιι,
1575 5518 1685 5579 mmper
1699 5502 1843 5582 title—‚pest
