3728 5940
162 216 217 278 att
634 213 661 273 S.
681 210 849 274 rattruut
866 208 1001 272 lussltls
1031 204 1346 269 cultu-vlttuusls
1755 197 1812 258 utu

163 342 245 416 igitur
258 341 292 399 ab
305 333 487 406 illo'occasio,
503 354 537 394 ει
551 337 603 396 isto
617 336 735 394 allectio.
751 337 958 406 Quantaconlu-
982 343 985 349 '
1013 333 1103 391 securi
1116 339 1383 399 amatores,restmm
1392 343 1516 387 seorsum
1529 343 1544 381 a
1558 325 1639 396 iustis
1652 323 1812 386 consilium.

164 431 217 497 sio,
232 430 284 485 Dei
303 428 400 484 Filium
423 426 537 500 ingratis
551 426 639 484 oculis
652 441 763 483 cernere
778 425 956 482 morientem!
1014 423 1133 494 Squama
1147 437 1266 494 squamae
1281 418 1460 490 conjungitur,
1477 424 1505 473 et
1517 431 1573 473 non
1587 423 1630 471 est
1642 414 1812 488 spiraculum

164 516 361 591 quodquidam
376 516 456 573 facila
470 515 613 587 contingit,
627 513 650 570 ai
667 514 737 570 desit
750 515 959 588 Spiritus.Nunc
1014 511 1042 565 in
1055 510 1143 568 vobis.
1158 509 1282 576 Habetis,
1298 509 1418 581 inquam,
1433 512 1461 562 et
1473 520 1533 574 ros,
1549 519 1565 559 ο
1580 502 1667 575 impii,
1683 519 1811 561 commn-
1836 578 1839 582 Δ

163 615 254 663 autem
268 604 332 676 quia
354 605 471 662 charitas
490 604 541 660 Dei
555 603 653 660 dillusa
666 611 708 659 est
721 602 749 658 in
763 603 891 660 cordibus
906 618 959 659 no·
1014 600 1132 656 nicatum
1146 600 1180 655 ad
1204 599 1318 655 invicem
1340 596 1492 663 consilinm,
1508 594 1556 650 sed
1576 594 1655 667 plana
1676 592 1812 650 adversus

164 694 227 750 stria
255 709 304 766 per
330 693 461 764 Spiritum
489 699 620 758 sanctum,
643 689 690 764 qui
716 691 795 746 datus
822 698 864 746 εει
881 690 960 747 nobis
1014 688 1168 751 Dominum,
1188 698 1215 744 ει
1234 689 1360 745 adversus
1383 686 1520 742 Christum
1544 685 1615 756 ejus.
1641 682 1751 738 Etenim
1774 682 1809 747 si,

164 783 255 854 (Rom.
271 797 302 853 v,
322 781 360 851 b),
377 781 459 835 amati
483 794 615 848 amamus,
631 784 753 834 amantes
768 778 883 851 amplius
897 794 960 834 mc·
1013 777 1122 835 dicente
1137 777 1283 849 Scriptura,
1296 778 1392 833 Pietas
1414 779 1455 831 cst
1468 774 1563 830 cultus
1578 773 1627 829 Dei
1642 770 1728 842 (305),
1744 785 1811 844 pro·

165 887 255 929 remur
277 869 372 926 amari.
388 870 416 925 Si
431 869 578 925 enimcum
599 868 687 925 adbuc
700 867 801 924 inimici
824 883 957 933 essemus,
1014 866 1085 922 lecto
1100 866 1222 939 quisquis
1238 865 1296 937 plus
1316 874 1389 920 amat
1402 862 1531 918 mundum
1544 876 1626 934 quam
1640 860 1739 926 Deum,
1754 858 1811 914 im·

165 957 332 1016 reconciliati
347 974 442 1016 sumus
455 958 514 1014 Deo
529 974 577 1029 per
592 968 706 1013 mortem
721 955 783 1012 Filii
796 955 865 1026 ejus,
879 955 962 1010 multo
1015 952 1074 1026 pius
1088 961 1166 1026 atque
1182 952 1325 1009 idololatra
1339 967 1399 1007 esse
1416 948 1594 1015 conuincitur,
1604 947 1697 1004 colens
1710 954 1738 1002 et
1751 961 1809 1003 ser·

166 1047 253 1121 magis
276 1046 442 1104 reconciliati
464 1046 532 1102 salvi
545 1045 646 1102 erimus
666 1045 694 1101 iu
709 1046 762 1104 rita
776 1045 874 1117 ipsius.
890 1044 962 1113 Quid
1013 1041 1089 1098 viem
1115 1050 1243 1098 creaturae
1267 1040 1457 1113 potiusquam
1484 1036 1619 1094 Creatori.
1642 1034 1810 1091 Habentibus

164 1135 261 1192 enim‘l
275 1135 321 1208 qui
336 1136 447 1210 proprio
461 1135 529 1192 Filio
552 1151 602 1191 suo
620 1150 674 1191 nou
696 1133 827 1208 pepercit,
843 1134 891 1189 sed
912 1149 963 1207 pro
1013 1139 1114 1197 autem,
1131 1139 1161 1186 ut
1174 1131 1276 1186 dictum
1294 1135 1345 1193 εει,
1361 1126 1460 1183 sanctis
1478 1136 1558 1196 atque
1575 1124 1667 1196 impiis
1681 1141 1760 1181 sunm
1774 1124 1809 1181 ad

164 1226 243 1282 nobis
262 1224 391 1281 omnibus
405 1224 516 1280 tradidit
528 1224 615 1290 illum,
630 1239 685 1279 non
700 1223 780 1278 ctiam
793 1221 884 1278 omnia
899 1236 963 1277 curn
1015 1234 1045 1273 se
1060 1218 1213 1291 quibusque
1226 1217 1378 1282 consilium,
1395 1230 1522 1289 magnum
1537 1211 1631 1285 procul
1646 1212 1811 1269 dubiointcr

165 1313 226 1386 ipso
240 1313 355 1370 daturus
372 1320 414 1369 est
432 1312 513 1369 nobis
527 1313 618 1386 (Rom.
632 1327 695 1379 ιἰιι,
711 1310 767 1383 32).
1015 1314 1145 1380 utrosque
1159 1308 1241 1364 cbaos
1255 1305 1389 1362 firmatum
1410 1312 1461 1362 est.
1476 1304 1544 1359 Nam
1560 1300 1697 1375 quomodo
1719 1301 1811 1371 justus

201 1406 228 1458 9.
244 1400 313 1458 Cum
336 1417 401 1473 ergo
422 1401 562 1472 geminum
586 1409 723 1456 teneamus
745 1406 845 1456 nostrae
868 1398 961 1457 salutis
1016 1397 1096 1469 longe
1110 1413 1140 1453 se
1154 1395 1249 1453 facita
1269 1395 1383 1453 consilio
1407 1403 1435 1450 et
1454 1391 1568 1450 concilio
1590 1391 1809 1465 malignantium,

166 1489 305 1555 indicium,
321 1490 455 1561 geminam
470 1488 611 1562 sanguinis
622 1498 649 1543 ει
661 1487 779 1559 Spiritus
788 1487 959 1553 allusionem,
1014 1485 1052 1542 ita
1065 1502 1116 1543 nec
1134 1493 1278 1561 resurgunt
1301 1485 1411 1541 omnino
1436 1482 1511 1554 impii
1536 1480 1565 1535 in
1585 1480 1701 1552 iudicio,
1722 1496 1811 1553 neque

165 1587 260 1636 nentra
274 1579 332 1636 sine
347 1580 431 1637 altera
457 1578 576 1651 prodest.
594 1578 664 1634 Nam
684 1592 735 1633 nac
751 1564 869 1648 Spiritus
884 1578 962 1633 datur
1016 1584 1172 1646 peccatores
1195 1574 1222 1630 in
1245 1572 1358 1631 consilio
1376 1573 1452 1644 (306)
1471 1574 1616 1642 justornm.
1640 1570 1688 1626 Est
1706 1570 1811 1642 quippe

164 1666 217 1724 nisi
241 1667 414 1725 credentibus
438 1668 465 1724 iu
488 1666 664 1733 Crucifimm,
684 1682 733 1724 nec
750 1665 820 1723 fidas
842 1667 923 1736 ualet,
938 1665 961 1721 si
984 1664 1148 1755 pinatorum
1172 1663 1324 1730 consilium,
1341 1661 1432 1734 pluria
1445 1659 1604 1725 voluntaria,
1620 1674 1700 1730 qnam
1714 1675 1811 1733 segre-

163 1772 220 1814 non
241 1764 416 1829 operaturos
441 1756 593 1816 dilectione.
609 1755 723 1814 Dilectio
746 1763 836 1813 autem
860 1756 961 1812 donum
1015 1752 1092 1824 gurit
1124 1755 1196 1809 Deus
1220 1751 1369 1808 haereditati
1396 1766 1476 1808 suae:
1506 1759 1548 1805 est
1574 1747 1718 1805 consilium
1746 1764 1811 1805 rere

165 1845 285 1916 Spiritus
303 1856 353 1902 εει.
370 1844 448 1915 Quod
462 1845 486 1902 si
499 1846 636 1902 secundus
654 1846 736 1902 bomo
758 1845 905 1916 (Christum
918 1846 961 1902 lo·
1016 1842 1333 1913 secretum,descendcos
1346 1837 1551 1895 nimirumsicut
1562 1837 1656 1908 pluria
1665 1835 1694 1892 in
1703 1836 1809 1893 vellus:

165 1933 248 2006 quor)
262 1933 350 1992 tactus
363 1942 405 1990 est
419 1949 473 1990 non
487 1934 574 1989 solum
589 1933 618 1990 in
632 1933 961 2001 animamrirentcmscd
1015 1939 1056 1986 εει
1080 1929 1141 1986 fons
1164 1930 1295 2002 signatus,
1315 1929 1358 1987 cui
1386 1928 1491 1984 alienus
1513 1942 1568 1983 non
1591 1925 1777 1983 communicat
1801 1943 1809 1981 :

165 2021 248 2078 etiam
270 2023 299 2078 in
322 2021 448 2093 spiritum
474 2019 667 2088 vivificantem,
693 2039 726 2079 ea
751 2036 806 2079 unc
835 2023 962 2081 uidelicet
1015 2027 1057 2076 est
1070 2019 1244 2090 soljustitiae,
1260 2018 1308 2090 qui
1325 2017 1479 2075 timentibus
1492 2016 1582 2072 Deum
1597 2023 1699 2071 mutum
1713 2016 1809 2073 oritur.

163 2109 292 2176 moriens,
319 2124 356 2165 ex
379 2109 463 2166 altero
485 2115 609 2167 mortuos
631 2109 785 2179 suscitans3
809 2111 874 2182 quid
895 2111 961 2168 milri
1052 2110 1096 2162 lt.
1124 2111 1208 2164 Porro
1236 2116 1350 2164 cataros
1382 2106 1525 2163 advertens
1553 2107 1684 2176 propheta
1711 2105 1739 2160 in
1767 2105 1810 2161 sui

163 2198 296 2270 prodesse
319 2204 409 2270 potest
432 2198 505 2269 quod
527 2197 633 2269 inipso
657 2198 780 2264 moritur,
803 2201 905 2271 absque
928 2216 961 2256 ao
1015 2194 1135 2251 siccitate
1150 2205 1176 2252 ει
1188 2195 1308 2254 caecitate
1327 2203 1505 2262 remanentes,
1519 2196 1653 2266 justorum
1674 2194 1811 2266 siquidem

163 2287 236 2360 quod
249 2285 386 2344 vivificati
401 2286 526 2359 Denique
540 2286 599 2358 ipse
613 2287 650 2344 ait
665 2304 671 2341 :
690 2288 760 2346 Coro
775 2304 834 2344 non
846 2288 961 2361 prodest
1013 2283 1111 2342 imbris
1125 2293 1153 2341 ει
1166 2286 1235 2342 lucis
1254 2293 1379 2356 expertes
1402 2284 1560 2343 infecundos
1583 2302 1614 2342 ac
1637 2286 1810 2349 tenebrosos,

164 2376 325 2449 quidquam,
338 2375 463 2448 Spiritus
477 2377 518 2432 cst
532 2375 581 2448 qni
595 2375 721 2444 vivificat
736 2377 828 2446 (loon.
844 2391 887 2447 ιἰ,
904 2375 960 2447 ot).
1014 2372 1142 2429 contusos
1154 2380 1182 2428 et
1194 2387 1316 2437 aversos,
1326 2374 1472 2429 subsannat
1486 2380 1513 2429 et
1527 2379 1601 2428 notat
1611 2390 1619 2429 ι
1631 2373 1693 2429 llaec
1702 2375 1756 2442 est,
1769 2371 1814 2425 in·

163 2460 235 2532 Quid
247 2470 399 2532 astantem,
414 2462 549 2531 vivificat,
564 2461 627 2528 nisi,
636 2462 792 2533 justiticat?
807 2464 875 2519 Cum
889 2464 961 2519 enim
1014 2461 1119 2533 quiens,
1130 2477 1198 2533 gens
1212 2479 1276 2535 qnae
1288 2478 1347 2520 non
1360 2462 1471 2519 audivit
1480 2478 1574 2520 vocem
1585 2462 1633 2518 bei
1642 2460 1810 2532 stillarent.

163 2569 239 2610 mors
253 2553 350 2610 anime
370 2560 512 2624 peccatum
526 2551 572 2623 sit,
588 2552 688 2625 (anima
702 2553 803 2626 qnippe
819 2569 880 2624 quae
893 2568 960 2626 pec·
1016 2564 1063 2615 ιιι,
1094 2549 1150 2621 28).
1176 2550 1236 2607 Non
1258 2550 1383 2617 tultis,o
1407 2550 1507 2616 miseri,
1528 2550 1695 2606 dicerecum
1711 2550 1811 2616 David,

165 2641 270 2697 carent
284 2639 342 2713 ipsa
351 2641 484 2697 morietur
495 2639 604 2710 (dnecb.
616 2656 698 2707 xvrrr,
710 2641 754 2713 l);
766 2641 819 2696 rita
828 2642 889 2710 rjus
902 2643 961 2700 sine
1016 2635 1136 2695 ludium
1151 2638 1220 2714 qnid
1236 2641 1366 2713 loquatur
1379 2641 1412 2694 in
1426 2654 1471 2695 mc
1485 2641 1619 2697 Dominus
1633 2641 1706 2696 Dens
1719 2638 1807 2710 (Psoi.

164 2727 248 2784 dubio
261 2728 364 2799 justitia
373 2734 424 2796 est,
437 2727 564 2799 quonism
573 2729 665 2799 justus
675 2729 769 2785 axfide
783 2728 858 2786 vivit.
868 2730 962 2786 lustus
1015 2742 1135 2793 cxxxiv,
1148 2730 1175 2800 9)
1193 2747 1199 2782 z
1215 2728 1307 2801 utique
1321 2728 1385 2785 loris
1399 2727 1453 2784 lusi
1466 2729 1492 2785 in
1505 2729 1639 2785 vanitates
1653 2741 1679 2785 et
1692 2727 1813 2784 insanias

164 2822 257 2873 antem
272 2816 334 2890 quis
356 2824 407 2883 εει,
423 2815 476 2873 nisi
496 2815 542 2889 qui
563 2817 662 2873 amanti
687 2833 717 2872 sa
738 2818 795 2874 Deo
814 2818 899 2873 ricem
914 2835 961 2873 rr·
1016 2813 1107 2882 lalsas,
1129 2816 1253 2874 intimum
1273 2817 1459 2889 optimumque
1472 2833 1526 2873 non
1541 2815 1677 2889 requiritis
1692 2816 1811 2872 raritatis

164 2904 259 2976 pandit
274 2904 399 2961 emoriar
420 2904 492 2977 quod
508 2920 561 2962 non
586 2903 615 2962 fit
633 2905 686 2962 nisi
704 2906 841 2962 revelante
858 2905 961 2977 Spiritu
1016 2905 1149 2961 auditum.
1174 2907 1241 2964 Filii
1263 2906 1423 2975 bominum,
1447 2924 1585 2982 usquequo
1605 2908 1684 2980 proin
1706 2906 1813 2965 corde?

164 3010 216 3069 per
244 2993 325 3052 fidem
343 2993 445 3051 homini
469 3002 598 3051 ueternum
616 2995 666 3052 Dei
688 2996 857 3069 propositum
881 3011 962 3068 super
979 2988 1118 3075 tuiquid
1127 2994 1246 3069 diligitis
1257 2999 1460 3064 cantuarensi
1471 2998 1601 3069 queritis
1612 2994 1813 3054 menducium?

167 3098 217 3139 sua
232 3083 318 3139 salute
334 3081 433 3141 lutura.
449 3083 516 3149 Quae
529 3099 593 3140 sane
616 3082 744 3141 revelatio
764 3098 818 3140 non
834 3091 874 3139 est
889 3083 962 3141 aliud
1016 3083 1104 3154 (Psoi.
1121 3100 1160 3150 rr,
1182 3085 1222 3156 3.)
1246 3085 1325 3141 Surdi
1345 3086 1377 3141 ad
1393 3100 1489 3141 vocem
1509 3085 1639 3152 veritatis,
1655 3084 1813 3157 ignorantes

166 3187 247 3246 quam
260 3171 360 3227 inlusio
375 3173 468 3243 gratiae
479 3172 635 3245 spiritualis,
651 3187 699 3245 per
712 3188 803 3245 quarn,
814 3172 879 3228 dum
894 3172 964 3230 lacta
1016 3174 1158 3230 consilium
1186 3173 1329 3246 cogitantis
1350 3173 1526 3246 cogitationes
1550 3177 1632 3246 pacis,
1648 3176 1694 3230 sed
1717 3183 1744 3229 et
1769 3173 1813 3229 lo·

166 3261 256 3317 carnis
276 3258 481 3328 mortificantur,
504 3264 586 3317 horno
608 3262 642 3317 ad
658 3277 771 3335 regnum
785 3269 962 3335 praeparatur,
1016 3263 1125 3333 quentis
1145 3277 1236 3333 pacem
1260 3263 1288 3318 in
1316 3262 1422 3332 plebem
1445 3277 1532 3327 auam,
1554 3272 1582 3318 et
1602 3279 1684 3333 super
1703 3269 1815 3319 sanctos

168 3349 242 3421 quud
256 3362 318 3405 caro
332 3356 360 3405 et
374 3350 486 3424 sanguis
496 3365 550 3408 non
565 3351 722 3424 possident3
737 3351 817 3407 simul
828 3351 964 3423 accipiens
1016 3366 1090 3421 suos,
1106 3359 1134 3408 et
1147 3353 1176 3406 ln
1199 3350 1309 3423 eosqui
1330 3357 1525 3406 conuertuntur
1547 3349 1581 3404 ad
1595 3365 1651 3406 cor.
1675 3350 1739 3406 lom
1756 3368 1813 3417 vos,

168 3436 197 3491 in
219 3450 274 3492 uno
296 3434 410 3506 Spiritu,
435 3446 463 3493 ot
477 3435 549 3493 unde
569 3453 597 3493 se
622 3443 767 3509 praesumat
784 3445 914 3505 amatum,
938 3445 965 3493 ει
1015 3438 1686 3514 inquit‚mnndiestis,proptcrsermonemquem
1697 3439 1810 3497 bantus

167 3523 241 3581 unde
255 3523 384 3590 redamet,
400 3540 435 3581 ne
450 3528 534 3599 gratis
547 3533 650 3583 amatus
665 3526 710 3582 sit.
1015 3547 1080 3587 suno
1098 3531 1172 3587 uobis
1186 3531 1278 3599 (loon.
1293 3544 1344 3596 xv,
1363 3531 1404 3591 al.
1419 3530 1493 3603 Ergo
1506 3530 1554 3601 qni
1569 3529 1643 3585 bunc
1656 3543 1811 3586 sermonem

203 3614 248 3668 ιθ.
272 3612 330 3668 Ηοε
360 3611 451 3686 itaque
474 3621 516 3670 εει
546 3612 614 3672 illud
640 3629 747 3670 sacrum
774 3619 964 3687 secretumque
1017 3633 1071 3675 non
1086 3617 1209 3685 audiunt,
1225 3618 1357 3674 immundi
1370 3629 1443 3676 sunt.

167 3699 320 3769 consilium,
335 3703 408 3774 quod
435 3719 451 3757 a
477 3703 555 3759 Patra
582 3702 667 3760 Filius
688 3702 716 3757 in
742 3702 844 3774 Spiritu
869 3713 962 3761 sancto
1053 3713 1097 3766 l3.
1117 3710 1342 3775 cateruatim
1362 3707 1528 3776 charissime,
1545 3706 1608 3765 lruic
1621 3706 1681 3765 roci
1696 3707 1745 3766 Dei
1760 3711 1809 3779 tui,

92 3832 95 3837 ψ
166 3790 312 3862 accipiens,
329 3790 397 3860 anis,
412 3807 482 3864 quos
501 3791 586 3859 norit,
606 3808 657 3864 per
675 3794 801 3849 eumdem
820 3792 962 3865 Spiritum,
1017 3797 1132 3856 dulciori
1156 3815 1239 3872 super
1262 3799 1317 3855 mel
1341 3809 1368 3856 ει
1397 3799 1499 3867 larum,
1514 3797 1539 3854 si
1564 3814 1699 3869 preparas
1717 3813 1811 3856 aurem

164 3878 339 3952 justificando
371 3894 430 3952 cos,
458 3879 648 3947 communicat,
680 3888 707 3934 ot
737 3882 960 3940 communicando
1016 3886 1182 3959 interiorem,
1198 3886 1262 3960 luge
1285 3903 1378 3944 curam
1404 3887 1577 3951 exteriorem,
1592 3892 1623 3941 nt
1640 3886 1768 3956 expedito
1786 3897 1812 3942 et

164 3968 314 4041 justificat:
331 3970 440 4042 quando
459 3969 486 4025 id
507 3968 624 4043 quisque
647 3970 747 4041 accipit
763 3968 792 4025 in
807 3970 848 4025 sui
860 3969 962 4041 justiti·
1017 3984 1128 4033 vacante
1147 3976 1252 4032 interno
1275 3991 1369 4046 sensu,
1393 3974 1467 4033 dicas
1484 3985 1511 4030 ct
1531 3984 1559 4030 ιιι
1583 3989 1644 4029 cum
1663 3973 1811 4030 Samuele:

164 4058 280 4126 catione,
296 4066 327 4115 nt
341 4058 451 4130 incipiet
465 4066 492 4115 at
512 4058 570 4129 ipse
594 4072 768 4132 cognoscere,
784 4058 854 4115 siout
872 4066 898 4114 et
912 4074 962 4117 co-
1017 4066 1146 4137 loqncre,
1159 4066 1286 4130 Domine,
1297 4066 1363 4138 qnia
1375 4063 1459 4121 ondit
1472 4078 1568 4120 seruus
1583 4065 1649 4118 tuns
1659 4063 1685 4134 (l
1693 4064 1756 4135 liep.
1769 4077 1811 4130 ur,

165 4145 258 4218 gnitus
279 4153 337 4212 est;
353 4161 415 4202 cum
439 4145 565 4202 videlicet
579 4145 657 4200 datur
680 4154 707 4202 et
729 4144 782 4217 ipsi
804 4147 962 4218 praesentire
1018 4154 1076 4223 to).
1092 4153 1150 4208 Vox
1163 4153 1222 4207 baec
1235 4167 1289 4207 non
1309 4162 1387 4208 sonat
1401 4152 1428 4206 in
1453 4149 1525 4217 loro,
1539 4149 1587 4206 sed
1601 4166 1651 4206 nec
1663 4151 1771 4206 auditur
1786 4153 1812 4206 in

170 4231 270 4301 aliquid
281 4231 315 4286 de
329 4246 380 4287 sua
392 4230 479 4301 ipsius
492 4233 584 4288 lutura
597 4233 771 4300 beatitudine,
786 4237 962 4306 quemadmo-
1017 4241 1135 4309 publico.
1156 4241 1293 4297 secretum
1321 4240 1476 4305 consilium,
1499 4248 1636 4295 secretum
1662 4241 1760 4310 quaerit
1785 4250 1812 4296 ει

170 4316 234 4372 dum
248 4317 284 4373 ab
302 4325 405 4376 aetamo
419 4318 496 4375 latuit
510 4319 537 4375 in
556 4321 774 4393 pradestinante,
792 4322 897 4393 plenius
911 4339 961 4395 ap·
978 4311 1145 4395 'auditum
1172 4329 1281 4386 auditui
1306 4336 1350 4385 tuo
1375 4329 1502 4401 gaudium
1517 4342 1569 4398 pro
1594 4335 1669 4383 certo
1691 4326 1766 4384 dabit
1785 4338 1813 4384 et

167 4406 315 4482 pariturum
338 4406 366 4462 in
380 4407 557 4467 beatificante.
572 4412 612 4467 De
625 4426 678 4483 qua
692 4416 783 4466 tamen
795 4413 851 4482 jam
867 4429 960 4484 perce·
1014 4417 1142 4489 laetitiam,
1160 4419 1183 4475 si
1203 4418 1293 4476 sobria
1311 4434 1378 4474 auro
1395 4418 1557 4490 prrceperis.
1582 4416 1698 4472 Abmbae
1712 4418 1810 4488 praeci·

166 4502 213 4593 pta
227 4495 325 4553 suimet
340 4511 372 4552 ex
395 4503 472 4568 parte
485 4498 591 4570 notitia,
607 4498 717 4555 interim
731 4497 841 4570 quidem
856 4498 961 4571 glorie·
1015 4507 1086 4579 pitur
1099 4507 1172 4563 esire
1187 4507 1221 4564 dc
1235 4517 1307 4564 terra
1320 4518 1347 4565 et
1359 4508 1394 4563 de
1413 4506 1577 4580 cognatione
1591 4522 1653 4572 sua,
1668 4515 1697 4561 ut
1721 4505 1812 4563 videre

166 4584 250 4641 turin
269 4600 328 4657 spe,
351 4585 470 4642 nondum
485 4595 574 4642 umen
587 4586 615 4641 in
628 4587 781 4644 securitate.
798 4587 885 4657 Quam
907 4589 961 4644 mi·
1013 4605 1039 4652 et
1053 4596 1192 4667 possidere
1207 4604 1359 4654 mereretur
1374 4605 1474 4653 terram
1494 4593 1640 4650 viventium
1658 4591 1739 4664 (den.
1754 4608 1808 4659 xrr,

143 4739 145 4744 ¹
167 4675 287 4747 serendi,
305 4674 352 4749 qui
368 4675 402 4730 ad
416 4683 471 4731 tam
494 4676 641 4750 jucundum
656 4677 794 4747 justorum
808 4677 960 4745 consilium,
1014 4684 1051 4757 l).
1067 4685 1149 4741 Jacob
1169 4685 1263 4742 relicto
1289 4685 1370 4742 tratre
1392 4693 1419 4740 et
1438 4682 1525 4757 patria
1546 4681 1692 4738 lordanem
1713 4683 1811 4739 transit

165 4765 272 4823 unllnm
296 4763 386 4821 adbuc
401 4771 493 4821 tenent
507 4780 563 4821 sua
587 4764 734 4822 rocauonis
759 4764 959 4824 nsumouiumt
1010 4772 1039 4829 in
1052 4772 1148 4831 baculo
1162 4774 1244 4845 (Gen.
1254 4788 1345 4840 xxxii,
1359 4773 1416 4845 lo),
1428 4779 1455 4829 et
1468 4769 1601 4840 excipitur
1614 4768 1737 4826 Rachelis
1746 4784 1809 4824 am·

164 4852 290 4921 Domina,
312 4852 375 4923 quis
401 4851 516 4908 credidit
541 4852 643 4910 auditui
670 4852 788 4910 nostro?
810 4852 834 4911 Ο
859 4853 962 4910 utinam
1013 4863 1138 4932 plexibus
1152 4862 1233 4934 (Gan.
1248 4861 1509 4934 xx11,ll).losepb
1523 4860 1679 4916 dominatur
1692 4858 1808 4932 Egypto

164 4945 292 5011 saperent
314 4949 341 4997 et
363 4940 567 5013 intelligerent!
595 4942 696 4998 Verum
720 4941 774 4998 nisi
787 4941 961 5014 credideriut,
1012 4946 1809 5024 (ommpmeroationefurtivapatrisublstnsetpstriae

163 5042 218 5084 non
237 5026 397 5102 intelligent.
1012 5041 1094 5111 (Gen.
1111 5042 1234 5114 xxxvii).
1249 5038 1366 5097 Ecclesia
1378 5039 1502 5109 iubetur,
1523 5046 1553 5093 ut
1565 5035 1739 5107 concupiscat
1754 5035 1810 5091 llas

199 5120 245 5172 lc.
258 5114 311 5172 Sed
326 5115 431 5173 habetis
445 5123 472 5173 et
482 5131 559 5184 ros,o
570 5116 691 5175 infelices
701 5117 793 5175 saeculi
803 5117 961 5176 malello
1011 5127 1138 5186 decorem
1152 5133 1221 5200 ejus,
1236 5128 1359 5186 oblivisci
1384 5129 1513 5200 populum
1533 5140 1623 5192 suum,
1649 5131 1676 5181 et
1697 5126 1809 5181 domum

198 5271 274 5344 (3⁰5)
288 5273 375 5333 Locus
393 5285 435 5334 est
457 5277 519 5345 lob,
536 5294 640 5347 xxrrrr,
657 5282 702 5337 28.
722 5278 897 5352 Septuaginta
911 5281 957 5336 in·
1048 5282 1122 5354 (3⁰6)
1139 5281 1179 5337 lta
1192 5280 1382 5351 scribendum
1399 5295 1453 5337 non
1468 5277 1600 5345 counito,
1617 5287 1647 5332 ut
1661 5276 1688 5332 in
1701 5276 1809 5333 Psalmo

161 5349 316 5416 terpretes:
337 5344 398 5405 ’lost
418 5349 599 5406 transnatari
613 5352 698 5426 copia,
714 5354 784 5410 dccc
797 5354 895 5410 cultus
908 5353 958 5410 dei
1010 5353 1156 5414 insonans
1178 5355 1251 5410 enim
1274 5354 1367 5432 exigit,
1382 5353 1501 5411 consilio
1519 5357 1547 5406 ει
1570 5349 1610 5405 sic
1625 5349 1724 5405 babent
1748 5364 1805 5404 ma-

160 5417 371 5560 gzisoeppttgntic.
387 5419 510 5496 Vulgata,
527 5423 596 5482 Ecce
612 5426 698 5483 timor
711 5423 825 5484 Domini
839 5424 902 5496 ipso
916 5427 958 5481 ast
1009 5425 1149 5499 nuscripti.
