3728 5940
159 194 208 279 dr

748 220 795 279 so
815 222 842 281 s.
866 219 1031 305 suaniam
1046 224 1224 286 eersrouas

1755 189 1812 293 71⁴2

158 346 231 419 quod
255 344 320 400 tanti
343 333 407 399 sunt
432 341 545 398 fervoris
568 350 595 399 et
620 345 718 411 meriti,
752 360 805 401 non
836 350 959 404 humanae
975 350 1084 441 “banc
1111 351 1233 408 ridentes
1261 351 1345 408 taliter
1367 353 1547 422 incedentem,
1563 365 1590 412 et
1614 356 1647 410 ad
1670 357 1813 414 Christum

160 432 295 504 potentie,
312 430 358 487 sed
373 429 491 485 muneris
504 441 547 486 est
560 430 653 487 divini.
670 433 738 486 Dum
758 447 824 489 uero
847 442 911 489 sunt
932 435 958 488 in

159 521 282 584 lectione,
302 518 399 574 leniter
415 518 520 574 haurire
542 519 668 576 uidentur
691 528 719 576 et
742 521 886 578 aliluenter
903 523 962 594 qui.

158 608 219 664 dem
234 622 316 680 aquas
335 607 407 662 Silue
422 624 482 663 eum
505 607 612 664 silentio
634 608 759 676 fluentes,
781 620 808 666 et
832 611 858 665 in
881 612 961 669 vitam

158 696 283 753 salientes
299 706 436 753 aeternam.
455 697 564 751 Illorum
583 712 648 752 vero
671 698 810 768 dispositio
835 708 861 756 et
882 700 962 755 babi-

156 790 199 840 tus
229 785 423 852 demonstrant,
453 798 546 839 omnes
568 799 616 839 eos
644 799 703 840 esse
727 786 807 841 unius
841 786 961 860 magistri

155 870 312 942 discipulos,
328 872 449 927 docentis
463 872 490 925 in
510 886 604 927 eorum
623 873 760 940 cordibus,
780 881 808 931 et
825 874 960 931 dicentis:

156 961 238 1026 Audi,
263 961 358 1026 lsrael,
374 965 400 1017 el
420 965 480 1016 luce
504 962 595 1028 (Pron.
625 976 643 1023 ι,
668 967 706 1032 5).
730 963 829 1020 Tacent
850 965 962 1021 enimet

155 1048 277 1118 audiunt,
292 1059 319 1104 et
337 1049 502 1119 sapientores
522 1048 591 1105 irunt
606 1067 611 1106 :
628 1051 756 1121 quoniam
776 1053 888 1109 audiens
911 1070 960 1110 sa·

157 1136 234 1208 piens
250 1136 395 1206 sapientior
411 1137 472 1191 erit.

192 1227 217 1279 9.
235 1224 339 1280 Dilecta
365 1225 413 1296 mi,
432 1225 497 1296 quid
513 1226 564 1281 bos
578 1233 632 1280 tam
647 1226 732 1281 beatae
746 1226 807 1281 rirae
830 1243 961 1297 pauperes

155 1311 242 1370 credis
259 1311 346 1368 videri
368 1312 408 1368 vei
429 1312 482 1369 diei
501 1327 592 1384 posse,
622 1313 729 1381 quando
748 1329 875 1370 manuum
897 1332 960 1371 sua·

156 1416 215 1456 rum
237 1401 367 1458 inbaerent
381 1401 531 1468 laboribus,
549 1403 656 1472 quando
673 1411 739 1458 eunt
751 1404 785 1458 ad
805 1420 896 1474 opera,
917 1407 961 1462 rel

156 1487 288 1543 redeunti
313 1488 339 1542 in
361 1488 461 1559 quibus
485 1489 610 1546 omnibus
629 1496 741 1557 constat,
762 1507 810 1547 eos
836 1508 888 1547 non
911 1508 960 1549 suo

155 1574 215 1631 duci
230 1575 334 1647 spiritu,
357 1576 405 1631 sed
419 1576 520 1634 divino.
544 1578 623 1634 Certe
646 1586 699 1633 tam
724 1580 835 1649 patienti
858 1582 958 1641 animo.

1016 440 1122 495 noviter
1142 454 1300 498 conversam
1315 441 1349 498 de
1372 443 1501 515 tenebris,
1517 461 1574 516 prae
1592 443 1772 501 admiratione
1787 455 1817 502 et

1015 527 1115 600 gaudio
1140 531 1201 600 jure
1212 532 1355 586 concinunt
1372 549 1378 589 :
1397 534 1464 604 Quae
1478 534 1586 591 eslisla
1602 552 1663 608 quoe
1681 536 1813 593 ascendit

1015 619 1090 673 sicut
1102 634 1207 675 aurora
1216 635 1396 691 eoruurpans,
1404 622 1526 693 pulchre
1536 627 1570 678 ul
1580 623 1674 679 luna?
1685 624 1812 692 (dantia.

1016 720 1056 760 vt.
1071 707 1110 776 9.)
1120 717 1172 763 etc.
1184 707 1313 763 Terretur
1323 716 1412 765 autem
1423 711 1548 768 exclusus
1559 711 1718 775 diabolus,et
1729 730 1813 783 supra

1017 794 1127 850 modum
1142 796 1226 863 dolet,
1243 798 1336 853 videns
1350 798 1435 870 (quod
1447 799 1548 855 utinam
1558 815 1665 869 semper
1679 800 1769 856 videat
1784 811 1813 856 et

1017 878 1115 949 doleat)
1148 881 1244 936 horum
1277 885 1509 952 resurrectionem,
1539 886 1616 958 regni
1637 885 1680 943 sui
1705 886 1810 943 ruinam

1016 982 1076 1022 esse
1101 982 1154 1022 non
1182 968 1325 1024 modicam.
1348 973 1419 1046 Ergo
1447 983 1569 1030 armatur
1590 981 1617 1028 et
1635 973 1693 1044 ipsc
1708 981 1811 1046 quanto

1015 1061 1105 1124 potest
1123 1055 1234 1112 acutiori
1254 1057 1368 1126 malitia,
1400 1068 1430 1117 ut
1453 1077 1521 1132 quos
1536 1060 1606 1117 ultra
1621 1069 1711 1118 tenere
1722 1060 1808 1119 391

1015 1157 1069 1199 non
1091 1144 1182 1215 potuit
1206 1148 1299 1203 mundi
1330 1149 1410 1218 hujus
1438 1151 1635 1216 blandimentis,
1650 1165 1697 1207 eos
1720 1151 1812 1206 acrius

1016 1235 1214 1306 persequendo,
1248 1236 1433 1294 subtilioribus
1459 1240 1602 1312 impugnet
1637 1249 1665 1294 et
1693 1238 1812 1310 implicet

1016 1321 1193 1393 argumentis.
1211 1322 1270 1378 Non
1300 1335 1389 1381 tanuen
1414 1327 1571 1397 praevalebit
1599 1327 1732 1383 inimicus.
1759 1328 1814 1398 ipsi

1016 1408 1086 1464 enim
1100 1409 1258 1465 altissimum
1274 1421 1424 1482 posuerunt
1439 1413 1573 1488 refugium
1592 1431 1681 1479 suum,
1702 1431 1812 1471 crucem

1016 1496 1123 1563 Christi,
1154 1497 1276 1555 dilectam
1305 1516 1391 1569 suam,
1417 1517 1500 1572 qnam
1513 1502 1587 1558 fideli
1602 1503 1738 1559 desiderio
1755 1519 1812 1559 am-

1016 1585 1158 1656 plexantur
1173 1597 1200 1642 et
1215 1587 1347 1655 bajulant,
1363 1589 1551 1645 salvandorum
1563 1605 1638 1661 spem
1656 1593 1775 1648 unicam.

155 1668 209 1732 pam
224 1662 330 1734 placido
343 1671 370 1719 et
389 1663 520 1720 immobili
538 1667 622 1733 vultu,
644 1676 699 1722 tam
720 1676 813 1724 sancto
832 1676 859 1725 et
881 1672 957 1726 suavi
978 1657 1001 1736 Β
1054 1676 1096 1728 to.
1113 1675 1190 1740 Item,
1205 1674 1303 1731 dilecte
1314 1676 1360 1744 mi,
1377 1677 1441 1749 quid
1456 1679 1620 1735 credendum
1634 1687 1712 1749 putas
1730 1696 1813 1753 super

155 1750 250 1810 ordine
280 1759 376 1809 cuncta
401 1761 544 1824 peragunt,
572 1763 602 1810 ut
628 1765 655 1810 et
678 1755 701 1809 si
728 1772 788 1814 sese
816 1758 962 1828 plurimum
1017 1762 1116 1817 eisdem
1132 1763 1294 1834 pauperibus
1308 1764 1334 1819 in
1351 1773 1470 1835 tempore
1484 1768 1632 1833 mensae,iu
1647 1768 1812 1825 continentia

154 1848 297 1909 exerceant
318 1839 351 1894 ad
369 1855 460 1911 opera,
485 1841 528 1896 vix
544 1849 632 1896 tamen
655 1842 698 1897 vel
722 1845 821 1899 moueri
843 1862 961 1916 perpen-
1015 1857 1041 1905 et
1063 1850 1155 1904 babitu
1170 1853 1184 1904 i
1199 1851 1274 1907 Tunc
1294 1851 1421 1923 temporis
1445 1869 1496 1909 nec
1510 1855 1597 1909 Deum
1620 1855 1712 1912 videre
1729 1858 1811 1912 credo

155 1926 265 1993 duntur,
298 1927 340 1983 rel
367 1929 475 2000 gravari
502 1930 529 1985 in
558 1930 660 2003 aliquo,
686 1932 885 2003 quanticunque
908 1934 961 1989 sint
1015 1938 1087 2009 quod
1101 1938 1250 2012 displiceat,
1281 1941 1482 1997 necheminem
1498 1945 1570 2015 quod
1594 1943 1812 2001 debeataecusa·

156 2013 273 2071 labores.
293 2015 369 2070 Unde
390 2015 560 2073 manifestum
580 2025 631 2087 est,
656 2018 682 2072 iu
704 2019 769 2090 ipsis
794 2019 866 2074 illum
898 2036 960 2075 san·
1016 2043 1053 2082 re.
1085 2027 1123 2081 lbi
1151 2027 1283 2100 siquidem
1311 2030 1379 2085 adeo
1407 2031 1538 2097 modeste,
1567 2032 1635 2088 adeo
1659 2042 1748 2088 sancte
1781 2051 1811 2089 se

156 2114 230 2163 ctum
244 2110 351 2178 operari
366 2111 504 2182 Spiritum,
519 2113 566 2183 qui
581 2113 699 2183 disponit
712 2115 800 2169 omnia
817 2116 935 2172 suaviter
952 2136 958 2171 ε
1017 2114 1125 2182 babent,
1141 2124 1181 2181 ut,
1205 2117 1277 2188 quod
1294 2126 1366 2185 sunt,
1381 2128 1530 2191 appareant
1557 2121 1678 2176 homines
1690 2121 1758 2191 justi
1785 2129 1811 2177 et

157 2195 184 2251 in
205 2212 260 2270 quo
275 2205 302 2252 et
312 2199 363 2269 ipsi
384 2212 548 2269 recreantur,
573 2208 600 2257 et
618 2203 759 2275 quiescunt
780 2203 860 2258 etiam
883 2204 960 2260 labo·
1018 2203 1142 2260 timentes
1166 2205 1264 2260 Deum.
1286 2205 1354 2263 Hinc
1367 2215 1467 2263 attente
1481 2207 1661 2280 suscipientes
1675 2209 1811 2279 spirituale

156 2290 255 2342 rantes.
270 2286 373 2342 Horum
386 2288 522 2361 siquidem
536 2306 684 2361 pauperum
703 2291 772 2346 alios
785 2292 958 2365 episcopales,
1015 2304 1043 2348 et
1060 2293 1230 2366 precipuum
1244 2293 1385 2360 lerculuru,
1402 2295 1513 2350 verbum
1531 2295 1602 2361 vitm,
1619 2297 1691 2366 quod
1706 2312 1811 2366 semper

156 2370 225 2429 alios
249 2376 413 2444 consulares,
439 2377 608 2450 aliarumque
631 2380 788 2454 dignitatum
817 2391 843 2436 rt
869 2382 960 2436 multae
1016 2381 1164 2436 esuriunt:
1181 2381 1242 2438 binc
1265 2389 1421 2438 reverenter
1435 2381 1546 2437 edentes
1569 2390 1596 2437 et
1614 2382 1737 2437 bibentes
1759 2382 1812 2438 alia

157 2462 276 2519 scientiae
302 2463 375 2521 siros
398 2465 523 2535 illustres,
553 2478 579 2524 et
599 2466 713 2540 juvenes
732 2469 857 2543 egregios
881 2471 960 2526 audio
1014 2469 1088 2526 bona
1114 2471 1173 2538 Dei,
1203 2487 1263 2543 quae
1288 2469 1338 2526 sibi
1353 2469 1569 2542 suntapposita;
1594 2484 1647 2525 non
1662 2471 1812 2541 exquisitas

157 2552 319 2610 exstitisse:
340 2557 388 2611 sed
417 2571 499 2623 nunc,
521 2557 634 2628 perIlei
652 2558 775 2634 qratiam,
796 2559 869 2615 omni
889 2561 960 2630 apud
1016 2558 1136 2625 delicias,
1164 2560 1212 2616 sed
1239 2560 1345 2614 labores
1372 2573 1498 2613 manuum
1530 2573 1647 2623 suarum,
1671 2557 1811 2628 legumina

156 2654 204 2696 eos
222 2642 381 2712 acceptione
388 2658 564 2713 personarum
580 2654 710 2711 emortua,
731 2657 831 2719 quanto
845 2648 961 2720 quisque
1016 2647 1120 2703 scilicet
1135 2654 1161 2701 et
1177 2646 1322 2717 pulmenta.
1338 2646 1421 2702 Pctus
1436 2655 1477 2702 est
1490 2644 1530 2701 eis
1544 2645 1673 2701 cerevisia
1685 2658 1691 2697 τ
1703 2644 1726 2699 si
1741 2646 1812 2702 banc

158 2728 304 2798 seputavit
317 2728 345 2783 in
359 2730 457 2786 saeculo
471 2731 605 2801 altiorem,
622 2735 779 2788 tantosein
803 2734 855 2790 boc
877 2750 961 2807 grege
1017 2749 1070 2789 nou
1100 2734 1209 2797 habent,
1232 2734 1353 2808 gaudent
1380 2749 1452 2805 aqua
1477 2732 1600 2803 simplici.
1630 2732 1699 2786 Raro
1720 2736 1810 2786 autem

158 2814 289 2871 minorem
304 2816 465 2884 minoribus,
485 2827 512 2874 et
525 2819 699 2888 abjectiorem
713 2828 816 2893 reputat
831 2838 880 2894 per
903 2839 961 2879 om·
1016 2828 1129 2877 utuntur
1144 2820 1217 2888 vino,
1233 2826 1259 2876 et
1273 2821 1325 2876 hoe
1340 2819 1422 2875 mixto
1436 2834 1496 2875 cum
1510 2834 1582 2891 aqua
1596 2818 1721 2891 plurima.
1738 2817 1810 2874 Red-

158 2899 215 2957 nia.
229 2901 285 2956 Eos
303 2901 392 2975 itaque
406 2903 469 2960 dum
489 2905 595 2962 intueor
613 2906 639 2960 iu
656 2907 741 2964 bortis
763 2923 825 2964 cum
845 2910 959 2978 sarculo,
1016 2907 1111 2964 dentes
1145 2909 1235 2980 itaque
1263 2907 1383 2985 debitum
1412 2906 1530 2979 corpori,
1565 2921 1617 2962 non
1646 2907 1727 2978 gulae,
1755 2921 1811 2961 nou

159 2987 187 3046 in
201 2990 283 3060 pratis
297 3007 356 3047 cum
380 2990 456 3049 iurca
469 2993 510 3050 vel
532 3002 628 3060 rastro,
648 2994 675 3049 in
699 2995 771 3066 agris
794 3011 855 3052 eum
881 2997 957 3054 lalci-
977 2971 1110 3065 Grentrt,
1126 2998 1272 3054 comedunt
1300 3005 1327 3052 et
1340 2996 1435 3052 bibunt
1450 3014 1458 3067 3
1474 2996 1520 3050 sed
1537 3002 1638 3051 tantum
1654 2995 1810 3067 indigentia>

158 3078 226 3147 wls,
238 3079 265 3133 in
279 3078 345 3135 silva
360 3095 424 3137 cum
437 3081 534 3153 securi,
551 3082 579 3137 in
598 3083 658 3139 aliis
672 3082 794 3140 laborum
810 3084 877 3143 loeis
899 3103 958 3144 cum
1014 3085 1142 3155 naturali,
1157 3095 1185 3142 et
1208 3087 1276 3153 Deo,
1291 3087 1407 3140 scientes
1422 3084 1562 3154 scriptum,
1580 3087 1647 3140 Esca
1662 3085 1765 3148 ventri,
1781 3088 1810 3140 cl

158 3166 219 3223 aliis
233 3182 349 3238 operum
375 3168 578 3244 instrumentis3
615 3172 679 3228 dum
693 3181 720 3228 et
734 3188 786 3246 ego
813 3175 959 3247 respiciens
1012 3182 1112 3233 venter
1127 3173 1467 3232 escisbeuruutemlruue
1480 3176 1508 3229 el
1519 3172 1569 3228 ltus
1579 3172 1703 3230 destruet
1716 3174 1810 3241 (icor.¹

157 3255 219 3327 quid
247 3255 347 3312 luerint
355 3298 364 3327 ,
380 3258 525 3316 considero
549 3268 708 3332 presentem
728 3273 823 3316 eorum
847 3269 956 3328 statum,
1017 3277 1053 3328 rr,
1069 3262 1114 3332 ts)
1130 3279 1137 3319 ε
1154 3260 1284 3332 quoniam
1299 3276 1410 3331 regnum
1424 3259 1473 3315 Dei
1488 3274 1542 3314 non
1557 3269 1598 3315 est
1613 3276 1676 3315 esca
1689 3269 1714 3314 et
1727 3270 1810 3332 potus

158 3358 252 3416 opera,
280 3344 467 3413 instmmanta,
488 3363 617 3418 personas
644 3349 769 3420 abjectas,
800 3348 958 3423 vestimenta

159 3431 346 3503 incomposita
373 3443 401 3491 et
424 3435 487 3493 vilia
510 3455 517 3491 ε
539 3436 641 3507 judicio
674 3435 786 3508 quidem
819 3436 958 3492 exterioris

160 3516 231 3577 oculi
244 3519 372 3578 videntur
391 3523 457 3579 mihi
481 3539 536 3579 non
553 3524 689 3590 homines,
704 3525 752 3580 sed
772 3538 841 3597 gens
866 3524 955 3593 stulta,

159 3619 232 3668 mula
249 3610 385 3685 siquidem
394 3618 422 3666 et
436 3611 559 3685 elinguis,
572 3613 747 3685 opprobrium
773 3611 921 3681 bominum,
932 3624 959 3668 et

159 3703 276 3774 abjectio
292 3701 394 3774 plebis,
410 3717 494 3757 sanus
514 3712 603 3758 autem
618 3711 645 3758 et
664 3702 751 3758 fidelis
764 3702 910 3759 intellectus
930 3702 958 3757 in

159 3793 240 3848 corde
268 3792 364 3847 asserit
388 3789 467 3863 mibi,
487 3791 583 3847 borum
607 3791 688 3846 uitam
716 3790 743 3845 in
768 3790 874 3847 Christo
900 3807 959 3847 esse

160 3880 348 3938 absconditam
367 3877 395 3934 in
415 3877 503 3936 coelis.
524 3879 597 3935 luter
616 3894 684 3950 quos
710 3880 814 3950 gaudeo
837 3880 958 3951 equidem

1014 3351 1060 3405 sed
1082 3349 1187 3419 justitia
1212 3360 1238 3404 et
1261 3365 1312 3419 pax
1327 3354 1353 3402 et
1371 3347 1499 3420 gaudium
1515 3350 1604 3418 (Reus.
1622 3366 1675 3417 mv,
1698 3351 1752 3419 ill,
1782 3350 1809 3403 in

1015 3439 1115 3512 quibus
1140 3447 1261 3497 versatur
1287 3447 1342 3493 teta
1364 3453 1458 3492 eornm
1490 3436 1615 3493 uoluntas
1636 3447 1662 3492 et
1676 3439 1807 3494 studium.

1015 3520 1170 3601 Magistrum
1192 3527 1305 3582 enimet
1324 3527 1405 3582 totius
1425 3526 1490 3596 riqu
1503 3541 1558 3580 suae
1572 3527 1735 3583 dictatrieem
1758 3529 1808 3584 ba·
1856 3567 1863 3578 .

1016 3617 1082 3672 beut
1113 3615 1411 3685 obedientiamzquam
1441 3613 1508 3670 adeo
1537 3613 1809 3688 fidelitersequuntur

1015 3704 1049 3760 ad
1077 3704 1177 3772 omnia,
1206 3712 1236 3760 ut
1257 3717 1306 3757 nee
1334 3718 1412 3756 unam
1443 3701 1551 3772 quidem
1579 3702 1633 3757 diei
1652 3703 1810 3760 sivenortis

1016 3793 1220 3867 pretermittant
1248 3790 1413 3864 particulam,
1443 3806 1503 3861 qnae
1529 3791 1639 3846 nonsit
1666 3794 1738 3864 apud
1762 3808 1809 3849 eos

1016 3884 1177 3939 obedientia*
1190 3890 1217 3938 et
1231 3882 1322 3939 divino
1346 3879 1427 3935 cultui
1443 3879 1599 3949 mancipata.
1615 3881 1693 3936 Unde
1715 3890 1741 3934 et
1756 3895 1810 3953 ego

159 3984 203 4026 me
218 3969 308 4027 ridere
322 3968 482 4025 Gauiridum
508 3969 698 4042 Peronensem,
715 3968 881 4042 {lupualdum
896 3971 957 4027 blo-
1013 3971 1129 4027 fideliter
1151 3970 1241 4034 eredo,
1273 3984 1321 4024 eos
1344 3972 1386 4039 (ut
1413 3977 1513 4022 taceam
1541 3981 1601 4036 quae
1623 3968 1733 4037 majoris
1747 3975 1809 4042 sunt

158 4056 306 4127 ri'nensem,
329 4057 364 4114 (1.
391 4058 426 4114 de
449 4057 731 4126 Sancto-Audomaro,
757 4058 906 4116 Walterum
925 4059 960 4116 de
1017 4061 1104 4116 meriti
1133 4056 1278 4129 mercedis)
1311 4071 1364 4112 nun
1400 4054 1540 4111 selamin
1572 4055 1687 4129 singulis
1723 4056 1808 4128 passiss

158 4147 260 4216 inodo,
283 4162 355 4220 quos
372 4161 423 4220 ego
450 4146 554 4203 eunctis
576 4147 734 4204 reteuorin
756 4148 840 4204 veteri
861 4148 959 4220 agnem
1017 4150 1067 4205 bus
1092 4162 1162 4220 quus
1190 4146 1304 4213 iaciunt,
1326 4145 1374 4200 sed
1403 4143 1483 4198 etiam
1511 4141 1539 4197 in
1554 4142 1807 4214 singulismanuum

159 4234 269 4292 bomine
287 4253 293 4294 :
310 4234 358 4291 scd
380 4248 452 4289 nunc
471 4233 498 4289 in
514 4234 592 4304 ipsis,
615 4234 664 4290 Dei
679 4235 775 4305 gratia,
790 4233 862 4290 illius
879 4241 959 4290 uetu-
977 4268 1000 4346 n
1015 4253 1124 4293 suarum
1148 4235 1265 4291 motibus
1292 4233 1362 4290 eirca
1396 4231 1513 4299 iniuncta
1541 4244 1623 4301 opera
1645 4233 1743 4302 peceati
1762 4247 1808 4288 re-

63 4320 66 4325 ’
159 4322 301 4380 statisucc
321 4322 465 4396 vestigium
487 4322 626 4394 perpendo
645 4323 815 4378 remansisse.
836 4323 866 4377 ln
880 4323 960 4379 ueteri
1021 4325 1177 4380 missionem
1192 4321 1332 4393 consequi,
1348 4320 1391 4378 vel
1405 4326 1578 4391 augmentum
1592 4323 1740 4377 eoronam
1754 4321 1809 4379 vita

160 4413 270 4468 bomine
286 4409 348 4468 nesi
366 4424 413 4467 eos
427 4411 544 4466 exaltato
559 4412 649 4478 corde,
667 4409 744 4466 elatis
757 4408 843 4468 oeulis
863 4412 960 4466 ambu·
1016 4421 1125 4471 salerna.
1142 4411 1197 4480 Qui
1210 4412 1232 4466 si
1244 4410 1310 4466 forte
1318 4409 1414 4466 cadant
1427 4408 1581 4480 aliquando,
1598 4413 1668 4480 quod
1697 4412 1808 4465 omnino

159 4500 259 4560 lurein
275 4499 380 4573 magnis
393 4507 420 4556 et
435 4498 607 4555 mirabilibus
622 4514 704 4572 super
718 4514 748 4556 se
765 4515 858 4557 :nunc
871 4507 958 4555 autem
1014 4503 1100 4561 vitare
1127 4515 1182 4556 non
1211 4506 1332 4571 possunt,
1348 4497 1411 4553 dum
1426 4504 1533 4568 portant
1554 4512 1659 4554 earnem
1675 4495 1807 4568 fragilem,

158 4589 239 4650 video
261 4590 338 4662 ipsos
360 4589 412 4646 sub
434 4588 605 4645 misericordi
628 4602 710 4644 mann
732 4588 783 4645 Dei
805 4587 959 4645 humiliatos

160 4679 289 4737 incedere
316 4679 344 4735 in
364 4676 455 4751 paruis
484 4685 512 4732 at
539 4676 567 4733 in
588 4676 754 4734 mirabilibus
781 4676 959 4733 intrusam

160 4767 249 4828 veteri
260 4767 370 4825 homine
384 4765 448 4826 noui
461 4780 509 4824 eos
524 4779 574 4821 sua
587 4782 680 4822 secum
695 4766 818 4839 sepulcra
832 4764 958 4824 deleren-

160 4863 202 4915 tas
215 4855 491 4924 exterius-dealbata,
507 4855 556 4911 sed
575 4854 649 4913 intus
666 4855 745 4927 plena
763 4855 868 4912 ossibus
882 4869 958 4911 mor-

158 4952 286 5003 tuorum:
299 4960 371 5002 nnnc
389 4951 479 5002 autem
501 4942 582 5001 credo
606 4959 654 5001 eos
668 4943 739 5000 ferre
753 4958 817 5000 rasa
838 4941 956 5013 Domini,

160 5050 222 5108 quoe
240 5035 291 5091 etsi
307 5035 425 5093 exterius
449 5042 594 5107 appareant
618 5034 802 5104 despicabilia,
819 5033 893 5088 intus
915 5039 958 5086 ta-

163 5139 224 5180 men
245 5123 322 5196 plena
341 5132 403 5180 sunt
425 5124 570 5197 speciebus
597 5123 747 5180 coelestium
768 5122 959 5180 odoramento-

161 5212 235 5270 ¹rum.
259 5213 374 5282 Quando
389 5213 473 5286 igitur
493 5213 552 5269 baec
566 5227 661 5270 omnes
678 5212 790 5270 societas
804 5212 838 5266 ad
853 5209 959 5266 solitum

166 5297 286 5360 laborem
310 5311 337 5360 et
364 5303 538 5377 progreditur
552 5309 579 5358 et
601 5302 680 5373 redit,
695 5301 830 5378 gradatim
851 5299 960 5373 (ιιιίᾱειιι

163 5394 193 5446 at
207 5389 375 5462 simpliciter,
403 5406 474 5447 unns
491 5399 553 5464 pest
569 5389 662 5461 dium,
681 5390 760 5464 quari
781 5389 839 5447 acie
860 5388 961 5445 directa

177 5496 205 5549 et
218 5487 303 5546 armis
316 5486 390 5560 pacis
412 5487 547 5545 humiliter
559 5495 678 5558 armata3
688 5501 778 5547 nonne
798 5485 895 5559 augeli
912 5485 962 5543 Dei

1013 4592 1072 4647 bon
1106 4599 1196 4645 umen
1223 4586 1396 4657 colliduntur,
1425 4586 1490 4660 quia
1524 4585 1653 4642 Dominus
1678 4587 1809 4656 supponit

1015 4694 1124 4735 manum
1138 4693 1224 4734 suam.

1052 4772 1096 4824 tt.
1113 4769 1184 4824 Ecce
1202 4766 1285 4822 babes
1319 4780 1403 4837 pauca
1431 4764 1486 4834 illa,
1505 4763 1599 4820 dilecte
1626 4761 1673 4833 mi,
1687 4777 1749 4833 quae
1772 4760 1809 4819 da

1012 4854 1181 4929 'pauperibus
1199 4852 1389 4910 Clara-Vallis
1402 4851 1428 4904 in
1454 4852 1537 4922 bajus
1549 4849 1670 4922 epistole
1690 4849 1810 4921 praemiis

1015 4954 1067 5000 tuan
1082 4944 1213 5016 promissa
1239 4951 1300 4998 sunl
1314 4939 1462 4996 dilectioni.
1491 4941 1571 4995 Plura
1585 4945 1686 4995 restant
1698 4937 1807 4994 meliora

1013 5044 1038 5090 et
1054 5036 1165 5104 optima,
1183 5031 1217 5087 ad
1238 5046 1298 5103 quae
1321 5028 1500 5085 describenda
1526 5043 1587 5084 cum
1610 5026 1736 5083 sufficere
1753 5041 1808 5083 nou

1014 5121 1129 5188 valeam,
1152 5137 1212 5193 quae
1231 5120 1302 5194 dicta
1330 5127 1392 5174 sunt
1406 5117 1647 5190 inpraesentiarum
1662 5115 1805 5173 sufficiant.

1017 5211 1107 5275 ileum
1121 5223 1186 5268 uero
1201 5207 1363 5265 desiderium
1378 5215 1430 5278 est,
1454 5213 1585 5278 quatenus
1609 5203 1726 5276 praelatis
1739 5219 1806 5276 pau-

1017 5301 1128 5373 peribus
1146 5300 1174 5354 in
1189 5297 1297 5355 Christo
1320 5312 1423 5354 merear
1437 5294 1549 5369 adiungi
1561 5309 1675 5366 corpore
1688 5300 1716 5350 et
1727 5292 1809 5364 spiri·

1016 5398 1053 5461 tu,
1069 5399 1099 5448 ut
1113 5390 1220 5461 adjutus
1233 5403 1326 5447 eorum
1344 5386 1487 5460 suliragio,
1501 5391 1529 5443 et
1542 5383 1706 5442 fructuosius
1718 5382 1810 5456 poeni·

1009 5483 1130 5541 'mutiam
1160 5494 1252 5554 agere,
1280 5488 1307 5536 et
1324 5477 1476 5536 fiducialius
1502 5475 1617 5532 babeam
1642 5471 1812 5532 simmaa
