3728 5940
104 225 173 290 tota
598 229 787 298 tutottttts
805 231 848 295 llll
867 231 1053 297 attonitus
1071 227 1257 294 taattuut.
1675 226 1747 290 lilii

102 361 243 420 Reddituri
258 370 321 421 sunt
334 363 369 420 de
387 360 465 422 iactis
477 366 595 440 propriis
613 370 754 430 rationem.
765 372 802 429 Et
815 370 896 443 paulo
913 381 937 466 Ι
954 378 995 426 est
1009 371 1036 426 in
1055 367 1182 443 prasenti
1198 365 1263 436 ritu,
1278 367 1335 424 erit
1350 367 1470 440 ligatum
1485 369 1513 424 et
1527 366 1559 422 irs
1572 364 1659 435 caelis,
1671 361 1750 418 idest

102 461 165 525 post
179 454 234 511 ait:
249 456 283 511 Et
300 453 427 527 quihona
445 465 567 529 egerunt,
584 460 660 518 ibunt
671 463 698 517 ia
715 463 796 519 uitam
815 470 896 518 aeter-
954 458 1123 530 inpraesenti
1140 455 1266 513 Ecclesia.
1286 477 1296 506 ι
1318 455 1350 511 Et
1365 462 1524 526 postpauca
1540 471 1547 508 ι
1569 453 1665 510 ulluic
1682 467 1748 509 sen-

102 557 165 597 nam
178 560 185 611 ;
197 544 321 617 quivero
335 543 415 611 mala,
425 543 453 599 in
463 546 552 616 ignem
562 556 695 607 aeternam
705 553 816 621 (ldcttir.
828 566 897 617 xxv,
951 549 1053 614 tentiae,
1066 547 1128 616 ‘uua
1143 534 1256 601 dicimus
1271 545 1356 601 Deum
1377 544 1466 601 solum
1480 542 1613 600 dimittere
1628 547 1747 615 peccata,

103 631 147 700 tt,
163 639 191 686 et
205 633 390 702 loun.v,29).
416 633 471 690 Noa
486 650 548 690 uero
569 637 695 709 dicimus,
719 640 792 712 quod
815 649 895 696 aeter-
951 634 1125 712 Euangelium
1149 634 1253 690 videtur
1275 632 1409 690 obviare:
1433 631 1469 687 ait
1492 645 1606 703 namque
1627 629 1750 684 Christus

102 718 197 774 naliter
210 736 227 774 a
246 720 303 776 Deo
314 729 531 789 remunerentur,
546 723 604 782 sive
618 729 653 784 ad
663 729 774 785 bonum.
790 729 847 784 sire
863 729 894 782 ad
950 728 985 782 ad
994 724 1142 796 discipulos
1149 737 1212 779 suos
1224 741 1231 778 ι
1244 724 1368 795 Accipite
1377 723 1515 797 Spiritum
1525 724 1751 790 sunctum-puo-

102 808 203 861 malum
218 825 225 861 :
242 822 291 861 nec
306 816 416 880 propter
429 823 510 878 opera
520 812 609 882 pejor,
621 815 663 871 rel
678 813 897 873 melioreillcitur
950 815 1192 872 remremt'seritis
1201 817 1319 886 peccatu
1332 813 1527 870 retnittuutur
1540 810 1580 866 eis
1590 809 1683 876 [locu.
1696 821 1748 871 xx,

102 891 192 962 homo,
209 895 260 949 nisi
275 895 338 950 dum
354 901 481 968 operatur
504 897 627 956 fortassis
646 904 772 960 voluutas
794 904 855 974 ejus
869 903 897 958 in
950 907 995 972 22,
1012 903 1068 974 23).
1085 902 1139 958 Sed
1160 917 1208 957 nos
1222 901 1337 956 dit-imus
1351 899 1424 974 quod
1439 899 1490 955 hoc
1503 897 1606 953 dictum
1628 900 1671 951 est
1685 891 1751 950 solis

101 981 191 1054 aliquo
206 992 404 1056 augmentetur.
426 986 483 1042 Nec
497 996 539 1044 est
566 999 660 1047 contra
681 992 841 1064 Apostolum
854 992 897 1049 uel
951 990 1097 1064 Apostolis,
1112 1005 1168 1046 non
1182 989 1501 1045 successoribuseorum.
1512 1007 1525 1038 n
1537 986 1570 1040 lit
1584 983 1675 1040 statim
1685 980 1750 1037 sub·

101 1071 169 1126 alios
194 1081 343 1141 auctores;
360 1073 425 1146 quia
456 1091 518 1132 cum
544 1079 688 1147 Apostolus
701 1082 779 1150 dixit,
795 1081 897 1139 Reddet
950 1081 1044 1138 ditur:
1067 1074 1632 1150 eSiquistumensuccessoribuseorum
1648 1085 1749 1127 conve·

101 1161 337 1232 unicuiqueetc„
353 1162 389 1219 ibi
408 1162 533 1221 ellectum
549 1181 598 1238 pro
617 1183 699 1224 causa
713 1168 812 1243 posuit,
828 1185 898 1242 opus
951 1170 1009 1226 uiue
1023 1170 1074 1225 hoc
1087 1167 1195 1232 dixerit,
1213 1165 1245 1220 ud
1263 1165 1372 1220 modum
1399 1163 1561 1235 supradictae
1576 1157 1749 1218 auctoritatis

101 1249 203 1306 scilicet
216 1265 266 1322 pro
281 1250 420 1308 voluntate
434 1268 483 1309 sou
501 1253 657 1313 intentione.
950 1259 1020 1315 hauc
1033 1271 1143 1328 quoque
1158 1270 1292 1324 exponere
1306 1254 1394 1310 decet.

99 1352 147 1411 Xl.
167 1353 314 1420 Quodnam
323 1364 511 1430 peceaverunt
520 1363 571 1434 qm·
587 1363 731 1421 cerisium
746 1364 899 1435 crucifixe.
969 1346 1042 1405 xlll.
1059 1348 1097 1402 De
1110 1345 1297 1418 suggestione,
1320 1342 1518 1409 delectatione,
1533 1345 1562 1398 et
1580 1353 1729 1399 consensu.

136 1430 208 1482 runt
225 1429 407 1499 ignorantem·
426 1432 610 1506 etquodnam
628 1437 667 1490 eit
682 1436 773 1508 culpae
788 1436 898 1493 adseri·
991 1456 1002 1487 ι
1018 1434 1165 1492 Sciendum
1180 1447 1288 1504 quoque
1303 1432 1375 1502 quod
1390 1429 1529 1504 suggestio
1539 1445 1593 1484 uon
1609 1435 1650 1484 est
1660 1441 1751 1500 pecca-

136 1495 258 1553 ΜΝ
272 1501 411 1572 illidium
430 1503 466 1572 fil
486 1519 540 1575 W
549 1507 754 1576 “immutam-
955 1529 1009 1578 tom
1024 1521 1063 1578 tttt
1078 1523 1120 1577 cui
1135 1519 1275 1595 suggestio
1290 1518 1330 1587 iit,
1346 1535 1397 1576 neo
1413 1517 1558 1575 delectatio
1581 1529 1751 1588 consequeus

140 1624 148 1648 ι
166 1601 286 1675 Opponit
300 1604 444 1663 deludaeis
458 1608 505 1682 qui
527 1609 663 1667 Christum
695 1611 898 1683 crucifixerunt,
916 1569 939 1648 Β
954 1610 1166 1683 suggestionem,
1182 1624 1243 1682 quae
1258 1609 1399 1689 delectatio
1423 1608 1493 1664 inest
1510 1622 1543 1662 ex
1558 1604 1712 1661 infirmitate
1723 1608 1751 1658 et

101 1699 128 1746 et
157 1690 192 1745 de
219 1692 281 1747 aliis
300 1694 345 1764 qui
369 1704 500 1765 martyres
523 1701 712 1772 persequendo
736 1702 902 1771 putabautse
954 1700 1084 1757 memoria
1102 1697 1256 1770 voluptatis,
1276 1713 1338 1770 qum
1353 1704 1394 1752 est
1413 1697 1440 1751 in
1456 1695 1613 1765 impletione
1629 1689 1750 1749 illiusrei

99 1778 259 1852 obsequium
285 1789 414 1851 prestare
428 1783 501 1838 Deo:
512 1787 539 1841 et
556 1784 593 1840 de
609 1785 665 1842 lira
679 1805 699 1842 z:
713 1805 732 1845 :1
757 1805 819 1861 quae
846 1804 901 1845 non
954 1803 1035 1861 quam
1054 1785 1224 1842 adversarius
1238 1785 1371 1857 suggerit3
1382 1783 1428 1840 sed
1444 1785 1517 1841 solas
1531 1796 1691 1846 consensus,
1704 1777 1750 1851 qui

100 1866 156 1938 085²
173 1875 266 1924 0⁰¹1²l⁸
291 1868 493 1936 ⁰⁰¹¹⁵⁰i⁰¹¹litm.
518 1872 645 1944 quoniam
665 1877 840 1944 seductuosa
870 1886 899 1934 et
954 1886 982 1932 et
992 1883 1161 1946 contemptus
1176 1873 1225 1929 liei
1247 1874 1355 1936 dicitur,
1377 1873 1404 1928 in
1427 1887 1482 1944 quo
1499 1881 1636 1944 peccatum
1654 1866 1750 1924 consi-

101 1963 190 2013 tamen
200 1965 303 2013 certum
324 1966 365 2014 est
381 1972 440 2014 eam
455 1975 592 2031 peccasse.
608 1966 650 2018 Act
676 1966 749 2038 quod
764 1981 813 2022 nos
828 1967 899 2024 dici·
948 1961 1009 2020 stit.
1028 1965 1085 2019 »Er
1099 1971 1162 2036 post
1176 1978 1259 2032 pauca
1275 1980 1281 2016 ε
1303 1979 1314 2015 r
1330 1961 1387 2017 Noc
1401 1960 1516 2016 dicimus
1530 1958 1603 2032 quod
1623 1958 1747 2014 voluutas

101 2062 171 2113 mus,
196 2047 269 2118 quod
285 2062 378 2123 revera
404 2048 444 2103 illi
459 2048 598 2121 simplices
612 2053 698 2112 Judaei
718 2071 771 2111 nou
785 2057 901 2127 agebant
955 2052 1069 2111 faciendi
1085 2054 1135 2109 hoc
1155 2053 1194 2107 rel
1211 2050 1287 2117 illud,
1304 2065 1353 2106 nec
1368 2060 1396 2106 et
1410 2049 1499 2122 ipsum
1517 2064 1588 2120 opus
1602 2045 1636 2102 sit
1653 2061 1749 2119 peccu-

101 2141 195 2187 coutra
206 2135 411 2203 conscientiam,
428 2139 476 2194 sed
492 2139 581 2210 potius
595 2144 653 2198 zelo
668 2143 737 2218 legis
752 2160 810 2200 suae
825 2143 901 2199 Chri·
955 2152 1020 2207 tum,
1037 2143 1085 2197 sert
1110 2139 1208 2212 potius,
1232 2143 1262 2195 ut
1284 2138 1410 2211 superius
1432 2139 1533 2195 dictum
1550 2143 1600 2204 est,
1623 2134 1680 2207 ipse
1699 2134 1749 2190 Dei

102 2231 174 2277 stum
198 2226 427 2295 persequebantur
441 2247 449 2295 ;
466 2243 515 2284 uec
537 2230 666 2299 putabant
681 2249 710 2288 se
726 2234 898 2308 molduggane,
954 2238 1124 2300 contemptus
1138 2244 1171 2286 ex
1185 2227 1275 2301 aliqua
1292 2229 1432 2285 uoluntate.
1451 2246 1462 2280 r

101 2317 126 2364 ‘³¹
143 2310 201 2365 “¹⁶⁰
215 2327 269 2367 ¹¹⁰⁰
285 2313 433 2410 limabant
455 2331 461 2369 ³
478 2331 527 2372 ¹¹⁰⁰
546 2326 657 2388 imples
678 2322 728 2376 ll⁰⁰
741 2321 826 2393 aliqui
851 2338 900 2376 ⁰⁰·
954 2336 1028 2393 Xtv.
1043 2335 1166 2407 Quodcd
1181 2337 1295 2391 Putrem
1308 2334 1420 2406 proprie
1435 2333 1476 2389 uel
1487 2332 1751 2405 speciliaterpertt'·

100 2413 160 2453 rum
175 2398 292 2455 daruuatr
302 2412 374 2472 sunt,
390 2404 437 2458 sed
456 2413 567 2476 propter
580 2407 760 2477 praecedentia
781 2420 899 2480 peccata,
1210 2410 1258 2463 oet
1272 2405 1491 2475 pinnipoterrtt'c.

107 2485 203 2542 merito
217 2503 333 2558 quorum
348 2491 373 2544 in
386 2490 464 2546 istam
482 2496 632 2550 caecitatem
648 2495 764 2552 devoluti
779 2506 851 2552 sunt.
868 2498 901 2553 Et
994 2517 1005 2548 ι
1020 2496 1047 2551 si
1066 2493 1216 2568 potentiam
1230 2504 1283 2548 tam
1297 2494 1330 2547 ad
1345 2491 1465 2547 notitiam
1480 2487 1656 2556 subsistendi,
1671 2502 1751 2558 quam

105 2572 251 2631 interillos
270 2586 345 2633 erant
364 2579 441 2635 electi
456 2580 504 2650 illi,
523 2598 571 2652 pro
585 2582 684 2656 quibus
699 2584 823 2640 Christus
838 2599 900 2640 ora·
956 2585 990 2640 ad
1011 2582 1156 2641 efficaciam
1180 2581 1345 2653 operationis
1369 2579 1528 2646 referamus,
1555 2577 1703 2635 invenimus
1717 2574 1750 2629 ad

103 2661 150 2728 trit,
171 2662 277 2720 diceus:
293 2667 388 2732 Pater,
399 2667 514 2726 dimitte
530 2672 677 2744 ellinpoto
691 2672 900 2745 nesciuctpuid
956 2672 1149 2746 proprietatem
1165 2685 1287 2741 personae
1302 2670 1388 2726 Patris
1407 2667 1518 2739 proprie
1541 2668 1580 2723 vel
1600 2664 1752 2736 specialiter

104 2751 219 2821 fuciunt
230 2752 315 2822 (tue.
332 2770 408 2825 nur,
425 2757 481 2829 34).
496 2757 550 2814 Nec
561 2761 646 2815 orarit
656 2772 685 2815 ut
700 2762 752 2817 hoc
764 2773 900 2831 peccatum
916 2739 1175 2832 ss‘omnipotoutium
1192 2763 1302 2816 attinere
1323 2775 1330 2813 :
1352 2757 1426 2829 quod
1441 2772 1495 2812 non
1511 2755 1599 2812 solum
1619 2771 1679 2811 cum
1698 2766 1751 2809 cae·

104 2838 143 2893 eis
157 2839 346 2909 dimitteretur,
366 2859 427 2900 cum
444 2846 495 2901 hoc
514 2856 652 2917 peccatum
672 2865 726 2907 non
748 2859 829 2918 esset,
853 2851 901 2907 sed
957 2853 1021 2908 teris
1035 2849 1140 2905 duabus
1163 2848 1287 2921 personis
1305 2862 1382 2918 aeque
1407 2845 1499 2902 ornnia
1519 2844 1627 2900 et‘lioere
1652 2848 1750 2910 potest,

104 2930 314 3001 P⁰²l¹¹⁸l>⁰⁰t⁸l³
328 2933 518 3004 procedentia.
537 2958 551 2986 ι
955 2956 1049 2997 rorrrm
1068 2939 1149 2994 etiam
1162 2937 1221 3008 ipse
1236 2937 1311 2992 solus
1336 2952 1352 2990 a
1370 2951 1408 3001 se,
1429 2950 1483 2990 non
1505 2934 1540 2988 ub
1561 2932 1612 2987 ulio
1635 2929 1751 2988 existere

210 3021 272 3077 Xll.
288 3024 326 3081 De
333 3028 473 3096 potestate
494 3027 604 3098 ligandi
615 3030 643 3084 et
656 3027 792 3084 soluendi.
956 3029 1052 3093 hnbet;
1067 3038 1093 3083 et
1108 3029 1176 3084 sicut
1188 3026 1300 3081 habeta
1316 3040 1344 3079 se
1358 3023 1486 3091 existere,
1511 3022 1549 3076 ita
1572 3019 1651 3076 edam
1670 3033 1702 3072 ex
1722 3031 1751 3072 se

143 3130 155 3159 ι
171 3108 240 3165 illud
255 3115 325 3184 quod
345 3113 373 3168 in
388 3114 512 3171 llattlraeo
527 3116 821 3190 {Quandocumque
832 3117 902 3189 lipa-
958 3118 1036 3173 habet
1047 3131 1135 3189 posse.
1152 3136 1164 3165 ι

104 3199 178 3253 ’Μ
187 3214 272 3271 ⁸²⁴W
290 3203 398 3257 ‘mam
413 3203 523 3270 (ΜΨ
539 3205 653 3275 ¹V¹r¹⁹lr
670 3213 734 3273 θ’θ’
745 3204 786 3261 5ῑο
802 3205 901 3261 melli·
958 3223 1240 3296 Haecsurttdcpitclo
1253 3218 1349 3278 Tleeolo
1369 3219 1475 3287 imitato
1486 3215 1665 3288 Stultolopiee
1674 3215 1753 3271 Petra

103 3286 220 3356 gendum
235 3296 276 3344 est
291 3310 298 3347 ε
319 3291 496 3366 Quoeeonque
510 3293 640 3367 ligaveris
652 3310 738 3368 super
754 3293 901 3363 terrentia
1281 3237 1431 3348 ttoeffiret.

106 3488 1748 3528 ω

398 3679 463 3791 s.
506 3590 1008 3792 manuatim
1047 3674 1454 3785 Annnuas

185 3931 409 4048 cantur
442 3933 700 4064 ounnnu
727 3932 1004 4048 cantuum
1049 3923 1657 4043 uuuouuununttuut

589 4189 776 4255 aristote
808 4188 882 4254 CXC
914 4189 989 4254 sstt
1022 4187 1264 4253 Tuscilius.

476 4423 543 4502 att
580 4423 929 4507 INNOCENTIUM
971 4423 1003 4500 ll
1045 4416 1349 4501 PONTlFlCEM

820 4602 1036 4616 ..ψ

351 4702 439 4763 644
458 4705 650 4766 eustatio,
953 4711 994 4759 ast
1006 4718 1012 4760 :
1025 4706 1078 4775 Epo
1092 4719 1143 4775 pro
1158 4705 1186 4759 te
1201 4700 1307 4775 rogaui,
1327 4701 1419 4768 Patre,
1435 4702 1468 4754 ut
1482 4713 1541 4754 non
1554 4695 1669 4767 deficiet
1682 4695 1751 4766 fides

140 4789 332 4850 Amantissimo
359 4793 428 4865 patri
451 4794 561 4851 domino
588 4794 765 4850 innocencio
792 4757 937 4850 sammon
955 4792 1032 4849 tue?
1056 4793 1127 4863 Ergo
1142 4789 1215 4864 quod
1239 4788 1369 4860 sequitur,
1391 4804 1407 4842 a
1425 4785 1499 4842 Petri
1520 4798 1676 4842 successore
1690 4783 1750 4840 exi-

103 4878 238 4950 Pontifici,
268 4883 349 4940 trater
372 4884 544 4942 Bauntauua
578 4882 759 4941 ctare-ranis
786 4891 900 4940 vocatus
953 4880 1048 4953 gitur:
1065 4874 1752 4952 attaaliquandoconuerraeeonermusratree

103 4967 197 5031 abbas,
213 4968 348 5026 modicum
357 4972 385 5027 id
395 4974 468 5044 quod
483 4982 534 5028 est.
954 4971 1103 5036 tueritne.
1124 4965 1265 5034 xxtt,32i.
1282 4965 1312 5020 ld
1327 4966 1437 5034 quidem
1459 4963 1542 5019 modo
1561 4960 1752 5018 necessarium.

139 5055 255 5127 Oportet
276 5057 309 5111 ad
327 5067 447 5115 vestrum
466 5058 561 5116 reterri
581 5059 762 5131 apostolatum
778 5058 899 5133 pericula
952 5058 1071 5128 Tempus
1084 5064 1124 5113 est
1140 5064 1169 5112 ut
1192 5060 1312 5110 vestrum
1335 5052 1498 5128 agnoscatis,
1524 5053 1603 5107 Pater
1622 5048 1753 5106 amantis·

104 5161 220 5216 quaeque
248 5151 275 5202 et
301 5145 429 5202 scaudala
450 5147 617 5219 emergentia
635 5148 662 5203 iu
688 5163 773 5219 reguo
788 5147 851 5218 Dei,
868 5165 900 5205 aa
951 5146 1042 5213 sime,
1065 5143 1266 5218 principatum
1290 5141 1412 5215 probatis
1443 5140 1548 5206 zelum,
1576 5137 1754 5196 ministerium

104 5233 253 5310 proesertim
268 5250 329 5308 quae
342 5234 376 5291 de
388 5235 444 5291 fida
457 5237 626 5309 contingunt.
645 5237 763 5314 Dignum
783 5253 900 5310 namque
952 5235 1101 5292 honoretis.
1116 5233 1146 5289 lu
1160 5248 1193 5290 eo
1218 5232 1296 5302 plane
1320 5229 1391 5287 Petri
1415 5228 1535 5300 impletis
1556 5227 1655 5298 vicem,
1672 5229 1751 5297 cujus

104 5325 219 5382 arbitror
233 5323 269 5379 ibi
297 5323 464 5394 potissimum
488 5326 611 5384 resarciri
637 5327 735 5384 damna
761 5327 835 5397 tldei,
853 5327 899 5384 ubi
953 5322 1049 5381 teuetu
1064 5332 1091 5380 et
1104 5323 1205 5387 sedem,
1221 5321 1243 5375 si
1257 5327 1347 5376 uestra
1360 5317 1547 5374 admonitione
1561 5319 1643 5375 corda
1657 5317 1684 5373 in
1700 5315 1753 5373 lide

105 5431 159 5472 non
172 5415 256 5488 possit
269 5414 336 5472 tides
350 5416 449 5473 sondro
463 5417 609 5475 deiectum.
625 5418 689 5475 llaec
703 5418 804 5491 qttippe
818 5418 901 5489 ltuJus
953 5412 1109 5469 fluctuantia
1123 5409 1300 5477 confirmatis,
1317 5408 1340 5464 si
1360 5418 1449 5466 vestra
1460 5407 1619 5467 auctoritate
1633 5406 1752 5467 couteri-

104 5504 283 5578 praerogativu
297 5505 384 5564 Sedis.
400 5505 450 5578 cut
470 5508 541 5564 enim
554 5506 632 5565 alteri
640 5505 784 5581 aliquando
796 5506 900 5567 dietum
953 5502 1063 5562 tislidei
1077 5508 1265 5577 corruptores.
