3728 5940
176 222 248 297 tica

684 224 710 283 S.
731 216 898 282 sanatam
915 213 1052 277 taetus
1072 214 1391 278 attam-vrtbaltsts

1768 221 1830 282 ltol

173 368 230 437 jam
244 361 332 435 posita
346 360 373 413 in
394 353 532 422 extremis,
557 351 631 406 misit
652 349 686 407 ad
701 347 748 404 Dei
772 346 920 412 hominem,
935 352 974 409 ut,
987 359 1014 447 Ι
1029 343 1170 443 postulans
1186 359 1234 416 pro
1248 360 1292 413 eo,
1308 343 1356 416 qui
1370 344 1487 416 postulet
1503 358 1551 413 pro
1564 345 1667 402 eandm
1682 347 1830 421 gemina„

176 454 248 525 quod
264 454 413 520 supererat,
441 445 538 500 animae
555 440 721 505 subveniret,
741 437 787 509 qui
805 452 835 491 se
850 437 975 504 jamnon

174 549 248 596 osset
274 539 383 592 visurus
392 536 420 591 in
441 547 566 604 corpore.
599 529 721 585 Audiens
743 524 892 583 Malachiae
915 538 974 577 mo·

174 631 237 684 leste
257 626 327 690 tulit,
344 625 415 697 quod
440 622 549 689 mulier,
565 619 673 674 virtutis
696 619 777 681 toret,
793 625 820 671 et
834 614 891 670 uita
914 614 973 683 ejus

173 714 311 771 lructuosa
330 729 413 784 opere
428 719 455 766 et
469 710 605 780 exemplo.
622 708 654 762 Ft
671 706 765 763 videns
780 720 809 759 se
824 719 878 758 nou
892 717 974 774 posse

171 804 236 859 satis
249 817 390 859 accurrere
407 798 579 870 tempestive,
596 796 683 852 accito
706 793 819 861 Malcho,
836 793 907 863 quod
927 792 973 860 ju·

171 893 248 950 venis
262 900 344 957 esset,
361 899 387 945 et
401 906 431 945 en
437 887 545 960 peditus
568 885 638 957 (ipse
652 892 704 948 est,
728 882 808 951 cujus
822 895 904 950 supra
918 893 973 934 me

172 982 299 1037 minimus
320 981 417 1050 (rl'unt.
447 979 503 1048 39),
535 976 619 1031 lrater
647 970 793 1029 Christiani
821 967 936 1039 abbatis)
965 985 972 1021 ε

173 1071 337 1136 «accelera,
358 1090 368 1119 ι
387 1066 482 1138 iuquit,
504 1064 574 1119 ‹ler
594 1063 632 1117 illi
646 1061 696 1116 tria
715 1074 794 1130 poma
808 1058 874 1122 baec,
891 1073 974 1127 super

170 1176 232 1232 quae
247 1174 346 1214 nomen
360 1155 468 1211 Domini
491 1151 624 1210 invocavi.
641 1148 751 1204 Confide
774 1147 801 1201 iu
824 1146 885 1217 ipso
901 1144 973 1215 quod

171 1247 217 1303 ubi
234 1264 265 1303 ert
286 1246 324 1302 cis
348 1243 498 1317 gustaverit
519 1257 574 1295 non
592 1239 712 1312 gustabit
733 1244 860 1303 mortem,
885 1233 974 1305 prius-

170 1354 252 1408 quam
290 1352 341 1390 nos
370 1335 477 1401 videat,
506 1332 556 1386 etsi
583 1327 745 1384 tardiuscule
773 1333 926 1381 secuturos.
957 1341 970 1374 e

170 1424 289 1479 Festinat
316 1421 440 1478 Malchus
465 1418 616 1474 secundum
632 1416 800 1480 mandatum,
817 1426 843 1470 ct
860 1413 971 1470 veniens

170 1512 250 1567 intrat
281 1511 315 1565 ad
329 1511 499 1571 morituram,
525 1507 639 1563 alterum
656 1520 685 1559 se
705 1503 834 1558 exhibens
857 1516 970 1572 puerum

168 1601 257 1656 Elisaei
275 1601 401 1671 (ll'lleq
418 1615 457 1664 tv,
480 1597 537 1667 ιιι),
563 1595 616 1649 nisi
631 1594 703 1665 quod
726 1592 809 1662 hujus
837 1590 972 1646 cllicacior

1029 430 1345 500 rneuarrabilibus.Quid
1356 432 1455 503 plural
1469 432 1555 505 aperit
1565 434 1660 492 oculos
1670 453 1738 508 quae
1747 438 1830 497 fueret

1029 531 1149 594 mortua;
1164 530 1208 591 et,
1226 533 1254 578 ut
1269 522 1356 578 solent
1371 522 1416 594 qui
1433 522 1467 577 de
1480 522 1556 594 gravi
1570 538 1670 580 somno
1685 525 1828 598 evigilant,

1029 608 1128 666 lricaus
1145 607 1197 664 sibi
1219 609 1345 664 manibus
1362 610 1477 664 lrontem
1496 618 1523 663 et
1548 617 1684 679 tempora,
1700 617 1829 684 superle-

1028 706 1100 752 ctum
1117 713 1146 752 se
1160 697 1249 767 erigit,
1265 704 1291 752 et
1305 696 1397 769 agnito
1416 696 1554 764 llalechia,
1578 696 1719 755 inclinans
1734 701 1831 759 devote

1028 786 1128 842 salutat
1142 801 1214 841 eum.
1234 787 1267 842 Et
1281 800 1358 842 verso
1373 786 1446 842 luctu
1459 785 1487 840 in
1505 787 1647 859 gaudium,
1666 799 1771 862 stupor
1785 808 1830 862 ap·

1027 874 1169 946 prehendit
1181 889 1287 943 omnes,
1304 885 1330 931 et
1344 874 1390 945 qui
1412 876 1549 944 viderunt,
1564 886 1591 933 et
1605 877 1654 949 qui
1672 881 1830 940 audierunt

1027 962 1080 1020 Sed
1095 971 1121 1019 et
1135 963 1280 1020 llalachias
1294 964 1396 1038 gratias
1409 980 1503 1036 agens,
1515 965 1653 1022 benedixit
1668 968 1828 1028 Dominum.

1028 1052 1059 1108 Et
1072 1053 1149 1108 unxit
1164 1067 1224 1107 eam
1239 1051 1424 1120 nibilominus,
1435 1053 1523 1110 sciam
1536 1054 1565 1108 in
1580 1056 1631 1111 boc
1645 1056 1830 1118 Sacramenta

1027 1140 1125 1197 remitti
1139 1150 1257 1214 peccata,
1273 1151 1299 1198 et
1312 1141 1384 1213 quod
1399 1141 1485 1198 oratio
1499 1141 1564 1198 lidei
1578 1145 1667 1202 salvet
1692 1147 1829 1206 inlirmun

1028 1229 1100 1298 (lac.
1117 1245 1144 1300 v,
1160 1230 1204 1301 ll,
1220 1231 1276 1300 lh).
1302 1230 1366 1286 Post
1379 1230 1439 1286 bac
1452 1231 1517 1286 abiit
1543 1231 1601 1301 ille,
1630 1244 1658 1289 et
1687 1235 1734 1292 illa
1766 1255 1830 1296 eon·

1028 1317 1110 1373 valuit
1132 1328 1158 1374 ct
1186 1318 1280 1376 vivens
1303 1318 1445 1376 incolumis
1464 1328 1585 1392 tempore
1610 1323 1775 1396 aliquanto,
1804 1340 1830 1384 ut

1028 1405 1112 1478 gloria
1126 1407 1234 1462 Domini
1263 1407 1479 1465 manifestaretur
1493 1409 1520 1464 iu
1547 1426 1589 1482 ea,
1607 1424 1722 1483 peracta
1735 1419 1828 1488 poeni·

1027 1493 1108 1549 tentia
1125 1536 1133 1561 ‚
1150 1511 1231 1567 quam
1260 1496 1312 1551 sibi
1338 1498 1483 1554 Melantias
1514 1498 1682 1568 injunxerat,
1712 1505 1741 1560 in
1762 1496 1829 1563 bota

1027 1582 1199 1640 consessione
1238 1585 1334 1640 iterum
1357 1586 1539 1654 obdormivit,
1572 1594 1601 1644 et
1627 1589 1759 1663 migravit
1796 1597 1826 1650 ad

169 1705 253 1762 opera
281 1688 340 1745 luit.
369 1688 449 1743 lubet
464 1687 575 1740 missam
600 1683 652 1737 sibi
672 1681 835 1738 allalachia
859 1678 970 1735 benedi·
984 1680 1010 1766 Β
1026 1671 1180 1729 Dominum.

168 1779 285 1835 ctionem
300 1778 433 1850 accipere,
450 1783 477 1830 et
492 1784 609 1848 gustare,
637 1772 660 1825 si
675 1787 729 1842 quo
743 1770 825 1824 modo
845 1768 969 1825 valuerit.

168 1868 261 1922 atille
276 1868 433 1930 exhilarate,
453 1864 545 1918 audito
570 1862 678 1917 nomine
702 1859 838 1913 Malachiae
853 1863 883 1911 ut
903 1859 970 1913 obe·

167 1956 226 2011 dire
241 1956 327 2026 possit
342 1963 409 2009 nutu
425 1951 563 2026 siguificat
590 1951 727 2022 paulisper
751 1964 780 2004 sc
795 1947 863 2018 erigi
887 1946 971 2014 telle;

167 2060 229 2100 nam
253 2045 334 2100 verbo
359 2059 412 2098 non
438 2049 554 2113 poterat.
575 2039 704 2111 Erigitur,
721 2043 837 2111 gustat:
863 2041 971 2107 gustato

167 2132 316 2188 confortata
341 2141 391 2197 est,
419 2131 540 2202 loquitur
557 2137 584 2183 ct
608 2127 706 2199 gratius
721 2126 786 2198 agit.
808 2123 840 2178 Et
860 2121 973 2179 immisit

166 2220 299 2276 Dominus
312 2235 444 2291 soporem
454 2221 481 2272 in
497 2235 566 2284 earn,
584 2224 611 2272 et
626 2215 786 2272 suavissime
799 2212 929 2285 requievit
943 2212 970 2268 iu

165 2324 208 2375 co,
224 2309 303 2378 cujus
328 2325 379 2362 usu
396 2307 440 2362 diu
457 2315 597 2370 caruerat,
624 2305 694 2360 sicut
717 2312 743 2360 et
757 2318 815 2358 esu.
832 2301 912 2358 Stetit
930 2302 972 2355 irr-

167 2397 247 2452 terim
263 2398 387 2470 sauguis,
401 2405 427 2453 et
443 2404 505 2467 post
520 2394 658 2450 modicum
672 2393 868 2463 expergefacta,
878 2405 969 2446 sanam

165 2501 195 2542 se
210 2486 381 2556 reperit,uisi
394 2489 465 2557 quod
480 2487 558 2555 longa
575 2483 673 2549 inedia,
691 2489 718 2536 et
732 2479 873 2553 sanguinis
887 2479 971 2534 minu-

166 2573 240 2630 tione
264 2575 350 2629 adhuc
365 2573 464 2629 debilis
487 2581 555 2630 crat.
572 2571 600 2627 Si
616 2570 761 2642 quominus
784 2570 827 2624 die
847 2567 969 2640 sequenti

166 2662 338 2718 desideratus
352 2663 488 2717 blalaclriae
503 2659 636 2715 adventus
651 2669 830 2732 aspectusque
844 2657 967 2729 perlecit.

449 2748 561 2804 CAPUT
588 2748 692 2803 XXIV.

166 2839 319 2896 Feminam
334 2839 396 2895 sine
410 2840 590 2894 sacramento
607 2837 752 2894 Extremae
766 2837 909 2894 {lectionis
922 2835 969 2893 dc·

413 2930 544 2998 sunctum
560 2928 722 2983 resuscitat.

1289 1816 1295 1825 ’
1311 1815 1426 1873 CAPUT
1444 1817 1533 1875 XXV.

1100 1933 1163 1988 Alia
1178 1932 1287 1990 diversa
1301 1932 1436 2004 beneficia
1451 1935 1482 1990 ιιι
1497 1935 1619 1997 diversos
1634 1940 1757 1999 collata.

1062 2031 1106 2086 bl.
1121 2029 1183 2085 Fuit
1199 2032 1263 2085 item
1279 2031 1386 2098 mulier,
1416 2033 1459 2088 cui
1488 2034 1602 2105 spiritus
1630 2037 1783 2096 iracundiae
1799 2051 1822 2096 et

1026 2118 1125 2175 luroris
1140 2120 1166 2174 in
1182 2128 1285 2175 tantum
1300 2120 1494 2194 dominaretur,
1516 2130 1546 2177 ut
1564 2141 1618 2181 non
1640 2128 1733 2184 solum
1748 2129 1825 2185 ricini

1026 2217 1053 2264 et
1073 2210 1181 2281 cognati
1209 2209 1339 2282 lugerent
1358 2211 1527 2269 consortium
1543 2213 1613 2284 ejus,
1628 2217 1680 2272 sed
1694 2215 1745 2271 fihi
1760 2235 1825 2290 quo

1027 2314 1080 2369 que
1095 2297 1181 2370 ipsius
1192 2298 1235 2354 vix
1251 2299 1421 2356 sustinerent
1434 2301 1557 2360 habitare
1569 2319 1630 2360 curn
1645 2319 1690 2361 ca.
1706 2306 1823 2373 Clamor,

1026 2397 1053 2442 et
1065 2402 1172 2454 rancor,
1190 2397 1216 2442 et
1232 2393 1381 2459 tempestas
1394 2388 1493 2457 valida,
1520 2390 1686 2462 ubicumque
1717 2395 1823 2452 luisset

1026 2477 1131 2541 Audax,
1147 2485 1174 2532 et
1205 2478 1313 2545 ardens,
1330 2486 1358 2533 et
1374 2494 1503 2550 praeceps,
1518 2480 1659 2536 metuenda
1674 2481 1778 2555 lingua
1800 2492 1825 2539 et

1028 2582 1121 2634 mauu,
1150 2566 1331 2638 importabilis
1347 2568 1484 2636 omnibus,
1510 2574 1536 2623 et
1560 2567 1657 2626 invisa.
1688 2570 1825 2628 Dolentee

1026 2653 1075 2709 filii
1092 2666 1149 2712 tum
1165 2670 1214 2724 pro
1229 2655 1283 2722 illa,
1298 2665 1353 2712 tum
1369 2672 1419 2726 pro
1441 2655 1547 2727 seipsis,
1569 2658 1680 2713 trabunt
1697 2658 1779 2715 illam
1793 2661 1823 2715 ad

1027 2744 1198 2814 presentiam
1212 2744 1362 2816 blalaehiae,
1373 2745 1573 2817 lacryutabilem
1583 2745 1720 2802 cumbetu
1734 2749 1821 2820 queri·

1024 2833 1144 2888 moniam
1159 2833 1339 2903 deponentes.
1356 2833 1403 2889 Vir
1418 2844 1508 2891 autem
1523 2845 1651 2904 sanctus,
1668 2843 1697 2891 et
1720 2836 1822 2909 periet-

1025 2922 1081 2977 lum
1092 2923 1193 2988 matris,
1209 2933 1237 2978 et
1249 2922 1452 2978 incommodum
1462 2923 1596 2979 miserans
1604 2922 1736 2992 liliorum,
1746 2941 1820 2983 seor·

200 3019 244 3072 53.
262 3014 409 3071 habitabat
424 3016 464 3072 vir
492 3015 593 3072 nobilis
609 3015 636 3069 in
654 3014 752 3071 vicinia
773 3002 1008 3090 Bencborensist
1030 3027 1091 3066 sum
1115 3013 1228 3068 advocat
1252 3010 1346 3066 illam:
1370 3011 1488 3067 tueritne
1519 3012 1645 3070 confessa
1675 3014 1821 3088 aliquando

165 3105 328 3172 monasterii,
345 3106 425 3176 cujus
433 3119 501 3162 uxor
515 3122 576 3162 cum
592 3104 772 3160 infirmaretur
786 3105 817 3159 ad
842 3111 966 3170 mortem,
1028 3107 1139 3170 peccata
1154 3117 1212 3167 sua,
1228 3099 1343 3159 sollicite
1357 3111 1540 3170 percontatur.
1555 3102 1719 3173 Respondit,
1742 3125 1754 3153 ι
1770 3107 1819 3159 lte·

165 3201 280 3267 rogatus
295 3194 437 3250 lllelaclrias
452 3203 481 3249 ut
495 3195 681 3261 descenderet,
705 3194 860 3266 priusquam
879 3208 967 3249 more·
1031 3205 1178 3261 quaquam.
1195 3188 1337 3256 Conlitere,
1354 3209 1366 3241 a
1392 3190 1489 3261 inquit.
1509 3191 1598 3247 Paret.
1614 3190 1649 3246 Et
1671 3191 1719 3247 illa
1732 3190 1820 3261 injun-

167 3289 251 3349 ratur,
263 3281 395 3337 infirmam
411 3291 541 3337 uncturus
556 3282 627 3337 oleo.
647 3281 805 3351 Descendit,
820 3292 845 3335 et
860 3280 969 3336 intravit

167 3369 201 3424 ad
211 3384 272 3424 eam
289 3387 295 3423 :
312 3384 366 3441 quo
380 3371 449 3438 viso,
466 3371 582 3424 exsultat
597 3369 654 3435 illa,
672 3386 721 3438 spe
734 3371 851 3425 animata
864 3369 968 3424 salutis.

167 3457 276 3511 Etcum
291 3463 399 3526 pararet
414 3472 515 3528 ungere
531 3473 599 3523 eam,
613 3457 701 3513 visum
716 3467 757 3514 est
771 3458 898 3514 omnibus
913 3458 968 3512 dil-

166 3544 310 3600 lerendum
332 3548 427 3616 potius
451 3562 538 3618 usquc
565 3562 657 3603 mane.
672 3548 737 3602 Erat
755 3549 825 3604 enim
846 3563 968 3619 vespera.

167 3634 315 3704 Aequievit
345 3633 497 3703 Malachiae,
527 3643 553 3691 et
581 3636 643 3691 dala
673 3637 863 3694 bencdictione
891 3654 972 3710 super

167 3738 282 3794 aegram.
299 3723 387 3779 exivit
403 3739 462 3778 curn
491 3725 534 3779 his
565 3724 717 3795 quisccum
747 3736 832 3784 crant.
855 3717 971 3783 Alvero

168 3820 230 3884 poet
246 3811 380 3868 modicum
398 3812 488 3868 subito
503 3813 604 3870 clamor
621 3813 708 3871 lactus
722 3823 774 3883 est,
800 3815 922 3886 planctus
945 3825 972 3871 et

169 3900 298 3970 strepitus
312 3901 413 3956 multus
438 3918 487 3974 per
501 3913 583 3959 totam
599 3904 722 3972 domum;
737 3904 869 3977 siquidem
897 3905 970 3962 inso-

132 4009 136 4015 ·
168 3988 229 4045 nuit
243 3990 316 4061 quod
333 4000 437 4047 mortua
452 3998 535 4048 esset.
552 3992 676 4050 Accurrit
696 3992 840 4050 Malachiae
854 3997 970 4051 tumultu

167 4079 270 4145 audito,
290 4086 316 4134 et
326 4078 412 4134 secuti
436 4089 571 4136 sunteum
597 4081 721 4152 discipuli
736 4084 807 4154 ejus.
824 4083 856 4140 Et
879 4100 970 4139 accen·

169 4168 237 4222 dens
265 4167 422 4236 adlectum,
441 4178 470 4224 ut
484 4178 558 4225 certo
576 4173 706 4242 comperit
731 4173 892 4244 exspirasse,
908 4189 971 4230 con-

1026 3294 1095 3349 gens
1109 3278 1294 3350 poeuitentiam
1309 3277 1455 3344 confitenti,
1471 3294 1608 3350 oransque
1621 3295 1784 3352 supeream,
1795 3289 1823 3336 ut

1031 3367 1162 3422 Dominus
1176 3367 1346 3438 omnipotens
1355 3369 1402 3423 det
1419 3368 1445 3422 ei
1459 3367 1589 3440 spiritum
1599 3368 1822 3434 mansuetudinis,

1024 3454 1052 3510 iu
1068 3456 1177 3512 uomina
1188 3457 1299 3512 Domini
1312 3457 1377 3511 lesu
1391 3472 1426 3512 ue
1439 3455 1509 3511 ultra
1523 3456 1658 3514 irascatur
1669 3458 1760 3528 jubet.
1773 3457 1822 3514 Se-

1026 3545 1121 3616 quitur
1144 3551 1218 3602 tauta
1251 3546 1441 3612 mansuetudo,
1466 3554 1495 3600 ut
1521 3547 1822 3618 pateatomuibnsnon

1028 3650 1090 3690 esse
1121 3635 1204 3701 aliud,
1234 3651 1314 3707 quam
1341 3633 1523 3689 admirabilem
1552 3634 1735 3692 mutationem
1765 3634 1822 3692 dex·

1031 3733 1098 3780 terae
1125 3723 1241 3781 Excelsi.
1263 3723 1360 3780 Fertur
1373 3725 1464 3779 adhuc
1488 3723 1569 3779 hodia
1585 3724 1691 3792 virere,
1705 3734 1735 3781 et
1748 3732 1822 3782 tenta

1027 3827 1088 3868 csse
1103 3813 1236 3884 patientiae
1248 3823 1273 3869 et
1287 3813 1417 3879 lenitatis,
1436 3821 1466 3868 ut
1480 3827 1541 3885 qua
1555 3827 1653 3870 omnes
1665 3828 1822 3887 exasperare

1026 3902 1143 3967 solebat,
1155 3902 1236 3957 nullis
1252 3903 1333 3958 modo
1343 3901 1500 3972 exasperari
1513 3900 1628 3968 damnis,
1641 3903 1822 3970 contumeliis,

1025 3989 1216 4047 elllietiouibus
1230 4000 1320 4064 queat.
1336 3991 1364 4046 Si
1379 3992 1442 4048 licet
1455 3998 1482 4046 et
1495 4005 1550 4060 me,
1559 3991 1637 4061 juxta
1647 3992 1822 4063 Apostolum,

1027 4079 1165 4135 abundare
1179 4080 1207 4136 in
1222 4095 1304 4137 sensu
1320 4097 1380 4137 meo
1391 4082 1483 4153 (Rom.
1497 4095 1558 4146 rttv,
1571 4082 1610 4148 5),
1621 4079 1745 4150 accipiat
1758 4082 1824 4153 quie

1028 4185 1080 4241 que
1096 4177 1124 4224 ut
1139 4170 1284 4243 volet3ego
1302 4169 1377 4227 istud
1396 4168 1530 4241 superiori
1544 4168 1684 4224 suscitata
1698 4171 1825 4226 miraculo

169 4263 303 4312 sternatus
318 4267 358 4310 est
388 4257 488 4321 animo,
514 4259 567 4313 sibi
587 4260 737 4332 imputans,
757 4265 829 4335 quod
848 4263 971 4319 Fraudata
1029 4267 1255 4316 molluaectnseo
1271 4259 1481 4330 praeseressdllmt
1498 4257 1825 4331 luod0¹1²fi⁰rquidffl

169 4344 257 4416 gratia
276 4344 439 4401 Sacrnmeuti
454 4347 564 4403 obierit.
582 4350 615 4403 ιι
631 4349 744 4406 elevatis
758 4352 786 4406 in
800 4354 900 4409 coelum
913 4369 972 4410 ma·
986 4327 1011 4410 ὓ
1026 4346 1076 4418 ibi,
1088 4348 1132 4403 hic
1142 4363 1207 4404 verli
1223 4348 1333 4402 interim
1345 4347 1475 4404 revixerit
1487 4347 1579 4403 home.
1594 4345 1629 4401 Et
1639 4360 1716 4404 nunc
1730 4361 1825 4405 ⁰111·st-

168 4434 258 4490 nibus.
285 4434 447 4504 «Obsecro,
463 4438 589 4506 Domine,
619 4440 715 4511 iuquit,
733 4441 891 4513 insipienter
913 4445 969 4517 egi.

169 4523 238 4596 Ego,
253 4539 307 4595 ego
323 4526 439 4595 peccavi,
456 4527 502 4598 qui
513 4527 629 4599 distuli;
645 4530 760 4598 uouista,
773 4546 834 4601 quae
848 4531 942 4588 soluit.
957 4551 967 4581 ι

168 4611 346 4679 flaedlcctts,
376 4622 543 4668 contestatus
572 4627 614 4671 cst
633 4616 661 4671 in
685 4618 819 4674 audientia
838 4621 969 4687 omnium,

169 4698 272 4754 nullam
288 4717 317 4756 se
345 4709 515 4771 recepturum
535 4705 762 4775 consolationem,
782 4707 883 4761 nullam
897 4708 972 4764 datu·

170 4804 233 4843 rum
258 4789 378 4861 requiem
396 4790 502 4860 spiritui
525 4808 584 4857 suo,
604 4794 666 4860 nisi,
682 4811 761 4866 quam
782 4795 887 4864 tulerat,
907 4797 971 4854 licc-

167 4886 211 4934 ret
224 4880 365 4934 restituere
380 4882 505 4951 gratiam.
525 4882 559 4935 Et
574 4892 648 4938 stans
663 4900 746 4956 super
758 4901 827 4951 earn,
843 4893 899 4942 tota
921 4904 972 4943 no·

169 4975 212 5022 cte
231 4968 369 5023 laborabat
397 4969 423 5022 in
452 4971 553 5040 gemitu
574 4984 756 5044 suo:etpro
785 4977 846 5031 olco
866 4983 970 5044 sancto,

167 5056 245 5128 largo
261 5058 344 5113 imbre
359 5057 538 5130 lacrymarum
552 5059 634 5116 681
652 5062 815 5132 perfundens
831 5075 970 5130 mortuam,

166 5145 251 5204 vicem
274 5146 312 5199 illi
336 5147 482 5215 unctionis
499 5165 580 5219 quam
604 5159 709 5221 puttuat
732 5152 886 5209 cxhrbcbat.
910 5154 972 5226 lpse

167 5236 277 5304 quidem
305 5235 354 5300 sic,
375 5237 408 5291 ad
434 5255 498 5293 suos
523 5245 611 5295 antem
637 5258 644 5295 :
667 5261 679 5292 ι
701 5241 859 5315 Vigilate»
885 5243 970 5315 iuquit

169 5341 183 5371 ι
200 5330 228 5379 et
245 5333 330 5380 orate.
347 5348 357 5373 ι
383 5326 477 5394 Itaque
492 5328 518 5381 in
534 5330 643 5398 psalmis
659 5330 706 5396 illi,
724 5333 768 5388 ille
783 5333 810 5390 in
835 5335 969 5406 lacrymis,

168 5416 276 5465 noctem
291 5413 392 5471 duxere
407 5415 580 5486 pervigilem.
596 5420 628 5475 Et
643 5437 721 5478 mnne
736 5423 815 5490 lacto,
831 5423 971 5481 exaudivit

173 5495 306 5555 Dominus
340 5510 459 5558 sanctum
479 5520 569 5575 suurn,
584 5508 648 5580 quia
667 5509 779 5583 spiritus
792 5511 900 5568 Domini
912 5521 970 5570 eret

1024 4452 1085 4492 mus
1099 4439 1131 4491 ad
1147 4437 1260 4510 reliqua.

1061 4529 1105 4580 55.
1124 4526 1171 4582 Vir
1199 4527 1348 4583 secundum
1378 4526 1506 4583 saecnlum
1524 4524 1708 4595 honorabilis,
1731 4542 1825 4584 secun·

1031 4617 1096 4671 dum
1110 4615 1195 4670 Deum
1211 4617 1363 4683 timoratus,
1383 4614 1497 4672 veniens
1525 4619 1560 4671 ad
1574 4613 1753 4684 llalacbiam,
1765 4632 1824 4688 qut·

1033 4715 1091 4759 stus
1107 4711 1150 4758 cst
1168 4702 1192 4757 ei
1208 4718 1289 4774 super
1312 4703 1453 4759 sterilitate
1471 4703 1569 4760 anima
1587 4717 1655 4772 suae,
1668 4704 1824 4776 supplicans

1032 4803 1061 4849 ut
1076 4793 1128 4849 sibi
1142 4793 1278 4850 obtineret
1291 4791 1325 4849 ab
1339 4793 1526 4865 omnipotente
1537 4794 1595 4849 Deo
1609 4791 1822 4865 gratiemlaery·

1032 4901 1147 4941 marum.
1166 4885 1198 4939 Et
1217 4882 1360 4939 subridens
1383 4882 1538 4949 Malachiae,
1552 4880 1625 4953 quod
1655 4893 1771 4956 gratum
1784 4884 1823 4938 ba·

1028 4975 1106 5030 beret
1115 4975 1142 5029 in
1153 4974 1262 5030 homine
1271 4972 1394 5029 saeculari
1405 4971 1570 5028 desiderium
1581 4970 1741 5042 spirituale,
1753 4986 1822 5028 enen

1029 5064 1167 5119 maxillam
1194 5063 1307 5118 maxilla
1335 5060 1409 5117 illius
1437 5062 1517 5134 quasi
1530 5059 1694 5117 blandiendo
1710 5062 1823 5132 conjun-

1031 5170 1098 5228 gens
1116 5172 1121 5211 :
1137 5174 1150 5203 ι
1167 5152 1238 5218 Fiat,
1251 5174 1262 5201 ι
1276 5152 1372 5222 iuquit,
1390 5171 1402 5202 ι
1419 5151 1478 5217 tibi,
1493 5151 1564 5207 sicut
1577 5149 1681 5221 petisti.
1696 5170 1710 5201 ι
1724 5151 1822 5206 Tantos

1027 5244 1137 5310 exindo,
1153 5250 1180 5298 et
1211 5257 1280 5314 pene
1293 5240 1437 5298 continuos
1461 5240 1548 5296 exitus
1562 5253 1695 5311 aquaram
1711 5239 1825 5297 deduxe-

1027 5341 1091 5387 runt
1108 5332 1179 5387 oculi
1197 5332 1268 5403 rjus,
1285 5338 1314 5387 ut
1333 5329 1399 5386 illud
1421 5329 1568 5403 Scriptura
1586 5328 1611 5385 ei
1635 5342 1724 5400 posse
1743 5337 1818 5401 aptas

1030 5421 1168 5478 videretur
1184 5439 1190 5478 :
1207 5423 1279 5477 Forte
1293 5421 1450 5487 hortomm,
1463 5424 1726 5491 patemaqtmrum
1735 5417 1827 5475 nisen-

1026 5513 1104 5571 liam
1119 5510 1243 5583 (dantia
1258 5523 1298 5577 tv,
1315 5507 1371 5580 lli),
1385 5508 1434 5565 Est
1448 5505 1535 5565 insola
1547 5503 1628 5564 nnn
1640 5504 1671 5561 in
1683 5504 1828 5571 albem
