3728 5940
746 256 925 320 EPISTOLAE.

82 387 170 465 isque
192 387 318 446 omnibus
344 386 488 455 fratribus,
514 387 598 445 frater
624 388 803 453 ecmannus,

82 494 133 537 tn.

82 567 230 627 Uodestiae
245 566 356 639 quidem
370 574 470 624 vesum
493 574 560 636 erat,
576 581 592 622 o
609 565 675 623 boni
696 566 803 633 fratres,

82 657 281 731 ’querimonia
296 666 384 712 restra
406 641 489 727 priori
512 663 603 713 nostra
625 653 805 710 satisfactione

82 754 146 805 atos
162 761 223 802 esse
242 745 353 812 debere,
370 752 398 800 et
418 746 475 814 jam
491 746 525 800 ab
546 744 742 801 immeritorum
756 742 802 798 in·

82 836 153 895 ioue
166 835 317 908 quiescere.
335 835 386 890 Sed
397 835 461 906 quia
470 834 606 905 prioribus
619 831 697 889 malis
710 833 805 904 pejore

82 928 144 992 stis,
155 934 184 980 et
199 941 305 980 rursum
314 925 393 980 nobis
401 924 554 994 jurgiomm
565 922 710 978 seminaria
718 931 805 978 trans·

82 1015 209 1087 fietque
224 1015 293 1071 absit
315 1020 346 1070 ut
367 1012 535 1085 germinent!
553 1013 621 1069 sicut
643 1028 692 1068 nec
712 1011 805 1085 priora

82 1104 199 1161 inarum
214 1105 240 1157 in
255 1103 356 1175 nobis),
373 1118 407 1156 ne
427 1111 526 1167 tamen,
539 1116 592 1156 non
603 1100 803 1172 respondendo,

82 1210 134 1263 m,
160 1209 222 1265 quae
244 1207 299 1247 uon
323 1200 384 1261 est,
411 1207 556 1265 agnoscere
579 1190 729 1252 uideamur.
755 1191 806 1245 boc

82 1304 85 1336 t
98 1283 225 1338 oecundo
239 1281 272 1335 ad
289 1297 322 1336 eu
335 1297 396 1353 quaa
410 1280 559 1349 procaciter
580 1277 708 1349 objicitis,
724 1295 804 1335 vera-

82 1368 297 1441 respondemus.
314 1369 376 1424 llaec
393 1377 447 1423 tota
461 1378 551 1424 nostra
562 1368 643 1439 culpa
653 1375 704 1434 est,
716 1382 804 1438 quan·

82 1457 259 1524 aestimamus,
276 1459 333 1513 baec
348 1457 509 1532 grandisilla
522 1457 620 1527 injuria
635 1471 716 1527 quarn
729 1457 806 1513 tobis

82 1562 135 1617 tm,
151 1547 225 1620 quod
240 1547 413 1615 monachum,
429 1548 526 1613 solum,
541 1546 723 1617 peregrinum,
739 1560 808 1616 pau-

82 1652 115 1708 n,
137 1636 338 1701 miserabilem,
362 1634 459 1691 animae
481 1651 537 1691 suae
558 1633 709 1705 periculum
732 1632 805 1703 fugi·

1601 266 1652 329 tte

858 386 902 444 die
918 400 1011 462 gemo,
1028 388 1126 446 trustra
1140 389 1280 462 suspirans
1292 389 1421 450 ecdicens
1434 407 1497 450 cum
1506 392 1651 467 Propheta:

864 477 976 533 Vultum
991 481 1084 543 tecm,
1098 479 1225 546 Domine,
1239 480 1384 553 requiram
1398 481 1484 553 (Psaf.
1499 497 1581 553 xxvi,
1598 486 1626 554 8)
1642 502 1649 541 :

860 572 887 619 ct
900 565 965 620 illud
983 582 989 619 :
1011 566 1125 634 Quaado
1145 569 1258 623 veniam
1272 573 1301 624 ef
1314 573 1449 642 apparebo
1464 575 1534 627 onte
1546 573 1652 642 sociem

859 653 932 710 Dei?
947 655 1033 724 (Psoi.
1046 671 1102 720 xci,
1112 657 1151 727 3.)
1162 667 1188 713 et
1205 676 1210 714 :
1231 658 1347 716 Ostende
1359 662 1436 719 nobis
1445 661 1550 731 faciem
1560 665 1649 729 taam,

860 746 886 798 ct
900 743 972 799 salvi
986 745 1092 801 emmas
1106 745 1194 815 (Paul.
1211 762 1310 814 cxxix,
1327 747 1364 819 i).

895 834 921 886 3.
937 832 988 887 Sed
1003 833 1067 903 quid
1091 842 1133 890 est
1153 837 1223 907 quod
1249 836 1326 892 cobis
1344 835 1463 902 facimus,
1486 839 1558 908 quod
1573 839 1651 895 nobis

858 918 916 975 fieri
929 920 1078 979 nolumus?
1095 922 1152 978 Hoc
1167 940 1217 979 nos
1231 923 1323 996 utique
1338 923 1411 981 nolle
1425 925 1534 994 putatis,
1550 937 1579 980 ut
1593 927 1651 998 quis

858 1019 985 1067 anostra
1013 1012 1176 1068 monasterio
1191 1014 1334 1070 discedens
1356 1014 1521 1079 monachus,
1545 1014 1571 1069 in
1599 1015 1652 1070 alio

859 1098 1030 1170 suscipiatur.
1056 1101 1163 1156 Utinam
1188 1118 1284 1158 omnes
1303 1103 1381 1158 nobis
1405 1103 1575 1173 commissos,
1593 1102 1652 1160 sine

858 1189 937 1244 nobis
961 1191 1066 1247 salvare
1086 1190 1222 1259 possetis!
1247 1192 1275 1247 st
1297 1191 1411 1265 quiade
1433 1193 1533 1248 nostris
1555 1194 1588 1247 ad
1603 1207 1653 1248 vos

859 1279 970 1345 majoris
990 1279 1164 1349 perfectionis
1194 1280 1278 1353 gratia
1295 1290 1321 1336 et
1342 1283 1464 1337 arctioris
1490 1282 1551 1336 ritae
1577 1283 1652 1337 desi-

858 1368 934 1424 derio
948 1370 1141 1437 convolaverit,
1159 1369 1213 1427 10
1226 1386 1278 1427 non
1294 1370 1382 1426 solum
1398 1387 1451 1428 nou
1470 1387 1614 1428 causamur
1627 1372 1651 1426 si

860 1456 885 1510 ei
900 1457 929 1510 in
946 1458 990 1512 tali
1006 1458 1094 1514 studio
1109 1461 1258 1530 consulitis,
1274 1461 1320 1515 sed
1340 1475 1368 1516 et
1381 1460 1494 1516 multum
1511 1477 1654 1532 precamur

862 1554 890 1601 ut
903 1547 956 1602 hoc
975 1547 1097 1616 faciatis;
1115 1565 1164 1604 nec
1177 1548 1296 1604 oft'eusos
1312 1564 1363 1603 uos
1381 1565 1589 1620 conqueremur,
1605 1548 1652 1604 sed

859 1635 937 1689 ualde
951 1635 978 1690 iu
992 1636 1043 1691 boc
1057 1637 1164 1707 adjutos
1178 1653 1236 1691 esse
1251 1636 1401 1693 fatebimur.
1424 1634 1535 1709 Negatis
1556 1637 1654 1692 deinde

82 1738 125 1792 ι,
139 1724 254 1780 salutem
274 1738 352 1780 anam
368 1724 479 1779 sollicite
500 1731 678 1794 querentem,
695 1722 806 1793 pulsan·
824 1723 935 1814 nquod
948 1723 983 1778 de
996 1723 1074 1780 vobis
1088 1725 1267 1792 audieramus,
1283 1735 1374 1783 vestro
1400 1725 1504 1782 scilicet
1515 1727 1592 1795 jussu
1610 1724 1653 1780 vel

107 1813 307 1886 supplicantem
337 1813 524 1884 suscepimus;
548 1826 596 1866 seu
619 1811 692 1883 quod
715 1811 806 1880 talem,

82 1918 98 1959 r
125 1918 143 1958 a
175 1901 255 1958 nobis
277 1910 442 1974 susceptum,
460 1901 547 1956 denuo
571 1899 629 1954 sine
652 1914 733 1954 causa
753 1913 807 1954 non

82 2006 143 2058 sus,
158 1998 197 2057 ut,
214 1990 285 2063 quod
301 1977 493 2047 aedificavimus
512 1989 610 2046 iterum
623 1988 805 2054 destruentes,

82 2078 233 2139 sricatores
262 2094 314 2136 uos
341 2082 545 2134 constituamus.
580 2077 656 2133 flinc'
676 2077 805 2151 llegulae,

84 2185 237 2242 monum,
248 2168 312 2228 binc
327 2169 412 2241 ipsius
426 2167 555 2223 naturalis
575 2166 643 2239 legis
657 2174 807 2241 transgres-

82 2276 87 2317 t
97 2259 268 2333 judicamur.
285 2258 429 2329 Opponitis
451 2258 523 2314 euim
548 2256 719 2330 indignantes
734 2299 743 2324 ,
758 2272 808 2312 cur

82 2364 130 2409 dm
149 2354 204 2404 eta
226 2348 303 2404 robis
326 2346 586 2404 excommunicatum
609 2346 688 2402 nobis
702 2349 808 2403 sociare

82 2439 244 2511 smpsimus,
269 2436 343 2510 quod
362 2437 456 2508 utique
470 2437 504 2491 ab
528 2435 581 2491 alio
594 2435 652 2508 pati
667 2436 805 2491 nolumus.

87 2526 127 2587 de
161 2524 439 2584 excommunicatione
471 2523 536 2596 quid
568 2523 804 2595 respondebimus,

82 2616 177 2675 tiosos
186 2616 250 2672 inde
264 2615 345 2672 vobis
358 2614 512 2672 satisfacitis
522 2629 573 2687 pro
587 2613 676 2680 nobis,
692 2613 807 2670 mentes

82 2705 103 2763 ιι
121 2706 208 2762 dubio
224 2705 299 2778 prius
318 2721 334 2760 a
354 2704 434 2761 uobis
452 2702 539 2759 fuisse
557 2712 706 2774 receptum,
726 2718 807 2776 quam

82 2794 117 2853 tis
129 2792 420 2851 excommunicatum?
435 2793 503 2849 Cum
517 2799 607 2848 autem
622 2791 697 2863 prius
716 2808 807 2849 susce·

91 2882 160 2939 dum
184 2891 273 2938 minen
297 2881 469 2955 regulariter,
488 2881 580 2949 fuerit,
606 2879 728 2951 profecto
752 2895 806 2936 non

82 2988 106 3030 rr
125 2980 258 3043 seatmm,
282 2971 330 3028 sed
353 2970 382 3026 in
410 2979 532 3027 nostrum
561 2977 659 3027 vestras
691 2967 805 3024 maledi-

860 1827 973 1868 asscnsu
987 1812 1097 1869 fratrem
1111 1814 1153 1882 B.,
1169 1813 1297 1886 quamdiu
1307 1814 1358 1870 fuit
1367 1814 1439 1886 apud
1452 1830 1510 1882 vos,
1520 1813 1548 1868 in
1564 1811 1654 1868 medi-

860 1901 939 1957 cinali
952 1910 1009 1959 arte
1031 1903 1209 1960 secularibus
1231 1903 1413 1974 deserviisse3
1438 1904 1590 1976 ipsumque,
1607 1902 1654 1974 qui

861 1992 914 2048 hoc
931 1991 1007 2061 dixit,
1033 1991 1155 2048 falsitatis
1180 1993 1299 2065 arguitis.
1322 1994 1350 2049 Si
1369 1994 1497 2050 mentitus
1529 1993 1574 2062 sit,
1588 2007 1655 2048 nes·

862 2082 967 2149 cimus;
984 2081 1042 2151 ipse
1060 2079 1158 2140 viderit
1172 2104 1179 2154 ;
1193 2083 1239 2138 sed
1259 2083 1311 2138 boc
1325 2081 1434 2149 scimus,
1454 2082 1517 2152 quia
1531 2081 1589 2140 sive
1606 2097 1657 2153 per

861 2186 891 2227 so
908 2171 1008 2243 ipsum,
1035 2180 1063 2227 ut
1086 2187 1134 2229 vos
1158 2170 1290 2242 fatemini,
1314 2173 1371 2230 sive
1399 2187 1525 2245 parvos,
1546 2179 1575 2228 ut
1598 2171 1656 2245 ipse

862 2266 987 2327 testatur,
1012 2260 1070 2316 baec
1093 2260 1204 2327 fecerit,
1229 2260 1256 2315 in
1280 2275 1378 2332 magno
1401 2260 1508 2318 interim
1536 2259 1656 2331 periculo

861 2346 921 2404 fuit.
936 2347 1004 2418 Quis
1021 2364 1086 2406 vero
1106 2357 1159 2405 tam
1180 2350 1351 2416 inhumanus,
1367 2350 1413 2422 qui
1437 2351 1476 2407 sic
1497 2349 1655 2420 periclitanti

859 2451 915 2492 non
932 2444 1103 2494 succurreret
1115 2437 1138 2492 si
1154 2447 1254 2509 posset,
1269 2453 1322 2494 non
1336 2437 1488 2495 consuleret
1499 2437 1523 2492 si
1538 2439 1654 2494 nosset?

859 2525 984 2582 Attamen
1004 2527 1038 2600 si,
1053 2534 1082 2582 ut
1096 2525 1224 2597 asseritis,
1239 2541 1294 2584 nou
1319 2527 1475 2597 compulsus
1489 2524 1653 2596 obedientia,

861 2614 910 2670 sed
925 2614 1028 2686 proprii
1051 2621 1170 2686 quaestus
1197 2615 1347 2685 cupiditate
1375 2630 1407 2671 ao
1432 2613 1550 2686 vagandi
1565 2613 1655 2671 curio-

861 2704 952 2775 sitate,
967 2705 1018 2761 bac
1045 2703 1157 2777 illacque
1171 2713 1256 2761 artem
1279 2721 1355 2761 suam
1382 2703 1524 2761 venditans
1546 2704 1655 2761 discur-

859 2795 945 2864 rebat,
959 2794 1024 2866 quid
1049 2809 1138 2851 cansae
1162 2794 1276 2852 existitis
1294 2795 1367 2870 quod
1381 2810 1396 2849 a
1410 2794 1488 2852 vobis
1507 2793 1656 2851 discessit?

860 2884 903 2938 dn
919 2881 1051 2955 quiajam
1071 2882 1179 2941 tandem
1193 2899 1314 2941 censurae
1332 2882 1473 2954 pastoralis
1488 2882 1655 2940 districtione

859 2987 915 3028 non
931 2973 955 3028 ei
971 2972 1069 3028 licebat
1081 2973 1155 3043 qnod
1179 2983 1241 3029 ante
1265 2972 1403 3029 licueratf
1419 2961 1476 3028 Cur
1494 2971 1576 3042 igitur
1594 2988 1654 3028 cum

82 3062 285 3121 bsenteutiam
300 3060 466 3130 intorsistis;
481 3060 555 3134 quod
570 3061 593 3116 si
614 3065 688 3126 reete
706 3057 805 3115 factum
823 3052 912 3138 tiam
940 3063 1014 3132 apud
1041 3075 1091 3116 nos
1116 3068 1196 3128 esset,
1227 3062 1350 3118 solentes
1377 3076 1442 3117 eum
1468 3075 1605 3130 revocare,
1621 3061 1656 3116 ad

82 3149 260 3211 metueritis.

82 3240 180 3299 Restm
193 3238 276 3312 igitur
285 3239 437 3307 sciendum,
448 3247 476 3294 et
488 3239 541 3294 hoc
556 3245 659 3308 tantum
675 3237 805 3311 quaeritur

82 3344 147 3397 nos,
166 3343 201 3384 an
216 3327 412 3384 rationabiliter
428 3333 570 3400 susceptus
589 3326 681 3383 fuerit.
707 3326 740 3381 lit
755 3340 804 3382 vos

82 3434 124 3491 m,
139 3417 268 3492 qnoniam
283 3419 317 3472 de
336 3417 428 3490 ignoto
451 3417 618 3475 monasterio
640 3416 803 3472 monachum

82 3506 163 3566 ntor
187 3521 267 3578 posse
282 3506 383 3578 suscipi
399 3521 500 3579 negare
521 3520 576 3562 uon
600 3505 723 3576 potestis,
739 3521 804 3561 ves·

90 3596 177 3654 uobis
199 3608 293 3651 notum
321 3609 383 3650 esse
411 3593 587 3652 contenditis.
611 3595 760 3666 Negamus,
777 3591 804 3650 ei

82 3686 196 3745 reditis.
216 3684 316 3741 Verum
339 3685 363 3740 si
385 3699 439 3740 non
455 3682 561 3740 creditis
581 3682 739 3754 simpliciter
752 3697 804 3737 ne-

82 3780 142 3842 bus,
169 3775 272 3831 credite
285 3773 325 3830 sel
353 3772 514 3845 jurantibus.
545 3771 719 3841 inveritate,
743 3786 803 3841 quae

97 3872 153 3930 est,
184 3862 262 3920 vobis
289 3862 426 3918 dicimus:
443 3876 494 3918 nec
520 3860 648 3917 novimus
675 3874 733 3926 vos,
754 3875 805 3915 nec

82 3967 153 4017 naus,
172 3950 328 4025 ignotorum
351 3950 450 4021 scripta
469 3948 648 4018 suscepimus,
662 3947 697 4002 ad
720 3947 803 4022 igno-

82 4040 261 4113 scripsunus.
279 4039 421 4095 Sensimus
433 4037 544 4111 quidem
564 4037 761 4094 stimulationes
775 4046 803 4094 et

82 4130 211 4189 mannes
233 4136 348 4198 vestras,
366 4129 412 4184 sed
438 4128 553 4184 necdum
575 4126 760 4184 stimulatores
774 4136 802 4184 et

82 4226 200 4279 alatores
216 4217 291 4290 ipsos
305 4217 475 4290 agnovimus.
493 4216 549 4272 Vos
572 4223 659 4272 amen
681 4217 713 4272 ad
733 4232 800 4273 con·

82 4308 168 4381 ndum
183 4323 235 4363 nos
246 4309 280 4363 de
295 4307 420 4363 simulata
431 4305 581 4378 ignorantia
592 4305 799 4363 invictissimum

860 3148 1083 3220 persuadendum
1099 3148 1133 3203 de
1155 3148 1243 3206 reditu
1268 3148 1429 3221 promisistis
1451 3147 1477 3204 ei
1496 3147 1612 3219 quietem
1627 3148 1655 3204 in

862 3237 989 3303 clanstro,
1005 3236 1058 3292 uisi
1072 3236 1135 3309 quia
1150 3237 1202 3293 boc
1215 3237 1286 3293 velle
1305 3238 1442 3293 bominem
1456 3235 1656 3303 noveratis,boc

859 3325 986 3399 quesisse
1011 3325 1219 3383 memineratis?
1241 3326 1276 3382 Αι
1297 3325 1353 3396 ille,
1377 3327 1434 3395 jam
1462 3324 1561 3396 adepto
1575 3322 1650 3395 apud

862 3417 968 3474 alienos
981 3417 1053 3490 quod
1078 3432 1133 3474 non
1153 3416 1242 3488 potuit
1261 3418 1329 3473 inter
1352 3431 1427 3483 suos,
1446 3431 1482 3471 ue
1504 3422 1578 3471 certa
1605 3429 1655 3488 pro

861 3507 971 3564 incertis
985 3507 1131 3576 desereret,
1152 3506 1311 3578 tenuitque
1334 3507 1389 3576 jarn
1412 3504 1559 3570 fruebatur,
1580 3519 1657 3575 sper·

861 3612 933 3653 nens
946 3594 1022 3668 quod
1036 3610 1097 3651 sero
1110 3594 1162 3650 sibi
1175 3593 1352 3653 offerebatur.

894 3687 921 3740 l.
936 3683 1058 3740 Desimte
1073 3683 1170 3755 itaque,
1184 3683 1289 3750 fratres,
1303 3682 1420 3739 desinite
1431 3681 1541 3738 fratrem
1557 3682 1655 3738 sollici-

858 3781 926 3839 tare,
942 3770 1039 3844 dequo
1052 3771 1194 3827 nonualde
1205 3786 1315 3828 necesse
1329 3779 1371 3827 est
1383 3787 1433 3828 vos
1442 3770 1652 3837 sollicitosesse‚

856 3861 909 3916 nisi
925 3859 1007 3925 forte,
1032 3860 1107 3931 quod
1131 3857 1219 3916 absitl
1236 3874 1295 3931 quae
1312 3867 1412 3925 vestra,
1433 3874 1488 3916 non
1507 3876 1570 3933 quae
1590 3861 1654 3918 fesu

856 3948 957 4005 Christi
970 3955 1043 4017 suut,
1059 3948 1197 4019 quaeratis,
1212 3953 1240 4000 et
1253 3945 1338 4021 magis
1355 3957 1475 4003 vestrum
1488 3947 1524 4004 de
1537 3949 1584 4003 illo
1598 3965 1646 4004 so-
1710 3960 1716 3974 ·

857 4039 960 4109 latium,
974 4053 1054 4109 mam
1064 4038 1246 4107 ejusaatutem
1256 4036 1385 4109 diligatis.
1395 4038 1530 4093 Nemeum
1544 4052 1652 4108 semper

857 4126 927 4198 apud
943 4141 991 4183 tos
1010 4140 1167 4200 gyrovagus
1180 4124 1290 4195 fuisset,
1304 4128 1343 4197 et,
1368 4132 1398 4180 ut
1411 4124 1538 4191 scribitis,
1559 4133 1653 4181 contra

860 4232 939 4274 suum
957 4214 1127 4289 propositum
1141 4222 1168 4271 et
1181 4214 1288 4271 abbatis
1311 4215 1464 4286 imperium,
1478 4214 1504 4272 iu
1527 4216 1653 4288 proprios

856 4320 922 4360 casus
937 4304 1010 4376 quod
1025 4304 1059 4360 de
1073 4312 1131 4359 arte
1145 4318 1193 4360 sua
1207 4302 1383 4377 conquirebat
1394 4304 1571 4379 expenderet,
1585 4322 1653 4382 gau·

82 4405 194 4456 rentum
217 4398 355 4464 inducitis,
380 4413 434 4454 nou
449 4412 531 4469 posse
549 4396 675 4455 videlicet
691 4397 800 4471 ignotos
820 4380 918 4475 'dect
931 4392 977 4466 qui
992 4407 1055 4449 eum
1075 4391 1172 4466 diligit,
1188 4392 1260 4464 quod
1275 4392 1346 4463 apud
1363 4407 1414 4449 nos
1434 4393 1494 4450 Deo
1508 4393 1652 4452 miserante

88 4486 182 4552 nobis
209 4501 325 4558 quorum
352 4493 377 4543 et
403 4486 508 4542 abbatis
533 4484 635 4542 scilicet
661 4495 688 4542 et
714 4486 800 4558 ipsius

82 4575 160 4634 starii
192 4590 291 4632 nomen
319 4575 346 4631 in
386 4575 487 4631 nostris
519 4574 660 4646 posuimus
687 4575 797 4648 litteris3

95 4679 164 4721 mox
188 4673 218 4719 nt
243 4679 334 4719 rerum
358 4664 492 4720 vocabula
516 4663 625 4730 scimus,
651 4663 731 4719 etiam
756 4679 800 4720 res

86 4753 261 4811 noverimus.
272 4753 386 4809 blultnm
400 4767 466 4826 ergo
481 4751 550 4810 valet
563 4752 628 4807 mini
650 4751 798 4819 Michaelis,

82 4841 150 4912 elis,
169 4841 318 4912 Rapbaelis
333 4842 443 4898 uomina
461 4857 552 4909 nosse,
565 4842 674 4913 quando
692 4858 724 4897 ex
740 4842 798 4896 solo

82 4922 325 5000 [vocabulorum
345 4932 424 4988 etiam
449 4931 484 4987 de
511 4930 632 5004 ipsorum
659 4932 798 4986 beatorum

82 5037 146 5081 rum
161 5022 316 5095 cognitione
330 5023 388 5093 iam
402 5023 499 5078 beatus
521 5037 590 5080 suns.
606 5021 667 5076 Non
691 5019 797 5076 medio·

82 5156 88 5186 ‚
119 5109 246 5184 inquam,
283 5110 384 5183 profeci
411 5111 476 5183 quia
499 5110 580 5168 didici
605 5111 639 5166 ab
667 5109 798 5182 Apostolo

82 5200 156 5259 inm
173 5207 201 5257 et
226 5199 337 5258 tertiam
364 5200 463 5258 coelum
491 5199 641 5267 nominare,
659 5199 692 5268 si,
720 5198 799 5255 etiam

82 5295 162 5363 aptus
172 5303 235 5346 curn
250 5288 394 5360 Apostolo,
413 5289 519 5346 solisex
530 5290 685 5346 nominibus
699 5296 800 5345 secreta

82 5378 116 5436 tia
126 5378 189 5450 jam
202 5377 280 5450 novi,
304 5386 332 5435 et
350 5378 441 5439 audivi
464 5377 615 5435 ineffabilia
639 5379 724 5436 verba
739 5393 801 5449 quae

82 5474 130 5527 αι
144 5466 249 5524 bomini
266 5467 352 5539 loqui.
370 5467 472 5524 Stultus
485 5481 560 5538 ego,
581 5466 628 5537 qui
641 5454 696 5537 jam
711 5465 801 5522 sciens

82 5554 163 5621 suet
173 5556 240 5632 mei,
264 5555 358 5617 neseio
372 5556 437 5635 quid
452 5556 541 5615 adhuc
563 5555 698 5631 superduc
713 5554 800 5632 quoti·

858 4490 969 4538 sanatus
983 4482 1028 4537 sit.
1044 4481 1238 4537 Testimonium
1259 4480 1330 4537 enim
1345 4482 1370 4539 ei
1390 4482 1563 4555 perbibemus
1580 4484 1653 4557 quod

858 4589 992 4643 nusquam
1011 4572 1092 4630 modo
1102 4572 1192 4644 aliqua
1206 4571 1348 4629 occasione
1361 4582 1486 4650 vagatur,
1501 4574 1549 4631 sed
1563 4573 1653 4646 quiete

860 4661 1069 4733 perseverancia
1078 4660 1252 4729 monasterio,
1263 4663 1446 4734 pauperinter
1456 4662 1652 4736 pauperessine

859 4751 969 4824 querela
991 4759 1175 4816 conversatur,
1191 4752 1304 4822 primam
1322 4750 1424 4823 fidem,
1448 4768 1528 4825 quam
1541 4751 1651 4822 quidem

855 4839 926 4911 apud
941 4853 990 4897 vos
1011 4838 1137 4909 promisit
1160 4840 1209 4895 sed
1233 4855 1287 4898 non
1309 4842 1405 4912 tenuit,
1419 4856 1472 4897 non
1493 4839 1605 4908 irritam,
1621 4848 1652 4897 ιιι

853 4927 953 4996 dicitis,
969 4925 1081 4993 faciens,
1097 4929 1144 4983 sed
1170 4937 1252 4985 ratam
1275 4929 1462 5002 integramque
1481 4928 1650 4998 custodiens,

855 5033 960 5075 morum
976 5017 1068 5089 utique
1090 5018 1280 5090 conversione,
1295 5031 1322 5077 et
1347 5017 1566 5075 obedientissima
1579 5035 1649 5076 oon-

854 5106 1016 5175 versatione,
1032 5105 1090 5160 sine
1102 5121 1157 5176 qua
1167 5122 1226 5163 sese
1240 5106 1307 5162 fallit
1321 5106 1368 5178 qui
1382 5107 1417 5163 de
1432 5106 1487 5164 loci
1505 5108 1651 5168 stabilitate

854 5195 978 5253 confidit.
993 5195 1131 5268 Rogamus
1146 5211 1204 5261 vos,
1218 5193 1326 5261 fratres,
1342 5200 1372 5250 ut
1385 5197 1504 5268 quiescat
1518 5199 1573 5269 jam
1583 5199 1651 5253 indi·

853 5283 945 5357 gnatia
957 5291 1059 5350 vestra,
1074 5289 1100 5337 et
1115 5280 1220 5338 desinat
1243 5281 1399 5355 inquietatio
1419 5297 1518 5344 nostra.
1535 5287 1581 5344 Sin
1596 5303 1647 5344 au-

854 5382 917 5443 tem,
939 5370 1020 5428 facite
1042 5369 1116 5444 quod
1137 5370 1229 5441 vultis,
1252 5370 1362 5430 scribite
1383 5383 1413 5432 ut
1435 5376 1526 5446 vultis,
1552 5393 1651 5450 perae-

853 5461 967 5535 quimiui
991 5469 1123 5533 quantum
1150 5462 1232 5519 sultis
1256 5481 1263 5518 :
1290 5464 1406 5523 charitas
1433 5468 1524 5525 omnia
1554 5470 1651 5528 suffert

853 5551 944 5611 omnm
966 5549 1092 5608 sustiuet.
1112 5548 1196 5612 llobis
1216 5558 1305 5613 anem
1325 5553 1466 5614 decretum
1480 5563 1528 5614 est
1541 5571 1583 5614 aa
1598 5558 1661 5614 bas
