3728 5940
735 213 909 279 llPlS'l'Oledi.
1592 224 1647 286 lob

84 355 107 395 m
120 354 182 394 esse
191 338 342 395 auditorem
352 341 497 414 scripturae
507 345 634 405 dicentis:
647 348 791 410 discurre,
806 355 830 435 Α
844 342 952 401 diversa
965 346 1136 416 sequentium
1151 347 1266 402 metuist
1282 345 1377 405 Nonne
1391 348 1480 406 cernis
1493 349 1645 408 tutissimos

84 430 792 500 c,euscitaomieamttrara;oedcsserrariumocalis
845 435 879 488 ab
893 433 968 490 omui
981 434 1112 506 periculo,
1128 449 1243 508 quorum
1259 436 1297 508 (et
1309 437 1381 509 quod
1397 439 1483 507 majus
1501 440 1552 511 est}
1574 455 1644 511 pra·

84 534 131 575 ecc
145 520 300 575 ‹tor-anteat
313 522 454 592 palpebre
470 528 529 580 ture
544 528 636 594 (terea.
653 529 722 596 v1,3
739 527 766 593 i)
783 543 790 580 ε
845 533 923 593 cepta
950 539 966 578 a
993 523 1112 593 qualibet
1138 524 1275 581 varietatis
1310 526 1458 583 mobilitate
1485 528 1528 584 vel
1553 529 1642 600 culpa,

85 623 116 663 us
140 626 146 664 :
172 609 338 664 ltutcdietes
353 609 433 667 911
450 614 499 684 qui
514 614 640 686 prohibet
663 616 790 688 qlrrdiata
845 610 957 667 intentio
994 610 1115 670 salvandi
1151 613 1254 668 animas
1283 613 1359 684 juxta
1396 613 1482 686 ipsam
1513 617 1645 690 Regulam

102 714 120 754 o
143 699 281 767 sarrprtiue
300 700 412 761 itercvra.
429 717 527 769 xuvru,
545 705 600 773 ¹⁰l·
617 705 693 760 Tunc
704 706 792 774 justas
843 701 969 756 excusati

87 786 211 842 odiorum
227 786 273 840 tihi
289 804 383 843 causas
398 804 458 843 csse
482 790 591 856 faterer,
610 802 637 847 et
650 793 683 848 ad
696 793 791 849 dehel—
881 790 925 843 ll.
957 788 1009 843 Sed
1041 789 1108 857 jam,
1137 796 1166 845 ut
1194 798 1221 845 et
1247 790 1306 859 ipsa
1339 790 1406 846 ratio
1438 793 1644 850 auctoritatibus

83 875 195 930 chastes
212 876 267 933 Dei
295 885 321 931 ot
345 879 451 949 eosqui
468 881 616 937 secundum
633 881 791 952 Apostolum
846 875 993 948 praemissis
1011 877 1038 931 iu
1066 878 1192 933 omnibus
1219 878 1342 935 famulari
1369 878 1541 951 intelligatur,
1567 882 1645 955 eique

83 964 180 1035 poepjsj
204 963 305 1020 factum
333 967 505 1023 mendacium
529 970 556 1033 (ι
581 973 648 1027 Tim,
674 987 718 1042 w,
745 975 790 1042 a),
845 963 1046 1023 indivisibiliter
1077 967 1226 1034 cotrarere,
1260 968 1457 1041 subjungantur
1489 970 1580 1040 aliqua
1611 973 1645 1029 de

83 1054 794 1130 astuosotegoaccinctuszetigladiocomesindi·
847 1053 956 1111 instanti
989 1054 1139 1124 quaestione
1176 1056 1302 1127 capitula,
1338 1057 1366 1111 iu
1398 1058 1497 1130 quibus
1528 1059 1645 1130 simplici

83 1141 475 1201 scamita1·cr·.tltuunccum
500 1147 550 1201 sub
572 1147 793 1221 oudemtxuppte
846 1143 935 1210 oculo,
968 1143 1072 1201 sincera
1103 1144 1242 1210 charitate,
1277 1145 1464 1202 salvandarum
1496 1147 1644 1204 animarum

83 1230 100 1304 r]
113 1231 193 1287 variis
205 1234 252 1287 sad
268 1235 352 1289 sacris
366 1233 496 1290 institutis
516 1245 660 1309 utrumque
675 1245 793 1293 vestrum
845 1230 1008 1297 intentione,
1041 1231 1163 1304 quedam
1202 1241 1302 1290 mutata
1342 1242 1535 1291 monstrentur.
1576 1238 1645 1293 Nam

83 1319 125 1375 ris
148 1320 181 1375 ad
205 1321 290 1376 coelos
313 1322 552 1391 tendereuidoam,
569 1326 793 1397 etperdiversas
846 1319 889 1375 his
913 1319 1112 1387 demonstretis,
1135 1320 1212 1392 nihil,
1241 1331 1271 1377 ιιι
1298 1321 1423 1387 arbitror,
1453 1332 1584 1395 quactum
1612 1327 1645 1380 ad

83 1424 104 1465 rs
117 1409 152 1464 ad
168 1408 236 1463 idem
256 1411 382 1466 bravium
407 1413 547 1468 tendentes
568 1415 608 1471 sie
631 1429 747 1481 currere,
763 1424 795 1472 uc
848 1423 965 1480 presens
983 1410 1121 1481 negotium
1146 1409 1272 1480 pertinet,
1293 1410 1342 1465 tibi
1365 1414 1540 1484 quaerendum
1561 1414 1645 1469 reliu-

83 1497 229 1552 ·chendatis
246 1515 253 1551 ¹.
270 1514 323 1554 non
339 1509 464 1570 superest
479 1502 537 1567 tibi,
552 1512 581 1558 ut
596 1502 661 1558 milli
676 1502 790 1570 videtur,
847 1512 938 1567 quam·
961 1496 1084 1568 Simplici
1109 1514 1223 1570 nemque
1247 1501 1324 1556 0⁰1110
1352 1510 1380 1555 ²11
1405 1500 1498 1567 uteris,
1522 1502 1569 1573 (fui
1592 1518 1647 1560 110ss

100 1586 188 1657 aliqua
213 1588 385 1661 indignandi,
411 1606 464 1645 110„
486 1592 608 1660 odiendi,
634 1592 791 1649 n0n0b10.
847 1583 898 1655 ipsi
928 1592 989 1657 post
1012 1600 1111 1640 anatim
1139 1586 1240 1642 novitio
1263 1586 1366 1643 aditum
1390 1587 1499 1644 claustri
1523 1590 1612 1661 aperis
1637 1608 1645 1646 :

83 1673 107 1730 li.
810 1638 919 1746 Bquia,
946 1675 1025 1744 juxta
1051 1664 1202 1746 apostolum
1221 1677 1248 1745 (l
1269 1676 1349 1733 trien.
1371 1690 1410 1742 iv,
1436 1678 1462 1745 l)
1486 1685 1512 1732 et
1535 1677 1646 1752 liegulae

91 1762 144 1818 Sed
166 1765 252 1837 exigis
271 1765 360 1822 adhuc
383 1775 412 1822 ιιι
435 1769 506 1838 quod
530 1770 585 1824 dixi
611 1769 741 1839 probem,
767 1777 795 1826 et
847 1763 931 1820 verba
952 1765 1028 1836 (fleg.
1051 1765 1080 1821 S.
1102 1765 1255 1829 Bertcdicti,
1272 1781 1333 1836 cap.
1349 1766 1405 1837 58),
1423 1766 1548 1837 spiritum
1568 1769 1646 1826 novi-

83 1853 133 1908 odo
154 1855 204 1907 sub
226 1856 321 1909 eadem
342 1859 453 1928 tlegula,
478 1859 521 1914 vol
543 1859 667 1927 ejusdem
682 1851 794 1931 ch'alee
848 1861 887 1909 ter
909 1853 1052 1923 venientis,
1079 1861 1168 1909 utrum
1194 1870 1227 1909 ex
1253 1856 1311 1911 Deo
1338 1854 1382 1925 sit,
1409 1869 1457 1924 per
1481 1856 1563 1911 totius
1583 1858 1647 1913 anni

83 1941 175 2006 reione,
200 1958 249 2011 per
272 1944 393 1999 diversos
422 1946 544 2002 tramites
566 1956 623 2003 tuto
645 1947 794 2002 monachus
847 1942 963 2013 spatium
989 1942 1176 2013 perscrutaris.
1206 1942 1327 2013 Simplici
1349 1944 1428 2000 oculo
1452 1951 1480 1999 ct
1502 1946 1645 2013 tantoris,

83 2046 120 2086 erc
137 2031 224 2101 possit
245 2033 395 2087 ostendam.
412 2035 453 2090 Ad
473 2035 546 2108 quod
569 2035 633 2091 mihi
656 2035 794 2106 perfacilis
847 2030 893 2104 qui
908 2031 1091 2087 advenientem
1114 2030 1187 2086 iufra
1207 2031 1331 2100 ejusdem
1352 2032 1415 2087 anni
1439 2045 1538 2091 metam
1558 2036 1647 2093 susci·

95 2120 251 2189 responsio,
278 2130 304 2175 et
329 2123 476 2177 auctoritas
502 2125 594 2192 juncta
618 2125 714 2180 rationi
739 2139 794 2179 uon
849 2118 891 2190 pis
911 2135 918 2172 :
937 2118 1000 2189 quia
1024 2128 1281 2189 comportantem
1305 2120 1435 2191 temporis
1466 2120 1592 2191 dilatum,
1612 2125 1648 2181 ad

94 2224 101 2264 :
126 2222 205 2276 posse
229 2218 255 2263 ct
279 2218 304 2264 te
328 2210 531 2268 Cluniaecnsem
556 2221 602 2268 tuo
630 2229 690 2277 usu,
716 2219 743 2268 et
767 2221 793 2267 te
849 2205 976 2278 pristinas
997 2205 1090 2272 taces,
1105 2214 1132 2263 et
1149 2207 1182 2261 ad
1203 2207 1300 2278 prioris
1323 2207 1392 2266 vitae
1406 2211 1565 2267 detestanda
1579 2214 1648 2268 mala

83 2294 200 2352 ciensem
218 2305 264 2352 tuo
279 2314 363 2359 more.
388 2311 415 2356 et
432 2299 548 2357 feliciter
563 2318 612 2372 per
627 2301 696 2357 viem
712 2318 793 2355 man·
848 2296 938 2353 rcdire
952 2295 1092 2352 formidas.
1109 2294 1230 2366 Simplici
1249 2296 1329 2352 oculo
1353 2305 1382 2353 tu
1406 2298 1500 2363 uteris,
1515 2299 1560 2369 qui
1576 2301 1646 2356 dua-

83 2400 119 2439 rm
143 2385 191 2439 liei
215 2403 340 2452 uerrere,
367 2396 394 2442 et
418 2388 520 2445 feticius
542 2389 576 2442 ed
597 2388 677 2445 finem
702 2390 793 2445 cursui
847 2383 899 2439 hus
914 2383 1021 2452 tunicis,
1037 2392 1064 2439 et
1078 2383 1183 2439 duabus
1204 2384 1328 2453 cucullis,
1346 2385 1389 2440 vel
1404 2385 1528 2454 ejasdem
1540 2390 1648 2459 generis

82 2486 114 2526 un
136 2473 290 2542 pervenire.
317 2476 349 2529 Et
373 2476 435 2547 quia
459 2491 527 2539 eam,
552 2493 613 2547 quau
635 2493 742 2547 semper
766 2478 793 2532 in
848 2472 941 2544 paucis
954 2471 1052 2526 additis
1066 2471 1185 2528 vestibus
1198 2480 1342 2528 contentus
1360 2488 1410 2545 es;
1434 2474 1498 2546 quia
1518 2475 1568 2530 etsi
1592 2491 1646 2533 nou

82 2576 94 2616 a
121 2562 307 2631 praernivtcuda
342 2574 403 2631 est,
439 2564 624 2620 auctoritatem
658 2565 792 2636 praemisi3
848 2567 1010 2661 praeceptum
1031 2559 1122 2631 (trad,
1151 2576 1210 2631 cap.
1239 2562 1295 2633 55),
1318 2562 1459 2618 consilium
1490 2569 1576 2621 munau
1604 2567 1646 2623 vel

82 2648 173 2705 ittatur
196 2662 220 2707 et
246 2652 272 2706 ia
294 2653 345 2708 liae
369 2652 436 2707 serie
458 2653 525 2724 ipsa,
542 2670 592 2709 uec
605 2652 672 2710 ratio
687 2653 792 2710 modico
847 2650 1074 2708 existimationem
1089 2651 1229 2723 scriptoris
1242 2653 1356 2726 Regula
1376 2654 1463 2727 sequi,
1479 2671 1561 2728 quarn
1581 2655 1647 2714 altc-

82 2737 247 2794 riutermtto
263 2740 433 2812 disjungatur
447 2743 481 2795 ab
496 2741 564 2811 ipsa.
849 2741 905 2796 rius
923 2740 1032 2812 generis
1055 2751 1144 2799 vestes
1167 2741 1268 2798 addere
1290 2741 1331 2799 vel
1355 2757 1496 2799 assumere
1516 2745 1646 2805 maluisti.

95 2826 144 2883 Sed
170 2828 233 2898 ‹prid
255 2828 362 2897 iilvjieis,
380 2829 480 2883 trister?
497 2852 507 2878 ι
525 2829 590 2885 bico
604 2829 793 2900 eJ'usdemrlte·
846 2828 970 2900 Simplici
984 2829 1065 2886 oculo
1079 2838 1106 2884 et
1122 2839 1150 2884 tu
1163 2831 1257 2897 uteris,
1271 2831 1318 2903 qui
1339 2847 1418 2889 usum
1437 2831 1522 2889 ets
1537 2835 1645 2892 madio·

82 2915 218 2986 professos
233 2918 354 2986 ejusdem
368 2917 477 2989 Regalis
493 2918 617 2972 mandata
631 2935 684 2975 non
700 2919 796 2974 simili·
810 2917 832 2998 c
847 2917 933 2973 crium
953 2918 1126 2990 pelliciarum
1146 2918 1277 2973 admisisti
1298 2937 1305 2974 :
1328 2920 1391 2991 quia
1416 2920 1563 2993 debilibus,
1584 2925 1648 2995 quia

82 3020 210 3060 oscrvare.
235 3026 245 3054 a
273 3005 372 3059 virum
396 3014 446 3070 est,
472 3005 591 3077 iuquam,
618 3008 689 3077 quod
715 3008 792 3075 dicis,
848 3006 973 3077 infirmis,
989 3007 1053 3078 quia
1075 3006 1208 3078 delicatis,
1221 3008 1284 3078 quia
1304 3008 1446 3076 omuibus,
1461 3020 1590 3081 quantum
1613 3013 1647 3068 ad

82 3108 118 3147 em
143 3093 255 3162 Regulus
281 3094 405 3149 maridata
428 3094 455 3147 iu
479 3095 641 3166 quibusdam
668 3096 793 3166 capitulis
849 3096 1003 3167 frigidiores
1026 3104 1156 3153 terrarum
1183 3103 1274 3166 partes
1296 3099 1427 3169 pertinet,
1444 3114 1478 3152 ae
1496 3115 1648 3156 murmura·

91 3182 165 3236 sdem
182 3183 292 3254 llegulie
314 3183 445 3254 protessis
465 3183 632 3240 dissimiliter
647 3185 792 3243 observari.
849 3197 928 3255 rent,
953 3199 988 3242 ne
1020 3185 1201 3259 languerent,
1235 3201 1270 3241 ae
1303 3184 1455 3241 rationabili
1487 3188 1647 3245 riccessitate

83 3272 268 3342 elrrrjusmodi
292 3275 443 3330 monachos
466 3284 574 3347 propter
588 3276 643 3332 ista
657 3276 792 3332 reosexi·
848 3275 984 3331 subtracta
1004 3282 1032 3331 et
1055 3274 1137 3346 aliqui
1160 3290 1175 3329 a
1198 3273 1335 3345 proposito
1359 3274 1531 3344 recederent,
1557 3278 1647 3349 provi·

82 3376 100 3426 s,
124 3377 157 3415 ne
181 3362 233 3416 hac
258 3363 292 3417 de
320 3379 401 3417 carisa
430 3363 659 3432 praevaricationis
677 3380 793 3439 arguere
848 3364 923 3420 disti.
955 3362 1077 3434 Simplici
1096 3364 1176 3419 oculo
1198 3365 1226 3418 tu
1246 3365 1346 3433 uteris,
1363 3363 1410 3436 qui
1434 3365 1540 3421 nonnisi
1565 3367 1645 3424 tertio

82 3466 103 3518 s,
117 3450 177 3504 audi
193 3452 340 3518 caelestem,
356 3451 411 3506 imo
427 3452 510 3524 liegis
525 3454 657 3510 oculorum
672 3454 792 3512 auctori·
847 3451 977 3524 fugitivos
999 3459 1163 3508 revertentes
1185 3451 1284 3522 recipis
1300 3467 1307 3507 :
1325 3452 1390 3523 quia
1414 3454 1514 3523 etipsa
1537 3454 1648 3528 Regula

87 3542 133 3597 :st
148 3544 246 3596 aculus
261 3545 328 3596 treats
344 3544 432 3611 fuerit
443 3545 574 3615 airu-pleat,
586 3548 677 3599 totam
691 3560 793 3617 corpus
830 3543 929 3597 'verba
943 3556 1103 3598 conservare
1117 3540 1207 3612 (tete,
1219 3556 1282 3610 cap.
1295 3541 1352 3612 29),
1364 3548 1391 3596 ei
1405 3557 1421 3596 a
1435 3541 1570 3615 frequenti
1584 3544 1648 3619 fuga

89 3630 214 3685 tacidum
226 3632 280 3684 erit
294 3632 369 3698 (liat.
381 3647 421 3695 xi,
433 3633 488 3701 at).
500 3632 791 3701 lludietrtpostotum:
847 3631 943 3686 stultos
966 3631 1007 3687 vel
1031 3630 1168 3685 instabiles
1193 3630 1337 3687 monachos
1359 3630 1462 3697 studes,
1479 3640 1579 3705 negato
1599 3635 1647 3691 de·

82 3735 98 3771 a
113 3721 206 3770 cestre
231 3718 261 3770 in
286 3717 426 3773 clariritate
447 3719 521 3786 lieret
542 3720 568 3787 (l
583 3721 643 3776 Cor.
660 3735 718 3789 xvi,
736 3723 790 3791 lt).
847 3733 920 3771 mum
935 3717 1100 3774 reversionis
1118 3716 1202 3783 aditu,
1217 3718 1362 3775 deterrere.
1383 3718 1505 3789 Simplici
1525 3721 1605 3778 oculo
1620 3731 1647 3776 et

81 3811 107 3860 et
120 3815 222 3875 patrem
244 3807 424 3874 augustinum
440 3823 447 3860 :
466 3826 478 3857 a
497 3806 750 3875 ltabacbaritatem,
766 3816 793 3865 et
848 3813 875 3860 tu
889 3804 982 3875 uteris,
1002 3805 1049 3875 qui
1069 3804 1130 3874 plus
1144 3819 1225 3876 quam
1249 3804 1330 3861 tertio
1345 3807 1507 3863 monachum
1529 3809 1648 3865 redeun-

81 3893 180 3964 ridquid
193 3896 242 3949 vis.
257 3915 268 3944 v
281 3894 350 3949 Audi
362 3903 388 3949 et
398 3894 487 3966 ipsum
497 3896 609 3968 Regula
621 3896 790 3969 scriptorem,
848 3902 900 3948 tem
922 3892 1020 3964 recipis
1043 3909 1051 3946 ι
1076 3892 1140 3964 quia
1162 3892 1242 3949 times
1264 3908 1308 3966 ue,
1328 3894 1408 3950 senia
1430 3895 1576 3970 denegata,
1597 3916 1646 3954 ex·

81 3983 156 4056 psius
182 3984 295 4060 [legistae
317 3984 472 4040 dictatorcm
492 3985 621 4058 Spiritum
643 3997 788 4044 sanctum:
846 3982 951 4055 positus
971 3980 1096 4037 hostibus
1120 3987 1221 4050 bereti·
1241 3989 1268 4037 el
1290 3997 1369 4036 ovem
1393 3985 1580 4055 vagabundum
1604 3987 1647 4043 lu·

95 4094 109 4127 e
125 4072 221 4144 inquit,
240 4095 251 4124 ι
269 4075 350 4129 abhas
369 4073 461 4129 omnia
474 4083 607 4146 temperet
628 4082 707 4149 atque
729 4076 789 4133 die.
846 4088 907 4144 pus,
922 4068 969 4145 qui
983 4076 1010 4127 et
1024 4069 1129 4125 clausas
1142 4084 1238 4141 rapere
1251 4085 1282 4127 ac
1297 4069 1456 4146 dispergere
1471 4071 1550 4145 solet,
1564 4073 1647 4131 iuter-

81 4207 87 4230 ,
102 4172 131 4218 ut
144 4165 239 4219 atrimae
254 4166 407 4235 salveutor3
430 4172 456 4219 ct
476 4166 550 4237 quod
565 4164 667 4222 faciunt
681 4164 788 4234 fratres,
808 4201 831 4280 n
846 4162 920 4219 imai.

82 4269 96 4309 a
121 4254 332 4309 murmuratione
359 4253 457 4308 iaciant
482 4257 558 4326 tltep.
583 4255 611 4310 S.
637 4255 789 4327 benedicti,
882 4255 927 4309 15.
949 4248 1068 4322 Simplici
1088 4246 1167 4305 oculo
1186 4256 1216 4306 tu
1241 4248 1337 4321 uteris,
1362 4250 1409 4322 qui
1436 4249 1541 4323 absque
1564 4269 1646 4312 exoc-

81 4343 136 4409 tt).
164 4364 174 4392 v
199 4343 231 4397 Et
255 4343 320 4415 quid
340 4343 458 4399 clarius?
480 4343 544 4417 quid
568 4344 708 4415 apertius?
727 4344 791 4417 quid
847 4340 938 4413 ptioue
952 4338 1044 4413 aliqua
1063 4337 1196 4411 regularia
1216 4337 1330 4409 ieiunia,
1351 4346 1404 4395 hm
1428 4341 1540 4416 aestatis,
1564 4360 1645 4416 quam

81 4432 129 4486 ost
157 4432 254 4486 Nonne
283 4431 342 4502 ipsa
365 4433 509 4488 verborum
534 4433 664 4490 serenitas
690 4435 793 4507 absque
845 4431 953 4499 hiemis,
966 4432 1094 4490 observas
1109 4445 1116 4482 z
1133 4427 1197 4501 quia
1212 4434 1239 4483 et
1252 4435 1336 4501 prout
1351 4444 1384 4484 ea
1404 4430 1501 4487 tradita
1515 4440 1589 4499 sunt,
1605 4434 1647 4490 vis

84 4536 193 4589 prorsus
218 4521 309 4575 nubilo
331 4536 393 4575 sese
413 4522 540 4588 ostendit,
564 4529 592 4578 et
615 4521 792 4579 clarissimam
845 4536 1016 4589 conservare,
1036 4526 1063 4577 et
1083 4517 1240 4589 prolixioris
1259 4517 1428 4574 abstinentia
1442 4521 1644 4578 cumulatiorem

81 4608 113 4664 tis
128 4611 225 4679 lucem,
252 4619 354 4666 remoto
378 4610 497 4666 omnium
522 4611 633 4667 nubium
648 4613 792 4683 velamine,
846 4610 960 4667 fructum
985 4607 1114 4681 recipere.
1136 4606 1201 4680 Sed,
1217 4607 1291 4678 qaod
1311 4624 1380 4680 puro
1403 4606 1541 4663 charitatis
1555 4610 1645 4666 auimo

84 4700 158 4754 libus
172 4699 423 4754 manifestatrices
438 4698 563 4771 Magister
577 4701 695 4758 coelestis
708 4710 793 4759 totum
845 4700 953 4772 loquor,
983 4705 1044 4755 octo
1071 4697 1168 4753 diebus
1196 4695 1303 4753 Natalis
1331 4696 1450 4768 Domini,
1484 4698 1645 4769 Epiphania,

82 4799 194 4858 stuom,
217 4805 233 4844 o
256 4789 348 4853 trater,
373 4789 544 4859 simplicitate
568 4790 650 4856 oculi,
675 4790 728 4848 hoo
751 4798 793 4849 est
845 4786 1040 4852 Purificatione,
1073 4787 1119 4858 qui
1149 4802 1212 4843 vero
1239 4802 1288 4858 per
1315 4784 1407 4842 amnia
1432 4785 1492 4841 dies
1516 4787 1645 4844 dominici

81 4894 122 4934 rsa
135 4894 219 4949 opera
234 4885 287 4943 tua,
304 4878 428 4950 puritatis
451 4877 609 4943 intentione,
627 4875 716 4935 lucida
730 4895 791 4937 esse
845 4883 917 4946 suut,
938 4876 1041 4947 jejunia
1056 4890 1072 4930 a
1085 4874 1249 4947 quibuslibet
1269 4874 1407 4931 observari
1429 4889 1485 4931 uon
1508 4874 1574 4931 satis
1592 4891 1645 4947 ap-

95 4986 103 5020 :
126 4982 189 5022 eece
210 4975 269 5036 post
292 4968 382 5041 ipsum
404 4983 525 5023 summus
548 4967 676 5024 Ecclesiae
697 4968 792 5024 doctor
846 4966 942 5036 probo.
958 4961 1082 5034 Simplici
1096 4962 1174 5020 oculo
1188 4970 1215 5019 et
1237 4972 1265 5020 tu
1288 4962 1381 5032 uteris,
1397 4963 1442 5035 qui
1467 4969 1494 5019 et
1515 4964 1564 5045 hos
1586 4965 1645 5021 dies

80 5063 145 5110 rtua
160 5054 186 5107 in
201 5056 329 5112 charitato
348 5056 404 5112 ficri
420 5056 645 5128 praecipitzeoce
660 5054 791 5113 mammas
844 5069 914 5129 quos
939 5052 1062 5126 praedixi,
1089 5060 1116 5107 et
1144 5067 1251 5108 omnem
1284 5052 1465 5109 authenticam
1500 5053 1644 5112 duodecim

80 5143 216 5216 lpostolos
238 5144 414 5201 Ecclesiarum
439 5145 593 5211 instructor,
620 5159 726 5200 omnem
742 5143 791 5200 tibi
843 5145 991 5201 lectionum
1006 5143 1201 5199 solemnitatem
1216 5141 1251 5197 ab
1265 5143 1316 5198 hac
1336 5141 1502 5213 regularium
1523 5144 1643 5215 iejuuio·

80 5233 190 5292 volueris
206 5231 321 5288 faciendi
332 5234 640 5304 potestatem,charitate
655 5240 789 5300 manente,
843 5249 904 5288 rum
926 5230 1121 5288 cousuetudine
1140 5229 1243 5302 excipis
1264 5229 1350 5301 :quia
1371 5231 1462 5304 ipsura
1486 5233 1643 5304 Dominum,

81 5325 140 5381 dit:
159 5339 223 5379 rece
238 5323 306 5392 ipse,
322 5322 365 5377 cui
381 5322 513 5387 inniteris,
530 5321 689 5378 Benedictus
703 5330 788 5393 pater,
844 5323 907 5396 quia
928 5321 1083 5394 Apostolos,
1106 5321 1171 5392 quia
1194 5320 1325 5392 quosdam
1344 5321 1412 5378 alios
1435 5331 1589 5380 sauctorum
1618 5331 1646 5383 ct

80 5431 121 5473 cm
144 5416 184 5471 sio
207 5413 298 5470 onrnia
311 5420 461 5484 temperare
482 5413 567 5481 jubet,
583 5419 612 5468 ut
624 5410 721 5468 animia
734 5411 788 5468 sal-
843 5413 883 5471 sic
896 5413 1032 5469 honorare
1057 5409 1175 5476 conaris,
1189 5417 1217 5469 et
1230 5410 1351 5469 omnium
1364 5427 1435 5483 pene
1450 5412 1641 5488 religiosomm

80 5516 131 5564 ret
144 5522 265 5564 murmur
280 5504 366 5564 absit:
378 5513 404 5561 et
418 5502 497 5560 saluti
511 5502 561 5561 sub
578 5501 672 5561 cadem
686 5501 791 5577 ltcgula
843 5504 883 5561 sie
907 5500 1088 5577 jejunantium
1111 5514 1214 5559 morem
1232 5500 1331 5559 imitari
1350 5503 1491 5576 proponis.
1519 5503 1645 5580 Simplici
