3728 5940
73 91 121 154 2⁶¹
814 103 991 172 BPfoobdl.
1667 127 1721 195 pg2

71 218 207 294 mequod
215 220 273 293 jam
291 221 356 279 olim
375 222 472 282 fecisse
485 226 619 284 debueras
634 245 641 282 :
658 241 719 284 nam
732 229 798 287 olim
812 231 869 300 iam
884 228 911 312 Ι
926 233 1047 305 pluribus
1060 238 1234 312 comperitur,
1247 242 1377 312 arguitur,
1395 248 1578 321 emandstar;
1606 255 1677 314 sicat
1704 278 1719 317 a

71 324 192 368 voveras.
214 311 268 366 Sed
292 312 419 382 Spiritus,
451 316 508 388 qui,
528 315 596 372 sicat
623 317 669 373 ubi
689 319 755 387 vult,
786 321 870 377 itaet
923 326 1168 383 contrarioboaum
1192 345 1254 385 cum
1269 330 1371 400 videat,
1392 349 1486 393 omues
1510 341 1652 415 mirantur,
1675 363 1721 404 ve·

70 400 176 472 quaudo
190 399 258 467 tuit,
274 402 370 473 spirat,
391 407 505 460 necdum
524 407 683 478 spiraverat.
703 408 738 466 st
766 409 869 465 idcirco
924 424 1058 484 uersatur,
1071 416 1217 477 imitantur.
1240 419 1319 475 Vides
1343 437 1420 496 ergo,
1441 424 1506 496 fllia,
1523 432 1595 499 quod
1617 445 1644 490 et
1672 445 1720 494 tua

69 488 180 545 forsitan
196 491 267 562 qaod
293 491 432 564 bucusque
446 493 536 566 egisti,
553 494 751 551 excusationem
777 497 867 556 babet.

68 578 200 635 ceteram
224 578 247 632 si
261 578 441 635 flammantem
461 581 594 653 spiritum,
605 597 658 654 quo
673 600 744 639 nunc
758 585 869 640 recaluit

67 667 122 722 siae
136 666 222 723 dubio
235 682 283 724 cor
303 674 380 722 tuam
398 669 468 725 iutra
487 680 521 733 te,
538 681 565 725 et
588 672 615 725 iu
642 672 866 728 meditationibus

67 757 117 812 tuis
145 757 367 813 exardescentem
392 759 482 830 iguem
505 761 626 816 divinum
649 761 707 831 jatn
731 745 866 833 exstingui

66 845 232 917 permiseris,
256 847 320 918 qaid
343 855 434 912 restat,
466 848 516 902 nisi
545 859 573 904 ut
599 859 624 904 te
644 849 682 904 illi
707 853 865 906 servandam

64 935 301 1011 uouerisigairqui
317 952 370 993 noa
385 938 472 1009 possit
486 939 644 1012 exstingai?
658 940 712 994 Sed
726 940 866 1013 extinguat

62 1024 155 1096 potius
174 1024 246 1079 idem
261 1024 378 1097 Spiritus
393 1026 421 1080 ia
435 1033 462 1080 te
476 1027 712 1098 concupiscentias
731 1030 864 1096 carnales,

63 1129 95 1171 ne
109 1112 184 1169 forte
198 1114 231 1167 ab
247 1113 287 1168 ftis
300 1113 446 1185 praefocato
462 1117 545 1186 (qaod
556 1116 626 1172 absit
638 1115 656 1186 f}
675 1132 759 1188 nuper
769 1133 865 1175 conce·

60 1210 108 1276 pto
123 1210 219 1258 sancto
232 1202 377 1269 desiderio,
400 1203 569 1260 inflammas
596 1205 720 1280 contigat
746 1206 865 1263 incidero

61 1291 238 1365 gehennales.

327 1416 493 1475 EPISTOLA
519 1417 602 1474 CXV.

62 1539 99 1579 aa
116 1538 204 1579 sumit
224 1539 469 1581 ssxcrtrtoutaatttt
487 1542 523 1581 aa
545 1541 724 1584 xossaresto

279 1611 375 1653 usare
388 1612 543 1653 anscausus
563 1598 649 1670 (317).

59 1701 250 1762 Dluaadclci
263 1719 399 1775 cremam,
415 1708 618 1832 quqmbattemcrc
628 1712 658 1763 ct
667 1708 865 1780 iatprudcalcr·

385 1792 485 1850 appec
536 1817 543 1830 .

98 1902 125 1952 t.
143 1897 265 1955 Relatum
281 1907 323 1955 est
336 1899 401 1954 mibi
417 1907 451 1967 te,
467 1899 544 1971 quasi
563 1901 708 1972 asperioris
723 1901 787 1958 titoe
809 1903 861 1959 dc-

59 1987 175 2053 siderio,
192 1995 269 2043 tuum
298 1989 491 2044 monasterium
517 1989 587 2045 velle
615 1992 750 2046 descrere.
775 1991 863 2061 Quam

59 2091 122 2132 reta
141 2076 360 2134 dissuadentibus
375 2077 422 2134 tibi
440 2086 520 2150 atque
536 2078 701 2135 omnimodis
715 2081 862 2150 probibea-

60 2164 139 2220 tibus
150 2165 283 2238 spirituali
296 2167 375 2222 matri
389 2175 451 2231 tuoe,
467 2166 525 2224 sitta
553 2168 701 2237 sororibus,
730 2184 791 2223 cttm
813 2186 862 2224 ac-

59 2254 206 2325 quiescere
224 2255 320 2320 aolles,
336 2255 469 2326 placuisse
495 2259 601 2313 tandem
634 2264 755 2313 nostrum
780 2273 863 2329 super

60 2343 113 2398 boc
128 2342 271 2399 consilium
285 2344 387 2416 eligere
403 2362 410 2402 :
428 2353 457 2400 tu
470 2344 603 2416 quidquid
619 2360 671 2416 ego
687 2346 862 2415 laudaverim,

61 2432 89 2488 id
106 2431 154 2487 tibi
171 2432 268 2488 credas
281 2433 419 2504 expedire.
435 2434 576 2490 Debueras
588 2435 697 2506 quidem
711 2435 860 2492 doctiorem

61 2523 94 2577 ad
108 2522 162 2577 boc
176 2521 321 2578 consilium
331 2521 433 2595 aligera
448 2541 455 2577 ε
473 2522 537 2593 quia
553 2532 644 2578 tamea
660 2522 699 2580 sic
713 2523 760 2579 tibi
774 2525 861 2581 visum

62 2621 113 2679 est,
127 2611 202 2682 quod
222 2613 285 2667 binc
299 2611 365 2667 mibi
380 2612 480 2668 rectius
499 2611 611 2678 videtur,
637 2628 690 2668 aoa
718 2613 788 2669 celo.
808 2615 864 2671 lfac

62 2703 152 2772 itaque
167 2707 245 2755 tuum
259 2699 423 2756 desiderium
440 2717 473 2755 ex
488 2716 542 2771 qao
557 2700 695 2772 cognitum
705 2701 798 2769 habai,
813 2718 863 2758 co-

61 2789 152 2861 gitans
165 2796 251 2860 atque
261 2789 415 2861 recogitans
428 2788 602 2860 quoquidem
613 2787 711 2860 spiritu
726 2804 862 2863 concepe-

62 2879 110 2943 ris,
126 2877 205 2933 facile
217 2877 342 2947 iudicare
357 2894 411 2934 noa
425 2878 523 2934 audeo.
547 2877 626 2936 Potes
640 2894 757 2949 namque
772 2879 798 2933 ia
812 2880 862 2935 bac
879 2879 901 2960 c
916 2905 1020 2976 effipia„
1043 2904 1140 2960 Sanc„
1155 2907 1203 2960 es‘?

63 2982 90 3022 re
104 2968 195 3023 zelum
210 2968 260 3022 Dei
279 2967 388 3036 babere,
405 2975 433 3023 at
447 2967 612 3024 excusabilis
631 2968 666 3022 sit
681 2968 859 3039 tuainteati03

61 3056 109 3113 sed
124 3056 264 3127 quomodo
282 3056 430 3112 secundam
445 3056 584 3112 scientiam
605 3064 650 3112 tua
665 3055 723 3111 talis
737 3057 864 3112 voluntas

62 3143 221 3216 impleatur,
236 3144 349 3202 antuino
364 3160 418 3200 noa
432 3146 522 3202 video.
538 3144 605 3210 Cur,
626 3144 735 3217 inquis?
752 3160 805 3200 uoa
820 3151 863 3201 est

62 3248 169 3304 sapere,
185 3241 215 3288 ut
224 3233 400 3306 opulentiam,
417 3242 446 3288 ut
462 3233 535 3288 urbis
551 3235 740 3304 frequentiam,
756 3241 786 3289 at
798 3235 862 3304 pin-

63 3322 128 3394 guia
142 3321 248 3396 fugiam
262 3324 290 3379 et
310 3321 441 3378 delicias?
463 3338 555 3379 annon
571 3337 629 3377 moa
648 3323 714 3377 tnibi
734 3322 863 3395 pudicitia

63 3410 146 3468 tutior
160 3411 255 3466 aritia
273 3426 373 3481 eremo,
398 3412 445 3467 ubi
466 3413 494 3466 ia
516 3427 580 3482 paca
602 3426 664 3467 cum
690 3412 792 3483 paucis,
818 3420 864 3468 aut

62 3500 121 3557 tola
140 3516 313 3566 eontanas,
329 3500 378 3556 soli
394 3500 514 3574 placeam
537 3500 580 3555 cai
595 3517 638 3557 me
658 3500 794 3571 probavit
808 3501 861 3556 Ne·

62 3605 212 3662 quaquam.
227 3590 296 3646 Nam
309 3588 411 3645 volenti
429 3605 568 3660 perperam
582 3605 672 3663 agere,
684 3596 711 3644 et
725 3590 862 3645 desertam

62 3677 255 3736 abundantiam
269 3678 361 3745 babet,
374 3688 401 3733 ct
415 3693 511 3733 uentus
526 3678 658 3748 ambram,
676 3686 703 3732 et
726 3676 862 3732 silentium

63 3765 194 3823 solitudo.
210 3765 309 3821 fdalum
322 3765 421 3837 quippe
434 3767 506 3838 qaod
521 3782 601 3823 uento
620 3765 703 3832 videt,
720 3782 799 3822 nemo
819 3783 863 3821 at·

64 3855 133 3928 guit.
146 3853 198 3909 Ubi
217 3863 374 3911 autemnon
390 3854 497 3911 timetur
519 3855 711 3926 reprehensor,
739 3853 862 3910 securius

63 3943 167 3999 sarmit
182 3952 307 4009 tentator,
336 3944 459 4000 licentias
486 3943 804 4016 perpetraturiaiquites.
834 3944 864 3998 ιιι

64 4039 285 4089 contentusero
304 4033 376 4090 bona
390 4033 413 4088 si
427 4050 480 4105 qua
506 4032 583 4100 facis,
604 4048 685 4090 acmo
715 4032 861 4105 probibet:

65 4122 169 4179 malum
188 4120 374 4179 tutetufaccro
388 4122 413 4178 si
431 4121 481 4189 sis,
497 4121 634 4178 nonlicet.
654 4122 717 4178 blox
731 4119 828 4176 etenim
849 4137 863 4174 a

100 4305 181 4380 (317)
197 4308 334 4365 Hactenus
347 4316 483 4380 superstat
511 4306 583 4379 apud
596 4308 696 4364 Trecas
725 4306 797 4362 istud
811 4322 866 4363 tao

64 4379 218 4436 nestorium
228 4381 279 4435 sab
293 4380 395 4453 llegufa
410 4380 439 4435 S.
458 4379 613 4437 Benedicti:
627 4379 674 4436 ubi
693 4377 788 4452 religio
809 4386 865 4432 tam

65 4453 198 4508 innovata
211 4460 280 4517 erat,
301 4459 369 4508 teste
384 4452 530 4506 Beraardo.

101 4522 182 4594 (318)
197 4520 296 4604 Vulgo,
313 4523 337 4578 le
351 4523 403 4580 bort
418 4523 514 4591 ordre;
530 4521 622 4586 idest,
638 4531 788 4578 accuratam
804 4522 865 4578 tritta

66 4592 227 4650 monasticae
241 4594 422 4663 disciplinam.

103 4667 182 4734 (313)
211 4665 342 4721 Fuithaec
355 4666 433 4720 Alani
455 4663 559 4720 comitis
583 4663 682 4733 coniux
707 4665 735 4718 in
764 4665 866 4719 Clarae-

67 4737 212 4792 Vallenses
236 4740 352 4792 maxime
385 4735 515 4800 benefica,
551 4735 649 4805 quibus
677 4736 866 4791 monasteriam

66 4811 145 4879 juxta
160 4812 256 4864 arbom
271 4809 421 4864 Naanetum
435 4807 595 4875 construxit,
619 4814 685 4863 teste
706 4808 824 4863 Eritafdo
839 4806 865 4860 ia

70 4880 143 4935 libro
157 4882 175 4933 2
190 4879 224 4933 de
239 4879 297 4934 Vita
312 4880 398 4934 sancti
420 4876 557 4946 Betaardi,
580 4894 608 4932 n.
630 4880 681 4946 ³43
705 4889 732 4933 et
758 4877 867 4950 quidem

68 4966 142 5006 auno
161 4952 242 5018 1135,
265 4967 298 5006 ex
313 4950 496 5031 Cbroaologia
511 4958 614 5005 nostra.
630 4950 801 5005 bfoaasterio
820 4964 867 5003 vo·

68 5025 200 5079 cabutam
222 5032 249 5077 et
267 5022 404 5087 Buzeiam,
423 5036 467 5076 cat
486 5021 567 5076 modo
595 5028 692 5092 praeest
716 5019 866 5075 illustrissi-

922 502 1016 559 mcrita
1029 505 1171 561 immanior
1184 507 1210 562 ia
1225 518 1359 566 coaventu
1375 512 1462 584 gloria
1477 518 1609 588 sequitur,
1631 532 1658 578 et
1680 527 1720 580 ci·

921 589 974 645 tior
988 595 1127 664 culpatam
1142 597 1273 652 correctio
1289 615 1295 650 ι
1316 602 1424 670 quando
1440 604 1476 658 ibi
1499 616 1570 676 suat,
1592 613 1719 682 etqaibus

920 682 954 733 de
969 681 1048 737 bonis
1062 686 1212 753 exemplum
1232 688 1361 756 praebeas,
1387 700 1413 745 et
1431 709 1497 762 quas
1524 698 1654 755 damulis
1674 702 1716 758 of-

921 770 1024 825 feadas.

955 864 981 914 2.
998 862 1119 933 Denique
1131 872 1161 917 ut
1174 880 1206 919 ex
1222 864 1265 919 illa
1280 868 1433 939 evangelica
1447 874 1590 941 partitione
1605 892 1714 937 omnem

918 948 965 1003 tibi
981 948 1100 1005 auferam
1120 953 1157 1006 tui
1172 955 1370 1011 excasationem
1388 961 1499 1027 erroris,
1527 975 1573 1019 aat
1586 967 1621 1021 de
1636 967 1717 1024 fatuis

917 1036 1069 1105 virginibus
1083 1054 1136 1095 atta
1151 1056 1181 1096 es
1196 1042 1230 1110 (ei
1251 1050 1341 1098 tamea
1358 1046 1434 1118 virgo
1454 1050 1504 1120 es),
1531 1061 1576 1107 aut
1595 1053 1629 1107 de
1654 1072 1717 1126 prtt·

918 1125 1041 1181 dentibus
1053 1128 1162 1197 (Marti.
1179 1145 1247 1201 xxv,
1260 1133 1343 1202 ι-ιιι.
1359 1134 1386 1188 Si
1395 1136 1429 1190 dc
1440 1137 1717 1214 futttis,coagrcgatio

920 1212 966 1267 tibi
982 1218 1133 1273 necessaria
1145 1227 1185 1273 est
1205 1238 1211 1274 :
1228 1221 1250 1274 si
1266 1220 1300 1275 da
1315 1224 1504 1296 prudentibus,
1520 1237 1547 1284 ta
1565 1245 1716 1305 cougrega-

919 1302 995 1358 tioni.
1013 1305 1078 1359 Nam
1094 1307 1117 1361 si
1143 1308 1250 1379 sapiens
1275 1317 1301 1364 et
1328 1314 1441 1381 probata
1460 1331 1498 1382 es,
1521 1317 1617 1392 religio
1644 1330 1718 1379 certa

919 1408 979 1462 quae
992 1392 1038 1449 illo
1053 1394 1082 1448 in
1101 1394 1161 1451 loco
1176 1398 1280 1455 aoriter
1296 1400 1418 1456 innovata
1442 1420 1514 1462 nuuc
1528 1407 1631 1480 ubique
1655 1411 1716 1466 fau·

919 1481 1133 1547 datar‚multum
1155 1493 1199 1539 ttta
1220 1486 1387 1544 discessione
1415 1490 1589 1551 infamabitur
1618 1507 1645 1554 et
1674 1499 1716 1554 ia-

748 1543 865 1585 mffl
883 1557 906 1636 Ι
919 1570 1076 1638 firmabitur,
1092 1580 1122 1627 ut
1136 1573 1272 1632 timemus.
1295 1577 1406 1633 Dicetur
1420 1580 1522 1651 quippe
1533 1583 1618 1655 qaod,
1645 1586 1717 1643 bona

917 1673 979 1714 cum
1000 1658 1047 1724 sis,
1065 1662 1165 1715 bonum
1179 1663 1300 1717 ordinem
1316 1666 1391 1737 (318)
1410 1684 1579 1741 nequaquam
1604 1673 1715 1731 desere·

918 1763 971 1804 ros.
987 1746 1064 1817 Quod
1088 1750 1111 1805 sl
1135 1751 1207 1806 fatas
1221 1752 1330 1824 cognita
1358 1770 1396 1820 es,
1413 1765 1438 1812 et
1462 1759 1577 1830 recedis,
1591 1762 1714 1820 dicemus

917 1838 1000 1908 qaod,
1022 1838 1157 1908 quiscum
1173 1839 1252 1896 bouis
1269 1840 1338 1897 male
1363 1843 1452 1899 viuere
1467 1861 1520 1901 noa
1536 1847 1609 1919 ficet,
1624 1851 1713 1907 bonas

916 1925 986 1979 mala
1001 1941 1054 1981 aon
1070 1925 1168 1996 ferens,
1184 1929 1285 1999 quaetis
1300 1930 1344 1986 ubi
1361 1932 1449 1987 vivere
1479 1934 1557 1992 liceat
1579 1945 1609 1992 ut
1636 1938 1713 1996 libet.

916 2016 950 2070 Et
965 2016 1071 2073 merito.
1093 2019 1158 2072 batn
1172 2025 1236 2074 antc
1254 2019 1364 2076 Ordinis
1392 2024 1611 2082 emendationem
1643 2045 1714 2085 nua-

916 2120 1006 2176 qaam,
1017 2116 1046 2162 ut
1064 2106 1147 2176 aaut,
1163 2108 1224 2163 iude
1238 2108 1327 2165 locuta
1341 2126 1382 2178 cs3
1402 2119 1430 2165 at
1447 2112 1491 2168 ubi
1507 2114 1604 2187 religio
1618 2120 1712 2184 crevit,
1766 2167 1769 2172 .

915 2196 1032 2250 sanctior
1055 2196 1144 2254 subito
1168 2197 1246 2269 facta,
1281 2198 1385 2256 fervore
1417 2204 1555 2272 repentino
1593 2209 1714 2280 cogitare

916 2284 1016 2354 coepisti
1035 2286 1069 2339 de
1096 2302 1196 2353 eremo,
1217 2287 1353 2358 Agnosco,
1370 2288 1433 2359 filia,
1459 2307 1590 2363 agnosco,
1611 2296 1713 2352 atinam

915 2380 943 2428 et
959 2383 986 2427 tu
1006 2390 1110 2429 mecam
1132 2390 1274 2446 agnoscas,
1293 2377 1474 2447 serpentinum
1494 2381 1579 2446 tiras,
1601 2383 1714 2439 frauda·

916 2461 980 2516 tenti
999 2463 1101 2530 dolam,
1116 2463 1265 2532 versipellis
1279 2464 1414 2519 astutiam.
1440 2468 1470 2521 ln
1494 2484 1604 2527 tternorc
1633 2473 1714 2541 lupus

916 2550 1027 2607 habitat.
1046 2549 1128 2607 ¹25
1138 2550 1166 2605 Si
1182 2551 1239 2606 sola
1254 2552 1359 2608 ovicula
1375 2555 1484 2611 umbras
1498 2560 1615 2616 tremoris
1627 2578 1713 2632 pette-

916 2648 981 2706 tras,
1001 2640 1092 2709 praeda
1105 2639 1146 2695 uis
1159 2656 1218 2696 esse
1232 2641 1306 2712 lupo.
1323 2642 1377 2697 Sed
1391 2644 1454 2699 audi
1475 2661 1530 2717 me,
1550 2645 1613 2714 filia,
1633 2648 1713 2707 fidele

916 2727 979 2784 audi
993 2727 1145 2784 consilium.
1162 2728 1223 2784 Sive
1239 2731 1386 2799 peccatrix,
1403 2732 1459 2785 site
1481 2741 1573 2788 sancta
1593 2734 1643 2806 sis,
1657 2737 1713 2793 noli

915 2825 1105 2887 tesepatarea
1133 2832 1227 2890 grege
1246 2819 1389 2889 aequando
1400 2818 1496 2891 rapiat,
1512 2829 1539 2876 et
1553 2838 1606 2879 aon
1622 2823 1711 2896 sitqui

1217 2905 1296 2961 stude
1324 2917 1369 2962 tao
1390 2908 1516 2979 exemplo
1545 2917 1598 2966 tuta
1625 2913 1714 2968 socias

916 2994 1053 3066 acquirere
1076 2993 1233 3050 sanctitatis.
1247 2994 1381 3050 Peccatrix
1411 3011 1440 3050 es
1450 2996 1465 3050 f
1477 2999 1530 3054 noli
1543 2999 1644 3056 addere
1654 3017 1707 3072 pes

915 3091 973 3138 cata
1001 3081 1129 3154 peccatis,
1155 3083 1201 3138 sed
1235 3098 1286 3154 age
1318 3083 1503 3153 poeaitentiam
1522 3085 1569 3140 ubi
1599 3103 1650 3143 ea:
1680 3106 1714 3147 aa

915 3170 1055 3225 discedens
1067 3184 1128 3224 curn
1143 3171 1180 3224 tui
1194 3172 1300 3241 quidem
1316 3171 1446 3240 periculo,
1463 3183 1490 3228 ttt
1506 3181 1647 3232 ostensum
1661 3187 1713 3245 est,

914 3270 940 3317 et
954 3260 1091 3317 sororibus
1106 3260 1260 3316 scandalum
1283 3261 1430 3332 relinquas,
1461 3274 1487 3318 et
1517 3265 1667 3323 maltorum
1685 3267 1714 3324 iu

916 3361 940 3409 te
956 3364 1085 3422 proteres
1100 3348 1296 3405 detrahentium
1313 3349 1430 3422 linguas.

1172 3448 1341 3504 EPISTOLA
1359 3448 1453 3506 cxvi.

1013 3563 1051 3606 eo
1066 3562 1281 3605 sausxasttatttt
1295 3563 1429 3611 ouortatx
1443 3565 1614 3611 cotttrtssstt

1178 3634 1335 3676 aatuxttruat
1354 3623 1440 3693 (313).

915 3720 1058 3791 affectam
1083 3720 1128 3776 sai
1151 3718 1250 3779 cordis.
1273 3722 1380 3800 etaim
1397 3721 1534 3805 religiosae
1552 3720 1714 3779 dilectionis

1041 3792 1168 3848 suaviter
1188 3793 1216 3844 of
1238 3791 1428 3860 [cantitarifer
1447 3794 1586 3848 tasiaaaf.

951 3887 1063 3943 Dilectae
1075 3887 1101 3940 in
1121 3885 1226 3940 Christo
1241 3883 1302 3940 tiliae
1317 3902 1373 3940 suae
1393 3885 1593 3958 aaaaacaant,
1622 3906 1712 3961 quon-

916 3976 977 4031 dam
992 3973 1098 4028 eximite
1112 3973 1266 4038 comitissae,
1286 3988 1357 4027 nuuc
1373 3973 1466 4027 bamili
1479 3974 1577 4030 Christi
1592 3976 1712 4044 ancillae,

915 4067 1084 4122 Bassianus
1112 4063 1197 4119 abbas
1211 4060 1406 4128 Clarae-Vallis,
1421 4062 1495 4133 pium
1509 4072 1610 4122 saactae
1625 4065 1712 4124 dilcc-

917 4154 999 4210 tionis
1023 4151 1164 4208 affectum.

918 4305 1018 4362 aardas
1031 4303 1115 4358 abbas
1129 4299 1322 4366 Clarae-Vallis,
1345 4299 1380 4355 ad
1399 4299 1478 4372 cujus
1505 4301 1637 4358 abbatiam
1661 4304 1714 4359 lla·

919 4393 997 4434 zeasa
1016 4373 1169 4431 coeaobium
1185 4375 1330 4443 spectabat,
1341 4383 1369 4428 et
1382 4373 1472 4428 focam
1487 4375 1716 4445 penedesolatam

920 4452 1025 4516 videas,
1041 4448 1211 4502 vehementer
1224 4442 1334 4498 doluit:
1358 4453 1413 4498 ret
1437 4460 1492 4510 mc,
1510 4464 1521 4496 a
1552 4447 1641 4517 iuquit
1658 4448 1715 4502 Go-

921 4536 1016 4584 nanas,
1034 4536 1046 4569 r
1062 4516 1139 4588 quasi
1156 4513 1287 4586 perfidum
1302 4529 1332 4569 ac
1347 4514 1502 4570 mendacem
1524 4517 1715 4573 austerissimis

919 4588 1146 4659 increpationibus
1161 4585 1338 4654 redarguens,
1355 4585 1445 4640 abbati
1460 4600 1492 4640 ac
1507 4586 1640 4654 fratribus,
1666 4588 1713 4658 qui

918 4662 1017 4716 ibidem
1041 4660 1223 4721 morabantur,
1244 4664 1273 4710 ut
1288 4656 1379 4711 locutn
1404 4656 1596 4727 relittquercat,
1626 4664 1653 4711 et
1680 4660 1712 4712 ad

919 4731 1139 4790 Claram-Vallem
1175 4727 1304 4791 redirent,
1338 4727 1518 4797 imperavit.»
1560 4729 1716 4783 Intercessit

921 4807 1101 4872 Conaaus,ct
1125 4799 1256 4856 restitutis
1289 4814 1357 4869 qaas
1384 4797 1529 4853 abstulerat
1557 4798 1715 4853 monasterii

922 4872 1142 4939 rebas,aedif1cia
1161 4869 1253 4943 perfici
1267 4870 1381 4926 curauit.
1405 4869 1512 4923 Litteris
1540 4868 1717 4924 subscribunt

921 4946 1041 5017 episcopi
1056 4945 1193 4998 Rotaudas
1207 4940 1376 5009 VeaetensiS,
1400 4940 1500 4993 Alanus
1519 4937 1716 5004 thedoueasis,

919 5020 1038 5073 loannes
1052 5012 1245 5077 bfaclottleasis,
1257 5019 1283 5066 et
1296 5011 1392 5067 iterius
1407 5009 1596 5080 Nanaetensis,
1613 5019 1640 5065 et
1655 5025 1717 5067 oum

69 5110 133 5150 mus
154 5093 240 5149 abbas
265 5092 495 5149 Caumartinas.a
521 5106 574 5162 quo
602 5089 741 5163 primarias
767 5090 868 5147 conditi
919 5091 958 5145 eis
975 5090 1067 5143 Petrus
1087 5084 1169 5141 abbas
1189 5083 1312 5152 ejusdem
1333 5079 1458 5146 coeaobii,
1489 5087 1568 5152 atque
1594 5081 1717 5163 Andreas

68 5165 191 5222 coeaobii
207 5164 308 5221 litteras
331 5163 494 5237 accepimus.
518 5163 564 5218 ftis
584 5164 611 5218 ia
634 5160 728 5217 litteris
757 5168 868 5217 testatur
920 5161 1079 5218 monachas.
1096 5158 1136 5237 dd
1152 5154 1361 5235 Erateagardem
1376 5158 1406 5232 at
1418 5159 1597 5234 reuertamur,
1613 5152 1714 5209 Goffrr·

69 5240 125 5295 dux
144 5236 283 5306 Coaauus,
299 5237 377 5293 Alani
392 5253 424 5288 ex
439 5234 621 5306 Ermengarda
644 5233 726 5297 tilius,
757 5249 787 5289 se
814 5248 868 5288 utta
921 5231 1070 5287 dusabbas
1090 5226 1295 5282 thdoctaeasts
1317 5240 1344 5277 ta
1365 5222 1425 5277 ltbrt
1449 5226 1563 5292 beptst.
1596 5227 1630 5279 23
1657 5241 1716 5280 eatn

68 5326 134 5366 cam
163 5318 316 5364 matresua
338 5307 472 5362 abbatiam
501 5305 628 5361 fluzeium
653 5305 787 5361 aedificare
808 5312 867 5358 sta-

70 5381 170 5448 tuisse,
186 5378 426 5452 sedquommdam
440 5376 549 5433 sinistro
563 5378 694 5446 deceptos
708 5375 820 5431 consilio
834 5375 868 5431 ab
920 5389 1003 5446 aquo
1018 5368 1160 5426 deflexisse
1184 5366 1319 5422 visaerat.
1349 5364 1424 5420 Idem
1438 5364 1524 5424 Goffri

70 5453 193 5526 incoepto
210 5449 346 5508 destitisse
359 5452 422 5505 duat
440 5447 552 5506 ueniens
569 5445 597 5501 ia
616 5445 675 5502 illas
697 5453 786 5518 partes
798 5447 869 5502 fier·

921 5305 1042 5360 bortatar
1057 5298 1090 5354 ad
1105 5293 1296 5353 resumendam
1311 5296 1372 5348 ttitae
1386 5294 1712 5421 religiosaeJttoposltura,

928 5444 1026 5518 pistofa
1044 5446 1175 5512 sequente
1195 5437 1298 5511 regiam
1312 5437 1419 5508 prolem
1439 5382 1578 5511 appellaltl.s
1596 5382 1655 5424 eam
1685 5383 1714 5425 m
