3728 5940
730 162 806 224 trra
819 157 846 219 s.
860 154 1053 219 halatffla.
1652 150 1737 233 rora'

386 291 498 349 CAPUT
511 292 545 348 ll.
887 297 910 377 Α
925 286 1287 359 bmptmjusttttasaetem
1297 295 1431 351 tuesnoa
1440 310 1505 352 acm
1514 296 1617 356 oblitas
1626 298 1714 370 (Ptol.

273 382 418 452 perimite
431 383 497 438 ptcoe
512 383 690 439 tiroeinium,
929 389 1025 441 csrrrr,
1044 379 1115 449 tat).
1142 379 1175 439 Et
1188 379 1298 436 sedebat
1317 382 1424 439 interim
1447 382 1677 461 solitarius,1quia
1693 395 1722 447 at

112 473 138 525 h.
153 471 220 526 Erat
248 470 329 525 horno
344 468 371 523 in
385 468 494 525 civitate
516 468 665 525 hrdmacha
683 469 752 540 (ipsa
780 472 832 535 est,
847 463 874 519 in
928 461 987 517 sino
1000 464 1083 533 molo,
1099 477 1125 524 et
1152 469 1211 526 sine
1225 469 1359 542 exemplo.
1385 469 1453 541 Quis
1472 471 1543 526 enim
1557 482 1620 530 anta
1634 478 1722 534 hiala-

73 573 126 628 qua
140 558 219 614 alitus
233 567 276 614 est
299 556 464 629 llalachias),
493 565 520 613 et
539 559 617 613 homo
645 557 690 612 ille
717 549 875 619 mortuae
927 551 1016 609 chiam
1031 557 1260 616 districtissimum
1280 560 1331 616 viri
1346 561 1516 633 propositum
1528 562 1569 617 rel
1585 566 1722 634 cogitaret

75 655 190 703 austerae
205 647 351 703 admodum
364 646 436 713 ritae,
462 645 636 703 inexorabilis
650 645 796 717 castigator
810 657 873 700 cor·
927 648 1082 702 attentaret
1097 649 1201 719 Nempe
1213 649 1337 706 mirabile
1352 650 1478 706 omnibus
1490 651 1646 718 habebatur,
1663 671 1722 712 non

73 736 150 808 poris
166 736 218 802 sui,
235 736 332 793 cellam
348 736 451 793 habens
467 734 711 805 juxtaecclesiam.
727 735 756 788 ln
770 747 802 788 ea
816 746 874 786 nra·
926 733 1064 793 imitabile.
1093 738 1238 795 llalachias
1264 740 1394 796 imitabile
1423 741 1569 811 persuasit,
1600 743 1723 802 sedendo

73 824 164 895 nebat,
186 824 298 894 jejuniis
322 833 350 880 et
373 823 610 881 obsecrationibus
633 824 756 880 sarriens
779 820 823 874 die
843 834 873 874 ac
927 823 1066 892 duntaxat,
1087 835 1114 883 et
1126 829 1250 884 tacendo.
1267 828 1339 884 lntra
1354 843 1459 900 paucos
1473 829 1532 885 dics
1545 829 1642 886 hebuit
1659 831 1722 887 imi·

72 919 164 968 nocte.
180 913 222 968 Ad
239 913 311 969 hunc
326 928 355 968 se
368 913 482 969 contulit
502 910 656 978 Malachiae,
681 911 797 966 lormam
810 908 872 963 rite
926 917 1028 969 tutores
1043 929 1098 970 non
1113 931 1223 986 paucos,
1242 925 1402 986 prouocatos
1417 918 1542 988 exemplo
1555 918 1607 977 sui.
1624 919 1721 991 ltaqui

71 1009 233 1070 accepturus
247 1002 281 1056 ab
295 1018 338 1065 eo,
355 1002 507 1073 quiritum
524 1018 554 1057 se
569 1002 615 1057 tali
630 1004 805 1057 damnauerat
823 1013 869 1053 se·
924 1000 1013 1071 primo
1029 1002 1166 1061 solitarius
1180 1006 1260 1075 sedit,
1277 1015 1305 1062 ct
1332 1005 1428 1062 unicus
1452 1007 1534 1077 patris
1551 1007 1603 1074 sui,
1619 1008 1650 1066 fit
1660 1010 1718 1079 jam

70 1090 189 1161 pultum.
204 1092 238 1147 Et
253 1091 315 1146 ride
330 1091 554 1147 humilitatem
581 1091 712 1162 primeva
739 1095 817 1145 aetate
843 1085 871 1141 in
925 1104 994 1143 unus
1009 1105 1042 1146 ex
1069 1093 1171 1160 multis,
1197 1095 1226 1148 tit
1256 1109 1289 1149 ex
1314 1094 1454 1167 unigenito
1478 1095 1717 1169 primogenitusin

70 1188 164 1236 sancta
177 1189 235 1234 arte
252 1180 414 1252 magistrum
428 1181 518 1253 (quod
533 1181 645 1236 dubium
672 1179 794 1249 nonest)
818 1176 869 1232 ha·
925 1175 1015 1231 multis
1029 1177 1168 1237 fratribus.
1193 1181 1226 1236 Et
1245 1191 1275 1236 ut
1294 1182 1367 1252 prior
1392 1181 1419 1236 in
1434 1183 1621 1250 conversione,
1637 1185 1676 1240 ita
1689 1186 1717 1241 in

69 1269 164 1324 buerat
184 1270 270 1325 Deum
288 1283 295 1320 τ
311 1280 338 1324 et
352 1286 414 1326 ecca¹
442 1270 527 1327 lactus
545 1280 585 1325 ast
606 1270 695 1324 denuo
722 1266 870 1336 discipulus
924 1268 1130 1322 conversatione
1146 1269 1308 1327 sublimior:
1337 1269 1425 1343 etqui
1448 1279 1509 1327 anto
1523 1288 1616 1328 omnes
1631 1274 1715 1342 venit,

67 1356 196 1427 hominis,
213 1359 294 1414 bomo
309 1358 380 1413 mitis
399 1366 427 1414 et
448 1358 557 1413 humilis
575 1359 668 1414 eorde.
684 1356 712 1411 st
730 1355 871 1412 nesciebat·
924 1354 1043 1409 omnium
1054 1356 1161 1425 judicio
1177 1374 1259 1428 supra
1275 1374 1371 1414 omnes
1383 1359 1491 1416 emicuit
1514 1359 1542 1414 in
1554 1361 1663 1420 virtute.
1685 1364 1718 1419 Et

67 1462 137 1512 mus,
153 1448 206 1502 hoc
221 1447 263 1502 vel
283 1447 343 1504 solo
357 1448 436 1502 nobis
456 1448 516 1519 ipse
530 1446 664 1518 probarit.
690 1446 793 1519 Legunt
806 1444 868 1511 hcc,
924 1443 1022 1515 dignus
1038 1443 1111 1500 visua
1121 1454 1164 1500 est
1177 1446 1305 1517 episi-opo
1318 1447 1416 1517 pariter
1427 1455 1453 1503 et
1464 1448 1603 1521 magistro,
1620 1451 1667 1522 qui
1682 1452 1716 1506 ad

68 1533 228 1607 quidocere
243 1551 305 1607 quae
325 1550 382 1591 non
408 1535 528 1593 didicere
559 1542 692 1591 conantur
720 1532 869 1603 discipulos
886 1532 1028 1648 Bdiaconi
1043 1533 1158 1605 gradum
1178 1542 1396 1606 promoveretur.
1424 1536 1458 1592 Et
1471 1548 1618 1612 coegerunt
1640 1554 1713 1595 eum.

67 1623 118 1678 sibi
133 1631 333 1693 coacervantes,
350 1624 396 1697 qui
421 1639 560 1697 nunquam
579 1621 706 1692 discipuli
727 1618 865 1687 exstitere,
1222 1624 1335 1680 CAPUT
1348 1625 1395 1680 Ill.

64 1711 128 1766 caeci
142 1711 225 1767 ducos
239 1725 382 1768 cecorum.
392 1711 535 1767 llalaehias
550 1710 645 1766 doctus
663 1724 679 1762 a
693 1709 761 1775 Deo,
774 1706 868 1762 docto-
1013 1711 1160 1768 Ordinibus
1175 1712 1309 1770 initiatas
1324 1715 1446 1786 episcopi
1457 1716 1528 1773 uires
1541 1719 1625 1788 perit.

64 1815 120 1854 rem
148 1799 233 1855 nihilo
260 1817 350 1855 munus
374 1799 499 1871 quaesiuit
521 1797 675 1864 hominem,
697 1805 723 1854 et
756 1796 866 1868 quidem
956 1801 982 1853 6.
1011 1799 1077 1855 ilino
1099 1801 1155 1870 jam
1176 1801 1256 1858 levita
1271 1802 1378 1858 Domini
1402 1803 1511 1874 publice
1534 1820 1564 1860 se
1586 1806 1620 1861 ad
1635 1820 1716 1864 omne

61 1898 149 1954 cante,
165 1897 192 1943 et
211 1889 356 1958 sapienter.
372 1886 446 1958 Quid
459 1887 559 1958 simile,
573 1900 676 1958 queso,
688 1885 786 1942 allerre
805 1883 865 1956 qui·
919 1902 988 1958 opus
1003 1886 1112 1957 pictatis
1127 1888 1242 1945 accinxit
1268 1890 1355 1962 rplus
1374 1906 1437 1948 vero
1471 1892 1506 1947 ad
1533 1908 1581 1948 eas
1607 1911 1663 1966 res,
1686 1897 1713 1951 in

61 1976 116 2040 bat,
142 1976 242 2046 inquo
265 1992 343 2048 aeque
367 1976 445 2033 daret
461 1983 622 2047 caperetque
650 1975 864 2045 experimentum
919 1975 1019 2047 quibus
1034 1977 1123 2049 aliqua
1152 1978 1249 2047 iniuria
1264 1978 1411 2035 videretur.
1435 1980 1560 2053 Denique
1574 1998 1642 2038 cura
1655 1994 1715 2042 orat

60 2066 201 2138 profectus
211 2066 253 2121 sui
268 2067 282 2120 l
295 2066 323 2122 si
338 2065 478 2122 hlalachire
491 2066 641 2136 exemplum
657 2064 697 2122 eis
716 2079 767 2137 pro
781 2064 863 2119 mini·
918 2065 942 2120 ei
958 2064 1072 2120 maxima
1081 2064 1107 2121 in
1124 2066 1288 2139 sepeliendis
1301 2067 1436 2125 defunctis
1450 2071 1626 2143 pauperibus,
1640 2074 1714 2145 quod

63 2169 107 2210 mo
126 2162 177 2215 est,
204 2155 279 2210 Pauli
298 2169 368 2221 opus
387 2156 525 2210 attendant
564 2155 660 2210 Nonne
686 2153 862 2227 Evangelium
917 2154 969 2208 hoc
984 2152 1101 2209 sibinen
1118 2156 1395 2212 minushumilitatem
1417 2167 1545 2229 saperet,
1559 2177 1642 2232 quam
1658 2164 1712 2219 hu-

61 2260 152 2309 suum,
173 2245 245 2315 quod
260 2259 315 2298 non
329 2245 362 2298 ab
376 2244 483 2299 homine
497 2251 649 2315 acceperat,
662 2243 711 2298 sed
725 2258 740 2297 a
753 2241 863 2296 Christo
917 2243 1081 2298 manitatem.
1096 2244 1151 2300 Nec
1165 2243 1253 2301 defuit
1267 2260 1339 2302 novo
1353 2254 1447 2302 nostro
1458 2248 1549 2305 Tobiae
1561 2250 1683 2306 rediviva
1697 2269 1713 2309 a

59 2347 120 2386 cum
148 2332 304 2388 hominibus
332 2341 421 2389 emen
454 2333 558 2388 censuit
584 2331 795 2395 conterendum,
827 2346 862 2386 ne
917 2331 1032 2387 muliere
1060 2333 1183 2399 tentatio,
1218 2333 1273 2387 imo
1299 2351 1316 2388 a
1345 2344 1468 2406 serpente
1488 2352 1538 2407 per
1561 2337 1710 2393 mulierem.

59 2420 131 2476 forte
145 2422 297 2479 invacuum
308 2427 440 2487 curreret,
451 2429 497 2476 aut
512 2420 704 2477 cucurrisset?
719 2419 824 2489 (Galat.
840 2434 861 2491 r,
916 2419 1053 2475 Germana
1063 2421 1123 2490 eius
1134 2421 1322 2493 indignitatem
1340 2423 1381 2494 (ut
1396 2423 1447 2479 sibi
1464 2423 1612 2497 ridebatur}
1628 2424 1713 2483 olllcii

58 2510 100 2573 ιι).
118 2509 169 2564 Ubi
188 2508 233 2565 ille
261 2524 445 2564 securusnon
464 2518 515 2573 est,
531 2524 583 2565 nco
600 2523 663 2581 ego.
688 2506 717 2562 Si
731 2508 793 2581 quis
809 2509 861 2563 hoc
914 2508 1063 2564 exhorrens
1079 2528 1086 2563 :
1102 2509 1174 2577 Quid
1202 2509 1279 2576 lacis,
1297 2511 1404 2583 iuquit,
1432 2526 1448 2568 o
1472 2513 1712 2571 insaneidimitte

59 2598 120 2663 stit,
136 2598 241 2662 viderit,
262 2615 297 2653 ne
309 2613 364 2653 non
387 2606 442 2653 tam
458 2599 590 2655 securitas
610 2599 655 2664 sit,
672 2613 753 2669 quam
770 2606 860 2652 teme·
914 2600 1036 2653 mortuos
1049 2597 1161 2668 sepelire
1175 2607 1297 2654 mortuos
1318 2616 1392 2656 suos.
1409 2601 1442 2655 Et
1456 2601 1508 2658 hoc
1530 2600 1568 2655 illi
1592 2603 1713 2674 quotidie

59 2688 135 2743 ritas.
155 2686 208 2742 Sed
223 2687 280 2742 bare
295 2687 404 2742 alterius
419 2685 561 2756 temporis.
915 2687 1082 2755 exprobrans
1099 2686 1250 2761 ingerebat.
1276 2690 1330 2744 Sed
1357 2690 1576 2760 respondebatur
1602 2689 1711 2749 mulieri

95 2779 122 2831 5.
136 2775 214 2830 Nunc
232 2788 298 2830 tero
317 2775 407 2830 sonuit
421 2774 567 2833 incivitate
582 2774 657 2848 quod
673 2774 769 2832 lactum
785 2783 854 2841 erat,
912 2775 1090 2844 stultaeJuxta
1118 2776 1259 2833 stultitiam
1290 2794 1390 2833 suam:
1411 2779 1520 2846 lliseru,
1552 2788 1579 2834 tu
1609 2766 1711 2852 eloquii

78 165 149 227 1077

58 2872 235 2921 etcommota
251 2871 292 2920 est
312 2864 437 2919 universa
455 2864 488 2919 ad
509 2863 674 2936 inopinatam
698 2862 855 2923 nouitatem.
911 2863 977 2919 casti
1005 2880 1099 2921 vocem
1128 2871 1215 2928 tenes,
1237 2865 1284 2920 sed
1314 2866 1438 2922 virtutem
1465 2869 1583 2941 ignoras.
1601 2867 1641 2922 lta
1656 2867 1707 2923 mi-

56 2952 206 3023 Stupebant
234 2963 321 3008 autem
343 2966 450 3022 omnes,
476 2959 503 3007 et
517 2951 645 3007 virtutem
675 2953 855 3015 mirabantur,
873 2922 894 3001 c
912 2952 1062 3016 nisterium,
1079 2953 1112 3008 ad
1131 2953 1204 3023 quod
1232 2963 1342 3010 coactus
1355 2966 1518 3019 accesserat,
1534 2956 1651 3012 deuotus
1666 2964 1709 3012 te·

53 3055 144 3113 eoque
162 3040 288 3110 amplius,
306 3054 360 3110 quo
384 3040 474 3094 minus
494 3040 618 3094 usitatam
637 3039 666 3095 in
688 3046 769 3113 gente
785 3040 856 3095 iera.
912 3041 980 3110 nuit,
997 3041 1150 3097 indetrssus
1164 3042 1293 3099 exercuit.
1314 3043 1391 3099 Unde
1406 3052 1433 3099 ot
1447 3052 1613 3100 censuerunt
1627 3046 1709 3102 etiam

55 3129 169 3183 Videres
184 3135 248 3184 tune
258 3128 375 3184 revelari
390 3144 423 3184 ex
448 3129 595 3186 multorum
609 3128 738 3184 cordibus
753 3128 857 3199 cogita-
913 3129 1080 3185 sacerdotale
1095 3127 1214 3185 otlicium
1228 3130 1420 3200 imponendum
1435 3131 1485 3186 illi.
1501 3132 1532 3188 Et
1551 3132 1647 3189 lactum
1666 3142 1709 3191 est

55 3219 110 3273 tion
129 3236 152 3269 s.
170 3217 294 3290 Plerique
316 3219 434 3274 humano
453 3217 553 3273 allecta
575 3226 722 3288 pensantes
747 3218 856 3285 lactum,
912 3219 958 3274 ita.
973 3219 1038 3273 Erat
1052 3228 1152 3284 autem,
1167 3235 1230 3275 cum
1241 3220 1371 3276 sacerdos
1391 3220 1533 3277 ordinatus
1555 3229 1607 3287 est,
1622 3238 1709 3279 annos

54 3307 186 3378 plangere
200 3306 345 3371 redolere,
366 3307 442 3380 quod
461 3306 578 3363 dilectus
600 3307 738 3375 omnibus,
757 3306 858 3363 delica-
912 3315 991 3364 uatus
1011 3307 1090 3379 quasi
1111 3307 1207 3379 viginti
1231 3309 1359 3380 (qunque.
1385 3309 1415 3364 ln
1438 3325 1492 3381 qua
1506 3311 1567 3382 eius
1590 3320 1708 3384 utraque

55 3401 153 3467 tusque
176 3395 343 3462 adolescens,
361 3396 436 3451 duris
457 3414 488 3453 se
505 3397 573 3454 adeo
588 3396 730 3453 laboribus
758 3395 859 3453 manci·
913 3395 1091 3464 ordinatione,
1107 3394 1130 3449 si
1146 3395 1210 3467 quid
1230 3405 1329 3465 practer
1352 3397 1492 3452 canonum
1508 3396 1624 3453 formam
1638 3416 1708 3470 pro-

54 3490 157 3555 passet.
181 3484 232 3540 alti
246 3485 376 3555 suspicati
394 3486 527 3541 leuitatem
546 3493 658 3557 propter
671 3495 788 3551 aetatem,
806 3484 859 3539 dit·
912 3484 1027 3540 cessisse
1051 3483 1168 3549 videtur,
1185 3491 1213 3537 ut
1240 3499 1305 3540 vere
1329 3483 1436 3540 ridetur
1466 3485 1611 3556 (siquidem
1639 3486 1708 3543 inira

55 3570 138 3625 tidere
152 3570 186 3626 de
207 3571 422 3640 perseverantia,
447 3572 543 3626 timere
571 3572 606 3628 de
626 3587 702 3628 casu.
731 3571 860 3627 Nonnulli
913 3572 1069 3627 vicesimum
1089 3572 1212 3641 quintum
1227 3588 1330 3627 annum
1355 3573 1492 3643 leuiticum
1515 3575 1707 3645 ministerium,

55 3657 234 3713 temeritatem
247 3667 400 3728 causantes,
429 3656 565 3730 indignari
578 3667 605 3715 et
619 3658 771 3714 tremerein
785 3674 858 3724 eum,
913 3658 984 3713 infra
998 3657 1162 3713 tricesimum
1189 3657 1304 3730 adeptus
1328 3666 1368 3713 cst
1383 3659 1525 3723 sacerdotii
1538 3662 1708 3735 dignitatern)

56 3746 129 3819 quod
150 3761 233 3818 supra
257 3754 362 3803 aetatem
378 3754 406 3803 et
418 3746 492 3803 uires
507 3747 658 3803 inconsulte
673 3763 732 3803 rem
746 3749 857 3801 arduam
913 3744 989 3813 (191)
1012 3745 1166 3802 donandum
1199 3762 1266 3802 sane
1295 3756 1351 3803 tum
1376 3748 1433 3803 zelo
1461 3749 1634 3816 ordinatoris,
1650 3760 1706 3808 tum

56 3835 328 3909 luissetaggressus.
355 3833 437 3893 otta
467 3836 567 3892 Verum
594 3835 638 3892 ille
665 3836 723 3891 sine
745 3834 858 3892 consilio
914 3833 1016 3888 meritis
1029 3832 1155 3888 ordinati.
1171 3833 1230 3903 llgo
1245 3849 1309 3888 xero
1324 3833 1394 3889 istud
1420 3849 1468 3889 nec
1488 3838 1517 3889 tu
1540 3846 1634 3893 sancto
1661 3855 1707 3896 ra·

55 3925 112 3997 egit
135 3924 211 3981 nihil.
228 3925 295 3980 Nam
315 3924 407 3980 habuit
433 3925 577 3982 consilium
599 3941 615 3983 a
637 3925 784 3996 Propheta,
812 3925 859 3996 qui
913 3921 1110 3994 darguendum,
1126 3936 1177 3978 nec
1190 3924 1377 3992 usurpandum
1392 3921 1505 3978 consulo
1519 3922 1545 3978 ei
1568 3925 1616 3996 qui
1640 3943 1705 3982 san·

56 4014 93 4069 ait
108 4032 115 4068 :
133 4016 240 4073 Bonum
255 4016 297 4070 cst
308 4013 425 4079 domiai,
440 4016 465 4071 si
473 4015 733 4086 portaveritjupum
746 4013 855 4070 rabodo·
914 4018 973 4066 ctus
988 4023 1042 4065 non
1071 4008 1160 4064 luerit.
1190 4009 1248 4064 Nec
1273 4017 1417 4065 contentus
1445 4008 1591 4083 episcopus
1619 4015 1704 4087 (1911),

57 4103 191 4162 tempta
201 4123 211 4171 ‚·
231 4108 258 4156 et
272 4101 366 4156 addit:
391 4103 500 4160 Sedebit
518 4103 674 4168 solemniis,
690 4106 719 4156 et
742 4101 854 4168 tacebn,
911 4098 991 4153 etiam
1006 4097 1150 4154 vicessuas
1165 4097 1301 4153 commisit
1316 4097 1351 4162 ei,
1370 4096 1505 4153 seminare
1530 4116 1623 4157 semen
1640 4118 1704 4159 aan-

55 4195 122 4265 quio
136 4192 238 4248 levavit
248 4210 277 4251 ae
291 4210 379 4265 supra
392 4206 420 4247 se
430 4192 546 4260 (Three.
560 4207 602 4258 nr,
615 4193 660 4258 hi,
674 4190 854 4261 28).Sedebat
871 4193 894 4270 n
910 4197 982 4244 ctum
998 4188 1024 4242 in
1038 4197 1119 4261 gente
1133 4203 1187 4242 non
1203 4196 1305 4252 sancta,
1327 4195 1354 4242 et
1376 4187 1441 4243 dare
1456 4187 1518 4243 rudi
1551 4190 1662 4261 populo,
1679 4203 1706 4248 et

55 4281 108 4335 sibi
120 4281 283 4350 juvenculus
298 4298 375 4337 secus
385 4279 468 4352 pedes
482 4278 572 4335 lmarii
590 4281 653 4346 (hoe
667 4278 739 4335 enim
755 4293 854 4335 nomen

56 4367 138 4438 rire),
154 4376 182 4423 at
195 4376 240 4425 aut
255 4370 373 4425 discebat
392 4369 582 4433 obedientiam,
594 4375 640 4423 aut
668 4385 698 4424 se
723 4368 853 4426 didicisse

54 4457 178 4517 docebat.
194 4458 321 4528 Sedehat,
342 4468 371 4513 ut
388 4457 496 4530 quietus
508 4465 539 4514 ut
561 4464 727 4524 mansuetus,
741 4467 771 4513 ut
799 4460 852 4514 hu-

55 4546 137 4604 milis.
154 4547 279 4614 Sedebat,
309 4560 337 4604 et
363 4548 475 4614 tacebat,
500 4545 589 4604 sciens
611 4547 758 4605 secundum
788 4561 853 4619 pro·

56 4637 172 4706 phetam,
189 4639 290 4693 cultum
303 4636 416 4706 iustitiae
429 4652 491 4692 esse
510 4636 646 4693 silentium
660 4636 725 4709 (lac.
760 4651 852 4704 xxxii,

60 4722 105 4793 tt)
122 4725 251 4781 :sedebat
266 4734 294 4779 ut
308 4741 495 4797 perseverans,
513 4724 619 4782 tacebat
635 4733 664 4780 ut
674 4726 851 4792 verecundus,

59 4809 114 4866 nisi
132 4815 205 4882 quod
223 4831 273 4873 suo
287 4814 333 4870 illo
344 4814 450 4873 silentio
466 4814 492 4869 in
507 4814 557 4871 Dei
570 4814 681 4870 auribus
695 4813 855 4887 loquebatur

57 4915 120 4957 cnm
134 4911 227 4958 sancto
240 4902 326 4959 David
348 4922 354 4958 z
368 4903 600 4964 Adulescentulus
613 4921 676 4962 suut
686 4918 735 4976 eqo
750 4909 856 4965 etcert-

95 5097 171 5165 (aaa)
185 5094 254 5150 Nem
274 5101 367 5154 eante
381 5112 468 5152 annos
483 5095 592 5170 triginta
607 5095 782 5156 liericautum
798 5110 857 5159 crat

58 5166 86 5224 in
107 5164 230 5222 concihis
268 5168 469 5234 encaesariensi,
488 5168 637 5241 agathensi
661 5171 724 5226 arani
744 5174 806 5239 506,
828 5173 857 5229 in

58 5237 210 5295 Arelatensi
226 5238 271 5306 lV,
282 5247 309 5294 et
323 5236 393 5293 aliis.
405 5239 570 5312 agathensis
581 5255 666 5296 canon
683 5246 716 5296 tr
727 5262 733 5296 :
744 5245 857 5318 Presbe·

61 5316 153 5368 terem
168 5312 435 5383 clepiacopumoatte
444 5312 666 5383 tripietoacoos,
677 5312 763 5378 idest,
771 5321 856 5375 uate·

60 5397 143 5454 qtturn
153 5383 252 5437 oduirt'
259 5383 379 5454 perfecti
387 5387 501 5438 retctem
507 5385 858 5453 perueniant‚etdiocortos

61 5459 130 5510 cete
145 5453 248 5525 eiplatt'
257 5454 485 5527 quinquepartito·
496 5454 857 5528 rrrctropctttonorcmordt‘·

909 4278 968 4332 siue
988 4278 1047 4349 lege
1061 4275 1169 4339 viventi,
1188 4276 1275 4347 legem
1292 4276 1355 4331 vitm
1379 4280 1407 4332 et
1420 4276 1585 4349 disciphnae.
1607 4280 1705 4338 Susce-

908 4364 947 4436 pit
971 4365 1017 4421 ilie
1037 4367 1193 4421 mandatum
1217 4364 1244 4420 in
1275 4365 1350 4420 omni
1373 4366 1522 4433 alacritate,
1553 4368 1624 4424 sicut
1646 4382 1705 4427 erat

909 4455 1005 4529 spiritu
1023 4454 1149 4520 lcrrens;
1164 4469 1215 4510 nec
1237 4454 1347 4509 talentis
1360 4453 1510 4526 incubans,
1530 4457 1578 4511 scd
1597 4458 1704 4514 inhians

908 4545 1001 4601 lucris.
1019 4544 1050 4599 Et
1073 4559 1135 4600 ecce
1158 4542 1258 4617 linguae
1283 4544 1389 4600 sarculo
1403 4544 1485 4613 coepit
1506 4544 1640 4614 evellere,
1656 4547 1704 4604 de-

909 4647 1025 4702 strucre,
1041 4633 1185 4705 dissipare,
1197 4634 1231 4688 de
1247 4632 1290 4689 die
1306 4632 1334 4688 in
1348 4633 1419 4688 diem
1435 4632 1560 4690 factitans
1577 4652 1659 4705 prava
1678 4638 1706 4693 in

908 4727 1021 4792 directa,
1037 4733 1064 4781 et
1078 4739 1175 4794 aspera
1188 4722 1215 4778 in
1229 4721 1287 4779 rias
1297 4721 1406 4793 planas.
1423 4723 1580 4779 Exsultabat
1590 4725 1706 4797 utgiges

909 4814 942 4870 ad
958 4811 1164 4870 discurrendum
1179 4809 1290 4881 ubique.
1305 4808 1416 4865 Diceres
1430 4809 1521 4885 ignem
1536 4818 1661 4868 urentem
1677 4812 1705 4867 iu

909 4901 1093 4960 consumendo
1108 4899 1252 4957 criminum
1267 4913 1365 4968 vepres
1381 4939 1387 4952 .
1408 4897 1519 4956 Diceres
1532 4900 1648 4956 securim
1662 4900 1706 4957 vel

911 5117 982 5184 nore
992 5095 1268 5178 presumatetclta
1278 5092 1352 5167 aqud
1361 5093 1613 5176 ‘bochellumoum
1634 5100 1707 5226 affari

912 5172 1088 5231 sirmundum
1108 5171 1179 5225 desrt
1192 5168 1271 5223 locus
1287 5166 1321 5221 de
1341 5166 1473 5231 draconis,
1489 5168 1523 5223 ad
1545 5184 1624 5241 quem
1664 5186 1709 5227 er.

912 5246 1013 5302 nardus
1024 5244 1066 5298 hic
1083 5239 1203 5313 respicit,
1218 5240 1297 5309 cujus
1312 5244 1434 5307 temporo
1449 5237 1491 5293 lex
1504 5239 1555 5295 iata
1570 5239 1660 5298 adhuc
1673 5243 1709 5299 ti-

910 5318 1001 5389 gebat,
1018 5323 1047 5369 ut
1062 5320 1135 5385 patet
1150 5328 1184 5366 rx
1200 5308 1483 5382 sequentibusrerbis.
1500 5310 1604 5382 Saepius
1621 5326 1709 5371 tamen

913 5389 946 5444 ab
954 5387 1046 5458 episco
1068 5387 1091 5439 is
1105 5384 1300 5453 dispensatum,
1315 5379 1431 5435 maxime
1446 5380 1539 5451 inpios
1555 5383 1638 5441 uiros.

948 5459 1025 5531 (195)
1076 5456 1148 5512 ilicet
1165 5453 1260 5509 Celsus
1276 5469 1283 5505 :
1299 5450 1360 5506 ride
1376 5451 1458 5519 infra,
1474 5469 1502 5507 n.
1524 5456 1567 5511 19.
