3728 5940
106 187 159 248 aaa
840 183 1019 246 seurota.
1698 201 1751 260 34,(

103 315 196 387 sopita
218 309 384 372 discrimina,
408 309 559 380 provocatis
575 308 755 375 adversarios,
772 315 901 379 patronos
917 327 940 404 g
958 313 1053 380 placet,
1077 313 1187 372 difficile
1211 317 1411 390 adimplebitur,
1437 323 1585 394 praesertim
1608 341 1671 382 cum
1698 343 1752 382 00„

105 401 255 458 offenditis.
271 398 376 468 Ubique
395 398 468 468 apud
483 411 531 453 vos
555 412 602 466 pro
622 397 725 453 ratione
752 397 900 469 voluntas3
958 404 991 458 sit
1026 404 1103 476 copia
1132 421 1308 473 personarum
1340 425 1401 479 quae
1436 425 1497 466 esse
1525 413 1639 470 solebat.
1662 415 1751 487 Siqui-

106 498 195 546 totnm
209 503 258 560 pro
279 486 404 556 imperio,
422 485 487 540 nihil
502 501 535 540 ex
551 485 644 541 timore
659 486 717 541 Dei.
734 485 784 555 Qui
800 486 834 541 de
849 501 901 542 vo·
957 494 1020 549 dem
1039 503 1137 563 praeter
1155 494 1218 550 illos
1232 497 1278 568 qui
1303 496 1370 564 bini,
1394 507 1439 554 aut
1463 502 1531 556 terni
1556 501 1606 574 [at.
1630 503 1702 576 trini]
1718 503 1751 558 ad

106 579 149 634 bis
176 594 230 633 non
253 577 341 632 rident
365 573 477 638 inimici,
500 589 555 628 non
576 584 777 646 conqueruntur
802 574 901 631 amici?
956 581 1064 637 diversa
1079 583 1206 638 destinati
1222 593 1284 638 sunt
1299 586 1376 650 loca;
1405 588 1457 643 tria
1471 605 1504 645 ex
1526 591 1567 646 eis
1596 607 1666 647 nora
1689 607 1750 648 mo·

106 668 252 736 Quomodo
266 663 418 720 devestistis
432 662 576 726 bominem,
589 678 644 718 non
658 662 719 718 dico
732 663 835 733 judicio
848 678 902 719 non
954 670 1082 736 nastasia,
1098 687 1131 726 ex
1145 686 1199 740 quo
1213 687 1228 725 a
1242 672 1321 726 vobis
1343 674 1528 742 discessimus,
1556 674 1661 751 integre
1677 680 1751 734 ordi·

105 758 270 821 convictum,
288 754 337 810 sed
350 768 399 808 nec
413 753 498 808 verbo
511 754 699 809 conventum?
713 750 835 820 Quantos
850 754 906 808 boc
954 766 1016 812 nata
1031 767 1093 813 saint
1106 759 1182 829 (484)
1198 777 1205 823 ;
1220 769 1248 815 84
1269 759 1357 816 adhuc
1378 773 1479 818 restant
1494 765 1545 819 alia
1572 767 1691 835 proxime
1704 781 1750 821 or·

105 846 217 903 verbum
242 841 455 898 scandalizabit?
479 850 544 912 quot
559 855 606 896 ora
621 840 654 895 ed
670 841 900 904 subsannandum,
956 845 1085 902 dinanda.
1101 846 1234 902 Curamus
1244 857 1334 903 tamen
1345 850 1536 921 undecumque
1547 869 1668 920 evocare,
1683 870 1752 925 qnos

105 943 174 1006 quot
188 933 271 989 corda
281 932 313 985 ad
329 929 543 985 succensendum
558 929 699 986 movebit?
712 930 788 985 itane
802 927 902 1000 putatis
954 936 1031 990 vobis
1047 934 1180 990 mittamus
1191 955 1198 1003 3
1210 936 1352 1007 cupientes
1362 953 1411 1006 per
1424 940 1515 994 omnia
1530 943 1627 998 reatris
1640 943 1751 999 obadim

106 1023 221 1096 periisse
234 1019 362 1090 justitiam
374 1019 408 1073 da
419 1027 474 1073 toto
489 1021 564 1082 orbe,
580 1018 792 1074 sicutdevestro
807 1019 900 1085 corde,
955 1022 1089 1076 mandatis
1104 1024 1191 1094 (488).

106 1124 138 1170 nt
151 1115 233 1168 homo
253 1112 291 1164 sic
310 1109 430 1164 ablatum
446 1109 542 1180 perdat
556 1107 829 1163 archidiaconatum?
847 1106 901 1163 Sed
1133 1154 1296 1213 EPISTOLA
1315 1157 1461 1213 CLXXXV
1476 1158 1562 1229 (489(Ι

106 1217 158 1257 ros
171 1200 284 1255 forsitan
299 1197 362 1269 plus
376 1197 471 1250 amatis
495 1196 616 1259 reddere,
633 1202 659 1251 et
680 1195 804 1265 perdere,
821 1211 901 1266 quam

108 1289 224 1364 gratiam
244 1290 278 1343 de
291 1284 423 1342 beneficio
439 1284 566 1340 retinere.
586 1284 684 1348 Nolite,
700 1297 803 1356 queso,
821 1283 903 1338 nolite
955 1277 1387 1321 40343446344444040444404544
1398 1271 1754 1341 444444444344444844904

108 1377 196 1434 (ΜΓ,
211 1376 280 1431 hanc
294 1390 350 1428 ,em
366 1393 372 1427 :
387 1388 469 1443 quam
491 1372 536 1443 qui
550 1371 693 1439 audierim,
709 1387 804 1426 omne,
819 1372 901 1425 mir„
957 1353 1106 1417 Hortatur,
1123 1355 1155 1406 ut
1175 1368 1281 1407 ruerreor
1295 1356 1391 1409 aratia
1405 1371 1475 1419 sura,
1491 1361 1519 1410 et
1540 1358 1641 1414 mortis
1656 1361 1752 1414 immi·

109 1466 218 1528 buntur,
236 1478 316 1518 nemo
331 1461 458 1517 laudabit.
473 1460 536 1516 ilaec
559 1460 637 1515 vobis
651 1459 804 1515 mordacius
818 1460 902 1514 auda-

108 1554 220 1624 ciusque
239 1567 319 1622 quam
343 1549 447 1605 velletis
470 1548 572 1616 audire,
592 1547 713 1619 scripsi:
732 1549 779 1604 sed
796 1563 850 1603 non
864 1547 898 1602 ad

109 1639 292 1712 insipientiam
307 1637 394 1703 vobis,
410 1637 431 1693 si
441 1637 545 1694 velletis
554 1636 705 1708 corrigere.

235 1753 317 1812 178
338 1752 503 1809 EPISTOLA
523 1752 682 1809 CLXXXIII
697 1752 784 1824 (483).

248 1859 285 1899 sn
304 1855 453 1897 conannas
468 1855 564 1896 asana
578 1855 762 1898 nousaonuss.

112 1934 309 1992 Reuerentiam
324 1931 402 1987 Sedis
427 1929 584 2001 apostoticae
607 1927 698 1985 sideru
716 1930 905 1985 commendat.

148 2046 255 2118 Scripta
268 2054 359 2104 vestra
380 2054 407 2100 et
429 2042 607 2100 salutationes
622 2049 678 2099 tam
692 2043 805 2100 devotus
819 2045 906 2102 susci·

110 2137 169 2210 pio,
184 2152 265 2208 qoam
289 2133 411 2189 modicus
433 2149 492 2188 sum
516 2132 549 2186 ad
576 2131 633 2188 illa.
655 2132 776 2188 Modicus
792 2131 906 2190 dixerim

111 2224 253 2298 dignitate,
277 2223 324 2278 sed
347 2238 404 2278 non
426 2222 582 2278 devotione.
609 2218 793 2288 Querimoniae
825 2222 906 2295 Regis

111 2321 212 2370 nostrae
226 2320 288 2366 sunt
301 2312 388 2383 (483),
406 2317 433 2366 84
449 2308 562 2365 maxime
587 2307 643 2376 4448,
660 2325 740 2379 quam
763 2308 907 2382 dignanter

112 2400 265 2472 exprimitis
275 2402 308 2455 de
321 2399 458 2455 invasione
468 2397 588 2468 Imperii.
597 2397 817 2468 liegisdedeous,
829 2398 905 2472 regui

111 2489 317 2546 diminutionem
339 2503 477 2558 nunquam
493 2485 565 2544 volui
583 2501 589 2538 :
604 2487 728 2544 volentes
747 2487 804 2543 odit
817 2488 906 2543 anima

109 2595 182 2634 mea.
198 2577 274 2648 Legit
290 2577 392 2649 quippe
411 2590 416 2625 :
435 2576 532 2632 Omnis
547 2576 644 2632 artiora
658 2575 842 2648 potestatibus
856 2592 906 2632 su-

111 2666 287 2724 blimioribus
303 2665 413 2720 subdita
431 2666 470 2719 sit
486 2684 494 2719 :
509 2671 545 2732 et,
564 2665 618 2732 Qui
630 2665 768 2735 potestati
783 2664 904 2727 resistit,

89 2766 92 2770 ’
111 2755 161 2810 Dei
174 2741 344 2809 ordiuitt'orri
358 2753 465 2808 resistit
479 2753 570 2822 (Rom.
583 2765 646 2816 ιιιιι,
664 2753 689 2820 l,
707 2750 747 2822 3).
763 2749 851 2819 Quam
866 2759 905 2805 ta·

110 2857 173 2897 men
197 2840 356 2895 sententiam
379 2839 460 2910 cupio
476 2854 535 2904 vos,
562 2844 588 2892 84
611 2837 776 2893 omnimodis
804 2852 903 2894 moneo

109 2929 253 2994 custodire,
270 2928 298 2982 in
322 2927 469 2983 exbibenda
485 2926 634 2982 reverentia
652 2942 765 2982 summae
779 2935 807 2983 et
821 2941 903 2998 apos-

992 1424 1097 1489 neatis,
1122 1421 1262 1493 divinique
1280 1423 1397 1492 judicii,
1414 1428 1573 1499 resipiscat,
1590 1444 1642 1485 nee
1656 1432 1750 1500 prauis

995 1492 1177 1549 adulatorum
1191 1495 1317 1550 consitiis
1331 1499 1442 1567 pareat.

995 1604 1057 1659 Viro
1074 1605 1170 1659 illustri
1184 1607 1353 1675 Eusracaro,
1369 1608 1453 1664 frater
1468 1612 1646 1668 Banusanns.

925 1728 947 1805 B
1000 1696 1025 1747 l.
1042 1691 1162 1748 Salutem
1176 1693 1234 1759 tibi,
1251 1695 1291 1752 vir
1312 1696 1501 1766 illustrissime,
1517 1699 1569 1756 etsi
1583 1717 1638 1756 non
1653 1703 1753 1769 scribo,

962 1788 1026 1850 opto
1056 1789 1153 1837 tamen
1176 1781 1278 1853 Optare
1300 1785 1361 1854 quis
1388 1787 1537 1856 prohibet?
1560 1788 1678 1845 affectui
1705 1806 1756 1846 nec

959 1869 1034 1943 leges
1048 1869 1193 1939 imperant,
1210 1886 1259 1927 nee
1274 1871 1409 1943 principes
1417 1873 1600 1930 dominantur.
1612 1876 1693 1932 Liber
1706 1887 1756 1946 est,

959 1948 987 2015 et
1001 1958 1116 2013 maxime
1131 1959 1154 2013 si
1168 1959 1264 2028 spiritu
1281 1960 1391 2015 ducitur
1406 1980 1412 2016 :
1430 1963 1493 2031 quia
1509 1963 1556 2018 nbi
1570 1963 1683 2034 spiritns
1698 1965 1755 2020 Do·

959 2045 1035 2113 mirri,
1051 2047 1093 2101 ibi
1116 2047 1228 2103 libertas
1243 2048 1284 2118 (44
1300 2049 1361 2105 Cor.
1381 2064 1425 2114 ιιι,
1452 2051 1508 2121 44).
1532 2051 1598 2106 48848
1621 2058 1665 2108 884
1690 2068 1756 2109 sano

959 2149 1043 2190 ausus
1061 2135 1112 2191 iste
1133 2151 1208 2191 meus
1232 2136 1267 2192 de
1291 2138 1426 2206 praesenti,
1442 2139 1548 2209 quoad
1563 2141 1756 2212 tuamllagni-

960 2222 1080 2277 tudinem
1091 2239 1225 2292 praesumo
1240 2226 1371 2292 scribere,
1386 2235 1513 2298 tanquam
1528 2227 1627 2299 aliquis
1640 2245 1756 2300 magnus

959 2309 1055 2376 fateor,
1071 2326 1122 2367 nec
1141 2311 1237 2378 jussus
1257 2329 1274 2366 a
1292 2321 1326 2376 48,
1342 2330 1391 2370 nec
1410 2325 1520 2387 rogatus
1544 2333 1594 2372 nec
1616 2316 1754 2373 inritatus.

960 2396 1013 2452 Sed
1028 2398 1094 2468 quid
1110 2397 1133 2452 si
1148 2399 1268 2454 clraritas
1279 2400 1380 2468 iubet?
1393 2399 1472 2456 Alius
1486 2402 1563 2458 aliter
1577 2402 1701 2459 fortassis
1711 2419 1756 2461 ac·

959 2484 1041 2554 848484
1058 2503 1064 2537 :
1080 2501 1131 2558 ego
1146 2486 1234 2542 virum
1253 2487 1383 2554 nobilem,
1399 2489 1471 2559 qnod
1483 2491 1511 2545 in
1525 2507 1569 2546 me
1584 2499 1635 2557 est,
1652 2492 1678 2547 in
1690 2509 1757 2549 vora

959 2572 1090 2629 charitate
1107 2573 1216 2629 decrevi
1238 2575 1280 2629 bis
1300 2576 1398 2632 litteris
1413 2593 1470 2632 suae
1485 2578 1570 2648 ipsius
1584 2594 1756 2636 commonere

959 2661 1062 2727 salutis,
1079 2663 1195 2717 excitare
1210 2679 1227 2718 a
1242 2679 1347 2730 somno,
1373 2680 1501 2721 revocare
1516 2667 1550 2720 ad
1575 2682 1632 2733 cor,
1661 2683 1757 2737 provo·

958 2762 1020 2804 care
1034 2749 1066 2802 ad
1087 2751 1212 2822 gratiam.
1228 2749 1294 2819 Quis
1314 2751 1364 2808 scit
1382 2753 1406 2809 si
1434 2762 1608 2810 convertatur
1623 2763 1649 2810 et
1676 2755 1756 2828 igno·

959 2844 1018 2892 scat
1032 2838 1114 2907 Deus,
1131 2845 1159 2893 et
1172 2839 1305 2912 relinquat
1319 2848 1381 2910 post
1399 2856 1427 2896 se
1442 2840 1685 2898 benedictionem?
1699 2843 1757 2900 Imo

962 2924 1047 2983 119
1070 2927 1166 2994 nescit,
1195 2944 1263 2998 quas
1292 2937 1318 2983 et
1343 2938 1458 3000 quantas
1483 2930 1538 2997 jam
1561 2930 1669 2986 divitias
1701 2947 1758 2987 suae

111 3019 198 3076 4844888
211 3019 283 3082 Sedi.
299 3027 324 3073 et
337 3017 409 3073 beati
424 3015 496 3073 Petri
511 3015 617 3073 Vicario
633 3016 718 3086 (484),
735 3015 803 3072 sicut
815 3015 903 3088 ipsam
919 3013 942 3092 c
957 3014 1087 3070 bonitatis
1105 3025 1133 3071 et
1155 3016 1366 3088 longanimitatis
1391 3018 1577 3072 thesaurizavit
1597 3035 1678 3088 super
1692 3035 1757 3075 enm

109 3107 189 3164 vobis
202 3107 284 3163 vultis
299 3107 333 3161 ab
353 3106 481 3163 universo
497 3104 596 3161 serrari
612 3104 735 3175 imperio.
752 3104 820 3161 Sunt
839 3120 902 3176 quae

109 3213 165 3253 non
188 3197 282 3269 putari
296 3195 438 3251 scribenda
453 3212 460 3249 z
478 3208 596 3266 praesens
617 3208 649 3248 ea
664 3191 787 3249 fortassis
806 3209 907 3268 oppor-

111 3287 202 3342 tunius
215 3285 375 3341 intimarem.

280 3370 449 3428 EPISTOLA
467 3370 628 3427 CLXXXIV
647 3369 735 3442 (486).

249 3477 285 3518 an
304 3476 432 3517 naamon
450 3475 540 3516 aaran
560 3474 764 3516 maocsrtrrnu.

961 3103 1117 3159 misericors
1131 3107 1159 3161 el
1176 3105 1318 3160 miserator
1337 3104 1494 3161 Dominus?
1508 3105 1629 3178 Denique
1643 3106 1757 3162 misero·

960 3200 1014 3261 tur,
1032 3191 1128 3264 parcit,
1150 3200 1298 3266 exspectat,
1320 3193 1529 3265 dissimulatque
1550 3209 1636 3266 usquc
1656 3195 1755 3262 adhue,

960 3279 1048 3338 faetus
1063 3280 1132 3337 sicut
1146 3282 1228 3337 homo
1254 3296 1307 3338 non
1334 3281 1457 3351 audiens,
1477 3291 1505 3338 et
1528 3297 1582 3338 non
1605 3284 1708 3339 habens
1730 3283 1756 3338 in

959 3384 1006 3426 ore
1036 3384 1085 3426 suo
1115 3369 1328 3446 redargutiones,
1371 3371 1481 3426 tardans
1518 3371 1610 3438 ferire,
1650 3379 1757 3441 paratus

960 3457 1113 3531 ignoscere.
1133 3460 1185 3516 Sed
1201 3467 1240 3524 tn,
1256 3458 1375 3524 domine,
1397 3462 1564 3531 usquequo?
1579 3459 1618 3515 Tu
1633 3459 1755 3533 inquam,

113 3555 172 3612 Noa
186 3568 264 3627 posse
278 3553 357 3607 mitti
370 3567 439 3622 quos
454 3551 589 3620 Pontifex
601 3551 725 3621 petierat
739 3549 903 3605 monachos.
959 3560 975 3601 ο
991 3547 1060 3602 bone
1082 3547 1133 3611 vir,
1158 3563 1298 3621 quousque
1321 3546 1497 3604 dissimulas?
1520 3563 1663 3621 quousque
1689 3563 1757 3604 con·

147 3644 266 3697 Fratrem
294 3640 431 3694 andream
459 3638 534 3707 (486)
559 3637 648 3692 latum
685 3635 903 3708 incolumemque
960 3635 1079 3689 temnis?
1098 3635 1201 3691 Durum
1216 3635 1264 3690 tibi
1290 3648 1332 3690 est
1347 3636 1594 3691 contrastimulum
1613 3637 1755 3693 calcitrare

111 3731 282 3800 suscepimus
295 3726 345 3798 (84.
370 3723 580 3796 recipimnsl,et
603 3724 664 3779 laeta
680 3725 904 3780 muntiantemde
959 3726 1087 3791 (.lct.1x,
1109 3725 1148 3794 6).
1173 3723 1216 3777 An
1239 3723 1348 3797 ignoras
1369 3723 1434 3793 quia
1463 3724 1618 3796 benignitas
1645 3725 1694 3781 Dei
1722 3725 1757 3780 ad

110 3827 201 3875 vestra
216 3813 398 3870 incolumitate
418 3820 446 3866 et
464 3811 561 3882 gloria,
576 3810 611 3866 de
631 3825 695 3881 pace
718 3818 746 3868 et
769 3812 905 3881 prosperi·
959 3810 1142 3881 paenitentiam
1162 3818 1189 3865 te
1203 3810 1334 3866 adducit?
1348 3810 1473 3878 Quandiu
1495 3820 1586 3867 antem
1609 3821 1637 3868 tn
1653 3829 1756 3869 secun-

109 3916 163 3962 tate
183 3903 321 3968 Ecclesia,
345 3902 379 3956 de
401 3901 483 3957 curiae
500 3907 573 3955 statu
595 3898 708 3955 florente
736 3908 763 3954 et
782 3897 899 3966 salente,
959 3899 1023 3955 dum
1044 3898 1172 3954 duritiam
1187 3907 1259 3953 tuam
1283 3909 1309 3954 at
1324 3915 1375 3954 cor
1397 3899 1578 3970 impaenitens.
1594 3902 1757 3959 thesaurizas

109 4005 247 4069 postremo
263 3994 296 4048 de
311 3991 397 4065 grstia
412 3998 438 4045 et
452 3989 650 4054 benevolentia,
666 4003 727 4059 quae
739 3988 818 4044 nobis
832 3990 904 4060 apud
960 3987 1008 4042 tibi
1025 3989 1092 4042 iram
1107 3987 1135 4042 in
1152 3987 1195 4041 dia
1211 3986 1277 4041 ira?
1294 3987 1383 4056 (Rota.
1400 4002 1430 4052 ιι,
1446 3989 1473 4057 4,
1484 3988 1526 4058 5.)

110 4100 159 4143 vos
173 4089 336 4154 perseverat.
352 4082 423 4136 Bene
446 4094 495 4134 sua
510 4075 696 4134 misericordia
710 4078 784 4134 Deus
805 4077 904 4148 digna·
996 4079 1022 4131 3.
1037 4076 1080 4131 An
1096 4091 1150 4132 non
1174 4075 1322 4132 secundum
1346 4074 1473 4130 duritiam
1496 4075 1616 4148 quidem,
1637 4077 1686 4132 sed
1708 4095 1756 4135 se-

110 4183 153 4229 tus
171 4181 211 4227 est
229 4170 316 4226 facere
346 4169 505 4232 nobiscum;
533 4165 610 4221 factis
639 4181 735 4221 sumus
765 4165 899 4223 latentes.
960 4164 1393 4233 cundnmverecundiamfouid
1417 4163 1502 4219 refert
1514 4165 1665 4221 secundum
1691 4166 1757 4238 quid

96 4263 210 4317 'Verum
237 4258 310 4331 quod
333 4256 410 4316 robis
429 4259 462 4313 tle
483 4254 623 4324 mittendis
646 4253 681 4309 ad
707 4268 757 4311 ros
776 4254 905 4310 fratribus
961 4253 1079 4326 pereas?
1092 4252 1115 4310 0
1128 4254 1289 4310 verecundia
1302 4267 1398 4324 expers
1418 4252 1541 4323 rationis,
1557 4251 1668 4310 inimica
1681 4255 1755 4311 salu·

959 4420 1121 4488 marciensis,
1140 4437 1174 4477 ex
1187 4420 1257 4476 libro
1271 4419 1359 4490 primo
1377 4418 1411 4474 de
1421 4419 1503 4490 hujus
1518 4419 1587 4486 Vita,
1605 4437 1632 4476 n.
1649 4423 1707 4478 to?
1721 4437 1756 4476 an

69 4420 71 4425 ’
148 4430 211 4497 (483
238 4426 344 4497 Scripta
356 4439 427 4481 auno
442 4423 540 4480 Christi
557 4425 636 4482 4433.
1175 4493 1180 4503 Ι
1251 4491 1257 4502 ·

148 4502 211 4569 (483
236 4498 343 4554 Scilicet
356 4495 517 4570 querebatur
536 4495 677 4556 Conradns
695 4496 768 4566 quod
783 4495 902 4551 4488888-
956 4493 1040 4559 idem,
1057 4493 1090 4547 de
1105 4507 1158 4574 quo
1173 4509 1200 4546 sn
1215 4493 1329 4561 epistola
1347 4491 1422 4546 4764
1438 4499 1484 4546 884
1503 4491 1625 4547 Andreas
1640 4492 1674 4546 de
1689 4492 1753 4546 4484-

111 4572 163 4626 dus
179 4572 301 4627 Lotlrario
316 4568 425 4623 favisset
438 4575 531 4622 eontra
545 4565 645 4648 ipsum.
958 4566 1095 4628 demente,
1112 4580 1138 4617 m
1153 4563 1265 4635 epistola
1281 4562 1363 4643 3364Ι
1444 4632 1472 4642 ..
1528 4633 1534 4644 υ
1613 4633 1618 4643 .

146 4645 221 4712 (484)
237 4641 281 4696 Sic
295 4639 409 4695 vicarius
425 4637 495 4694 Petri
517 4637 616 4692 dimtur
639 4652 761 4692 summus
782 4635 902 4719 pontifex
993 4635 1069 4705 (484)
1085 4633 1214 4690 Videlicet
1228 4635 1384 4714 Benedictio
1402 4634 1450 4687 Der
1466 4648 1492 4685 ιιι
1509 4634 1620 4688 clroecesr
1640 4632 1753 4705 Lugdu·

110 4711 136 4767 in
152 4714 266 4780 epistola
280 4712 363 4766 modo
373 4712 435 4765 346.
451 4707 573 4764 vicarius
588 4707 658 4762 Petri
673 4715 699 4764 et
714 4709 790 4763 Paula
803 4709 832 4762 in
846 4709 903 4778 epi·
957 4707 1045 4772 nensi,
1068 4706 1101 4761 de
1124 4722 1179 4776 quo
1207 4720 1290 4774 sopra
1317 4704 1431 4785 epistola
1456 4705 1507 4758 443
1527 4720 1535 4772 ς
1565 4704 1702 4769 Dunense,
1728 4712 1755 4759 et

110 4784 180 4838 stola
200 4786 263 4839 343.
279 4781 378 4836 Confer
402 4779 542 4852 epistolam
565 4777 699 4849 Gorgonis
716 4778 760 4835 hic
773 4779 801 4833 in
829 4788 903 4833 tomo
958 4777 1209 4833 Claro-llarisoeuse
1223 4776 1251 4857 in
1267 4775 1371 4847 Belgio.
1428 4844 1434 4855 ·
1514 4842 1519 4853 ¹
1573 4841 1600 4852 ,1

107 4865 194 4921 sexto,
214 4862 241 4909 et
256 4861 334 4909 notas
352 4854 403 4907 hae
418 4852 452 4906 de
469 4867 497 4905 re
512 4861 618 4906 nostras
632 4849 660 4904 in
676 4849 772 4905 Saculi
788 4848 901 4906 secandi
993 4845 1065 4973 (488(
1079 4847 1194 4902 Volebat
1208 4847 1342 4918 siquidem
1357 4844 1478 4924 Pontifex
1491 4843 1684 4925 cistercienses
1698 4843 1753 4900 448-

107 4933 182 4996 88848
198 4928 292 4995 prima,
309 4941 372 4996 pag.
389 4925 451 4978 363.
464 4922 617 4977 Bernardus
632 4930 722 4974 tamen
738 4921 836 4992 Papam
849 4936 902 4975 vo·
956 4934 1007 4974 mae
1022 4935 1053 4973 co
1066 4918 1155 4974 locare
1176 4918 1203 4970 48
1218 4916 1331 4973 ecclesia
1357 4916 1599 4971 Sancti-dnastasu
1614 4913 1649 4968 ad
1662 4916 1753 4986 Aquas

105 5007 149 5053 cat
165 4997 298 5051 Vicarium
312 4993 410 5050 Christi
435 4994 462 5047 in
477 4993 592 5063 epistola
614 4991 659 5060 ta,
675 5005 702 5044 n.
728 4992 772 5055 34,
788 4991 817 5046 48
840 4992 901 5060 884-
956 4990 1059 5045 Salvias
1075 5007 1081 5045 ε
1096 4990 1141 5060 qui
1152 4989 1284 5044 coloniam
1299 4988 1412 5041 alteram
1428 4985 1659 5041 altero.Bernardo
1669 4986 1749 5067 duce.

105 5068 174 5124 stola
189 5071 253 5131 384,
273 5083 301 5119 ιι.
320 5067 346 5134 4,
366 5071 392 5118 84
407 5063 434 5117 48
445 5062 498 5118 fine
512 5062 570 5118 libri
584 5060 673 5135 quarti
689 5061 729 5117 lle
742 5061 901 5117 considera·
956 5061 1002 5131 qui
1016 5069 1109 5133 postea
1125 5061 1262 5129 Engortius
1282 5060 1327 5122 444,
1344 5060 1377 5111 ad
1392 5057 1547 5137 Farfensom
1562 5056 1686 5139 abbatem
1709 5061 1751 5111 dr-

104 5140 188 5194 tione.
204 5135 302 5191 Confer
329 5136 426 5190 librum
441 5138 591 5189 secundum
608 5134 645 5187 Do
669 5130 900 5197 consideratione,
956 5142 1057 5187 rectam
1081 5138 1232 5198 occupavit,
1257 5130 1329 5184 etad
1349 5125 1570 5208 ,Aquas-Salmas
1594 5136 1752 5210 peanitas·-

104 5227 133 5267 n.
153 5212 196 5263 46.
217 5209 281 5261 teau
296 5204 395 5260 Christi
420 5204 572 5259 vicariusa
594 5203 694 5259 tacobo
718 5200 852 5258 cardinale
872 5203 901 5259 in
956 5218 991 5259 no
1006 5205 1084 5268 4444),
1096 5218 1129 5258 ox
1145 5203 1215 5256 libro
1231 5199 1307 5255 tertio
1324 5199 1400 5263 Vrtae,
1413 5199 1496 5253 833.
1513 5198 1580 5254 llrdo
1595 5199 1639 5255 luc
1652 5209 1753 5270 episto·

104 5281 219 5355 epistola
234 5280 297 5341 346,
313 5277 347 5330 ad
366 5275 529 5331 Ludovicam
540 5273 758 5331 iunioreminter
770 5273 901 5331 Chaonia·
956 5274 995 5328 las
1011 5275 1062 5327 343
1078 5283 1103 5328 84
1119 5275 1181 5351 348.
1301 5340 1307 5358 ι
1344 5338 1384 5348 Η

105 5350 343 5423 nas,appellatur.
990 5345 1054 5412 (488
1085 5342 1190 5412 Scripta
1203 5355 1273 5394 anno
1288 5339 1481 5395 thrastrllib.

141 5425 205 5530 (485
234 5420 338 5490 Scripta
351 5433 422 5472 anno
436 5414 537 5471 Christi
552 5415 632 5470 4444.
654 5486 660 5498 .
877 5487 882 5498 ἡ
955 5485 961 5496 ι
989 5416 1050 5495 (teo
1075 5412 1168 5493 Galliae
1192 5410 1294 5469 seilicet
1307 5411 1490 5468 Narbonensis
1506 5430 1513 5466 ι
1529 5410 1581 5468 alia
1596 5427 1692 5485 nempe
1707 5419 1749 5469 est

155 5425 217 5566 4863
231 5496 273 5552 bn
292 5489 416 5548 Andreas
440 5487 519 5544 frater
533 5485 672 5553 bernardi,
687 5488 839 5546 monachus
854 5486 900 5547 Ct-
953 5501 982 5546 tn
996 5486 1136 5561 Hispania.
