3728 5940
99 129 153 192 695

101 345 170 402 ritus
179 346 208 402 in
221 344 327 402 uinculo
337 341 420 412 pacis.

136 433 212 489 Sicut
238 446 312 487 sacra
341 428 420 485 docet
435 431 594 498 auctoritas,
616 433 703 487 earnis
718 446 782 487 caro
796 430 897 498 ionum,

109 529 139 579 et
153 519 240 578 uronis
267 518 356 590 gloria
373 519 434 587 cius
453 519 532 590 quasi
552 520 603 576 llos
628 522 680 578 teni
708 524 773 591 (loo.
798 523 896 590 xn‚6).

101 610 201 664 Breues
215 607 273 663 dies
287 606 406 662 hominis
425 615 507 662 sunt:
525 609 622 665 transit
638 611 719 665 homo
734 610 806 666 uelut
833 626 897 664 arn-

100 699 158 761 bra,
174 710 313 766 nunquam
336 704 477 764 pormanet
504 696 530 750 iu
547 697 641 753 oedem
658 706 740 753 statu.
757 697 853 752 Deficit
868 701 898 752 ut

100 783 202 855 lamus,
227 783 300 840 eadit
327 791 357 838 ut
382 781 477 837 lolium
502 786 574 855 quod
590 801 606 838 a
621 795 702 842 rento
723 787 826 856 rapitur
840 785 897 853 (tob

684 122 728 191 dli
742 131 771 190 S.
790 124 957 189 BERNARDI
971 126 1149 190 anatolus

99 260 181 316 lluoo
194 255 245 313 Dei
258 256 344 330 gratia
358 253 492 311 Ostiensis
515 256 668 328 episcopus,
686 258 814 314 unitatem
839 255 896 327 spi.
911 268 934 345 Α

1690 128 1746 189 696

951 255 1028 312 vobis
1057 255 1173 323 facient,
1204 258 1322 330 benigne
1355 262 1381 312 et
1412 255 1556 314 efficaciter
1594 257 1746 313 exaudiatis

951 346 1079 419 Alioquin
1094 348 1185 403 sciatis
1199 347 1271 419 quod
1286 347 1349 402 inde
1373 361 1501 417 magnum
1521 348 1635 403 sentitur
1663 364 1743 403 scan-

949 434 1051 490 dolum.

1051 521 1136 580 :385
1159 524 1325 581 EPISTOLA
1345 524 1535 579 cntxxxtx
1548 525 1653 595 (1111).

950 624 1163 678 ιιιιιιτιιοιοιιει,
1180 628 1358 669 axarrscoeo
1379 628 1513 679 nonnoni,
1534 628 1570 667 sn
1594 627 1744 668 sausonnu

1134 717 1374 758 aasrrrserscoeuu
1389 717 1555 757 narrasses.

1040 789 1136 844 llerlrtlt
1152 793 1293 846 rnlr'orrcrrr
1307 808 1366 847 sure
1380 791 1650 854 odricinr'slrnlionr's,

100 886 159 939 xta,
175 875 202 927 5.
213 875 244 943 2;
260 886 322 936 vur,
337 875 369 940 93
384 885 448 936 aru,
475 873 531 940 25).
556 872 647 928 Decus
665 873 805 940 Ecclesiae,
821 882 898 942 pater
988 875 1148 939 Venerabili,
1166 892 1331 949 semperque
1345 877 1453 932 amabili
1482 867 1594 930 domino
1619 877 1742 931 Ssusour

98 958 218 1032 justitiae,
246 967 351 1015 amator
377 957 513 1029 religionis
534 968 561 1014 et
583 968 724 1032 patronus,
740 961 784 1034 qui
808 975 898 1029 super·
951 960 1094 1017 Remorum
1123 964 1337 1035 archiepiscopo,
1374 971 1401 1020 et
1435 965 1484 1018 suh
1513 964 1573 1032 ojus
1599 964 1744 1032 prasentia

100 1051 197 1106 borum
212 1057 238 1104 et
251 1045 408 1103 sublimium
421 1047 490 1102 colla
505 1049 613 1117 propria
626 1048 724 1107 uirtute
739 1051 895 1111 calcaverat,
951 1061 1115 1121 congregato
1130 1060 1222 1107 sancto
1236 1051 1388 1121 conventui,
1408 1051 1489 1106 trater
1511 1051 1743 1108 Banruouortaaus

102 1135 354 1209 quisupersolium
370 1127 595 1207 navtuitsnper
611 1138 799 1208 reguunrejus
815 1137 895 1193 sode—
951 1135 978 1190 in
994 1137 1150 1192 Fusciniaco
1178 1155 1278 1210 pauper
1305 1140 1459 1203 monachus,
1489 1137 1744 1194 rnisericerdiamet

100 1226 156 1293 bat,
172 1233 202 1280 ut
216 1223 363 1280 Ecclesiam
391 1224 442 1278 sibi
470 1226 652 1290 commissam,
675 1243 755 1297 quam
779 1226 812 1280 ad
848 1240 896 1279 su·
951 1233 1089 1282 ueritatem
1104 1226 1291 1298 diligentibus.

101 1313 210 1369 blimem
240 1319 338 1368 statum
366 1313 516 1381 reduxerat,
539 1312 708 1369 confirmaret
724 1322 750 1368 ot
769 1313 897 1369 corrobo-
987 1318 1013 1372 1.
1031 1316 1206 1372 verecundiae
1220 1333 1287 1372 meae
1302 1317 1435 1374 silentium
1450 1317 1563 1388 imperat
1578 1317 1659 1386 hujus
1678 1330 1744 1370 san-

3 1440 6 1445 *
102 1415 188 1468 rarct;
206 1412 291 1473 pater,
320 1401 441 1472 inquam,
470 1409 562 1456 uester
588 1418 620 1458 ae
645 1401 784 1471 defensor,
808 1398 895 1455 l'elieis
950 1405 1150 1461 cticonrentus
1182 1405 1427 1476 solemnitas;sed
1455 1406 1570 1461 trontem
1599 1406 1697 1474 aperit,
1716 1414 1745 1459 et

101 1490 238 1547 memoriae
265 1504 335 1562 papa
362 1488 499 1562 Eugenius
542 1491 633 1545 trabea
669 1491 760 1546 carnis
787 1499 893 1556 exutus,
949 1492 1068 1549 stimulat
1094 1493 1305 1566 adloquendum
1334 1495 1362 1549 in
1384 1495 1474 1567 palam
1499 1494 1642 1549 imminens
1665 1494 1746 1548 lamae

101 1591 197 1635 oenro
221 1578 285 1633 Idus
310 1577 373 1632 Julii
400 1592 479 1632 carne
505 1577 694 1634 immaculatus
723 1578 896 1649 migraritad
950 1581 1184 1653 meaepericulam.
1204 1582 1298 1654 Neque
1320 1582 1392 1638 enim
1428 1582 1607 1636 dissumulare
1635 1597 1746 1650 possum

102 1668 250 1724 Christum.
281 1665 370 1722 Exirit
403 1664 512 1721 Christo
539 1668 645 1723 obviarn
674 1667 702 1721 in
728 1684 799 1727 aera.
816 1668 896 1723 etsie
951 1672 1023 1743 qaod
1043 1670 1188 1725 multorum
1219 1670 1340 1743 vulgarit
1368 1669 1469 1738 opinio,
1498 1671 1679 1741 quodetiam
1708 1671 1744 1726 ad

31 1830 35 1841 Ι
102 1770 289 1826 seurporcum
316 1753 644 1824 Dominoerit31lgrru1u
673 1765 896 1824 secuturnsquo-
950 1774 1028 1813 aures
1041 1757 1143 1813 domini
1159 1759 1237 1828 rapa
1255 1758 1366 1813 volarit.
1390 1757 1565 1827 Episcopatus
1580 1756 1686 1811 reditus
1702 1773 1745 1811 ma

104 1857 211 1912 cunque
222 1840 293 1897 ierit.
309 1842 391 1912 Cujus
401 1841 547 1914 exsequiae,
557 1853 656 1912 praeter
671 1858 747 1911 spem
768 1841 899 1907 ornuiunr,

100 1934 157 2002 jam
184 1930 241 1985 tere
260 1931 332 1986 enim
359 1938 480 1986 senatum
508 1929 711 1997 adnihilaretur,
729 1941 825 2000 plraeter
839 1944 897 1984 mo-

101 2035 157 2075 rem
187 2027 362 2084 consuetum,
389 2020 426 2075 ita
452 2036 502 2092 per
534 2019 647 2073 biduum
663 2027 725 2074 sunt
748 2017 897 2075 colorent

101 2110 205 2184 populo
219 2108 371 2177 celebratae,
392 2117 423 2165 ut
447 2110 503 2178 jam
519 2108 667 2164 crederetis
695 2115 853 2181 regnantem
871 2111 898 2160 in

101 2197 188 2268 coelis,
204 2197 249 2269 qui
265 2206 388 2254 mortuus
402 2196 440 2252 ita
454 2198 592 2254 colebatur
625 2198 652 2251 in
673 2197 797 2252 ceramo
813 2211 897 2268 quan·

102 2296 147 2344 tus
170 2299 228 2342 erat
241 2287 329 2344 luctus
351 2287 490 2342 omniuml
507 2295 608 2358 quauta
623 2285 757 2356 praecipue
779 2287 898 2339 lamenta

102 2374 267 2449 pupillorum
292 2385 318 2432 et
346 2377 507 2434 uiduarum!
533 2376 589 2446 jam
617 2375 747 2431 diceretis
762 2389 822 2429 esse
838 2388 898 2428 curn

102 2466 169 2536 Deo,
191 2464 289 2537 quiite
315 2464 513 2520 lamentabatur
530 2482 545 2518 u
565 2465 676 2537 populo.
693 2462 789 2517 Procul
816 2459 898 2515 dubio

950 1847 1097 1902 detraxisse
1116 1859 1206 1900 rumor
1220 1852 1271 1911 est,
1298 1846 1341 1900 eui
1367 1844 1468 1900 rumori
1485 1844 1546 1914 plns
1570 1846 1643 1913 justo
1659 1844 1747 1899 credit

950 1933 1135 1990 Laudunensis
1154 1933 1310 2005 episcopus.
1337 1933 1427 1987 ileum
1456 1946 1523 2001 crgo
1539 1942 1676 2001 estsuper
1705 1935 1746 1987 eis

952 2024 1029 2080 lateri
1042 2023 1113 2095 qnod
1129 2037 1222 2079 uerum
1237 2031 1296 2086 est;
1327 2022 1424 2076 intueri
1446 2030 1537 2075 autem
1552 2021 1623 2091 quod
1637 2021 1744 2089 justum

951 2123 999 2184 est,
1014 2124 1040 2170 et
1052 2111 1129 2182 tueri,
1145 2122 1263 2168 vestmm
1284 2109 1345 2166 erit.

988 2206 1014 2258 2.
1031 2197 1218 2256 laudunensis
1229 2199 1308 2255 sedes
1321 2197 1405 2254 tristis
1418 2205 1445 2253 et
1459 2213 1578 2253 moerens
1601 2205 1667 2266 erat,
1685 2214 1746 2254 curn

951 2290 1015 2346 illuc
1039 2291 1156 2362 primurn
1169 2289 1308 2361 ingressus
1326 2302 1394 2352 sum,
1424 2294 1516 2358 utpote
1530 2286 1618 2341 attrita
1634 2287 1749 2342 seditio·

952 2380 1042 2444 nibus,
1059 2387 1085 2433 et
1099 2377 1208 2450 ignibus
1216 2382 1385 2432 concremata
1400 2376 1469 2444 lpsae
1483 2389 1590 2444 quoque
1605 2389 1648 2428 res
1663 2377 1749 2444 majo

953 2470 989 2525 ris
1002 2467 1122 2524 eeclesiae
1142 2466 1250 2522 afflictae
1263 2471 1351 2529 erant,
1367 2471 1394 2518 et
1421 2474 1513 2519 tenues
1528 2461 1641 2516 reditus.
1658 2462 1686 2516 Si
1708 2463 1748 2516 illi

103 2561 265 2625 ere9¹¹1sest
298 2555 332 2609 de
355 2554 450 2625 laquel>
464 2555 618 2612 venantium
635 2572 642 2608 ²
658 2554 790 2610 001¹lsil¹²8
803 2560 845 2607 ⁰81
860 2550 898 2603 ¹³·
954 2557 1059 2632 porreri
1074 2571 1182 2611 manum
1201 2562 1230 2609 at
1245 2560 1407 2623 resurgeret,
1423 2552 1497 2607 norit
1511 2553 1591 2618 Deus,
1614 2560 1749 2606 nouerant

103 2657 196 2714 (luens.
209 2651 236 2698 θῑ
249 2642 307 2712 ipse
321 2642 453 2698 liberatus
473 2650 525 2707 0⁵1,
542 2653 642 2712 raptus,
658 2651 690 2698 ut
702 2641 836 2696 credimus
850 2653 899 2693 ¹¹⁰³
953 2656 979 2704 et
993 2645 1122 2703 Ecclesiae
1136 2643 1193 2702 lilii.
1209 2643 1398 2698 Verumtamen
1410 2640 1473 2694 nihil
1489 2639 1529 2694 eis
1545 2638 1657 2705 contuli,
1674 2639 1748 2709 quod

102 2730 149 2801 qui
173 2731 234 2798 ejus
252 2731 442 2786 conscientiam
470 2731 606 2798 nouimus,
632 2745 719 2800 usque
740 2728 773 2783 ad
789 2727 899 2783 tertium
954 2737 988 2791 ad
1003 2735 1108 2791 reditus
1130 2732 1244 2803 pertinet
1263 2729 1393 2800 episcopi,
1419 2739 1517 2798 prater
1542 2741 1649 2799 porcos,
1675 2741 1747 2799 quos

104 2817 215 2885 ssoelumr
236 2833 291 2873 ⁰⁰¹¹
315 2817 473 2887 relinquens
501 2833 552 2873 ¹¹⁰⁵
578 2819 725 2886 orphanos,
746 2824 776 2871 ut
791 2815 900 2885 (illidam
916 2821 938 2900 c
954 2825 1036 2897 vulgo
1051 2826 1186 2878 nostrates
1199 2833 1290 2876 verres
1304 2826 1410 2885 uocant,
1421 2830 1491 2887 quos
1516 2829 1618 2869 ancusae
1634 2812 1744 2885 episco-

105 2912 254 2961 autumant.
270 2905 387 2978 Rogabit
400 2904 471 2961 enim
500 2906 586 2960 Deum
603 2906 707 2960 Patrem
731 2912 757 2960 el
772 2902 901 2976 Unigeni-

108 3003 241 3051 tumeam
260 2993 362 3066 Spiritu
377 3000 472 3050 sancto
491 2992 537 3064 qui
557 3001 598 3048 est
616 2994 690 3048 Deus
704 2990 861 3047 benedictus
875 2991 903 3044 in

108 3083 217 3150 saecula,
233 3098 295 3138 cum
323 3098 377 3153 quo
397 3090 448 3148 cst,
471 3096 520 3153 pro
549 3080 637 3138 nobis.
659 3081 714 3137 Vos
741 3088 842 3145 autem,
868 3078 903 3134 de

109 3188 225 3245 querum
244 3171 357 3245 collegio
381 3171 439 3243 ipse
454 3178 495 3225 est
520 3170 635 3236 electas,
655 3158 804 3225 ut'sederet
822 3183 904 3239 super

109 3261 254 3334 principes,
284 3267 312 3316 et
339 3261 438 3316 solium
466 3257 562 3331 gloriae
576 3266 688 3324 teneret,
707 3265 782 3313 orate
801 3272 851 3329 pro
871 3271 904 3312 eo

110 3348 264 3407 constituite
292 3356 422 3420 perpetua
440 3346 580 3411 beneticia,
605 3349 635 3401 ut
655 3347 727 3401 Deus
743 3346 793 3401 sihi
814 3343 904 3399 indul·

110 3450 182 3512 geat,
210 3449 237 3494 et
257 3452 357 3494 corona
380 3436 473 3511 gloriae
493 3434 545 3490 sibi
560 3444 666 3506 augeat:
685 3435 739 3489 Pro
753 3434 832 3488 bouae
848 3447 904 3485 me·

111 3525 203 3584 moriae
223 3525 405 3581 iratrenostre
420 3523 543 3578 similiter
557 3535 655 3578 orate:
681 3535 728 3592 pro
746 3520 823 3575 uobis
842 3535 905 3575 roro

111 3614 198 3687 quiin
213 3615 265 3670 hac
279 3611 350 3669 ualle
363 3612 489 3676 miseria,
505 3613 531 3667 in
547 3613 598 3667 hac
612 3611 720 3683 regione
738 3608 905 3662 dissimilitu-

111 3702 194 3769 dinis,
210 3711 238 3758 et
258 3701 284 3756 in
305 3699 393 3758 medio
418 3716 506 3771 prauae
530 3699 648 3755 nationis
661 3697 849 3762 remansimus,
879 3705 908 3752 et

111 3807 162 3865 pro
180 3790 302 3848 Ecclesia
314 3789 445 3853 Romana,
461 3805 521 3860 quar.
537 3803 571 3844 ex
596 3796 650 3843 tam
669 3786 725 3842 alto
753 3786 905 3858 gradatam

111 3879 186 3937 breui
205 3874 291 3950 spatio
316 3894 400 3950 usque
434 3879 461 3932 in
495 3876 657 3949 protundum
688 3875 780 3948 abyssi
808 3872 906 3930 inferni

111 3968 218 4037 cecidit,
233 3966 410 4023 nihilominus
429 3981 555 4040 rogamus
568 3964 661 4031 oretis,
681 3980 714 4018 ne
733 3965 906 4033 demergatur

112 4058 139 4112 in
164 4057 326 4127 profundum
354 4056 436 4126 hujus
460 4055 550 4126 magni
584 4053 678 4118 maris,
707 4052 734 4106 in
763 4066 817 4122 quo
841 4059 905 4104 snat

54 4186 60 4194 .
113 4144 225 4213 reptilia,
253 4157 437 4216 quorumnon
464 4149 505 4197 est
530 4155 666 4194 numerus.
698 4138 831 4192 Prasteroa
860 4152 905 4191 ro·

112 4249 210 4306 gamus
232 4231 341 4297 obnixe,
366 4239 508 4301 quatenus,
538 4228 562 4282 si
590 4228 706 4297 paruitas
727 4235 816 4280 nostra
830 4224 908 4296 quid-

112 4338 192 4394 quam
224 4320 253 4375 in
285 4318 371 4375 oculis
397 4318 495 4374 rostris
531 4325 630 4387 potest,
668 4314 808 4386 petitiones
840 4328 907 4382 quas

112 4411 211 4465 latores
239 4407 412 4479 praesentium
425 4421 475 4478 pro
503 4405 583 4460 domo
613 4399 863 4469 Sancti-Anastasii,
879 4408 907 4457 et

112 4512 162 4569 pro
176 4497 258 4554 domo
273 4495 470 4561 Fossa-Norae,
491 4501 519 4550 et
535 4509 581 4563 pro
596 4491 678 4547 domo
699 4490 732 4546 de
746 4487 909 4545 Casa-Marii

161 4637 241 4705 itta)
256 4633 362 4706 Scripta
375 4636 447 4690 circa
460 4646 560 4687 anuum
576 4634 656 4687 1151.

160 4709 241 4775 atta)
257 4707 363 4776 Nempe
376 4703 619 4761 Sancti-Vincentii
634 4704 667 4758 sd
679 4702 786 4767 urbem,
802 4700 907 4758 Sancti·

111 4779 253 4838 lichaelis
280 4779 309 4833 in
338 4776 475 4847 Teraseia,
505 4774 716 4832 Sancti-Nicolai
745 4773 772 4827 in
800 4774 902 4842 Basca,

112 4848 324 4909 nancte-uarie
361 4848 396 4903 de
430 4845 594 4921 Nouigento,
631 4843 838 4902 Sancti·Nicolai
877 4844 906 4897 in

111 4923 200 4992 Prata,
215 4922 348 4985 virorum;
366 4928 465 4992 praeter
481 4920 660 4989 parthenones
683 4913 905 4972 Sancti-loannis

111 4993 211 5064 inipso
225 4993 292 5048 urbe
330 5000 358 5048 et
381 4989 601 5046 auriniacenscm
630 4989 657 5042 in
673 4987 769 5044 eadem
784 4984 904 5040 dioecesi.

149 5064 243 5136 (1111)
280 5036 342 5118 liaec
379 5069 519 5118 enarnerat
540 5054 906 5116 hermannushaudrrnensis

112 5138 139 5192 in
167 5135 236 5191 libro
266 5136 343 5189 tertio
362 5133 396 5190 de
414 5132 546 5189 iliraculis
562 5150 569 5188 :
585 5131 685 5188 scilicet
711 5131 905 5184 Praenronstra·

111 5218 196 5271 tense,
221 5204 433 5262 Sancti-Martini
460 5205 488 5259 in
515 5205 594 5266 urbe,
613 5200 787 5267 Tenolianse,
810 5197 904 5254 Clara-

111 5277 292 5343 Fontanense,
317 5284 345 5331 et
366 5274 552 5332 Cuissiacense
578 5272 689 5329 Ordinis
708 5272 903 5326 Praemonstra-

111 5349 205 5414 tentis,
238 5346 453 5412 Fusciniacense,
481 5346 651 5417 Spinetense,
667 5350 693 5399 et
719 5341 902 5406 valclarense,

111 5415 174 5477 orn.
207 5417 405 5482 Cistarcieusis,
435 5416 556 5476 virorum
584 5433 589 5471 :
618 5416 719 5485 quibus
749 5425 842 5466 nonna
870 5408 903 5464 ad

956 2912 1009 2984 pall
1026 2924 1146 2982 personae
1171 2907 1311 2963 solvebant
1329 2903 1460 2960 ccclesiae.
1482 2904 1546 2965 llos,
1576 2903 1693 2973 inquam.
1710 2903 1746 2956 ad

956 2999 1129 3073 praebendam
1142 2994 1334 3051 canonicorum
1360 2990 1496 3056 concessi,
1526 2990 1654 3060 quoniam
1686 2990 1749 3044 illos

957 3104 1007 3143 nec
1021 3086 1080 3143 sine
1095 3084 1198 3156 pudore
1213 3082 1332 3154 erigere,
1348 3095 1396 3137 nec
1425 3081 1524 3135 habere
1540 3079 1598 3134 sine
1617 3077 1749 3132 modestia

957 3183 1091 3248 poteram.
1119 3175 1250 3228 ureteras
1277 3169 1396 3241 quinque
1423 3168 1555 3224 duntaxat
1576 3167 1702 3222 abbatias
1723 3167 1751 3220 in

958 3274 1049 3319 nestra
1062 3259 1171 3316 dioecesi
1182 3257 1269 3328 reperi
1284 3258 1387 3327 (1143),
1416 3258 1495 3312 rebus
1524 3256 1622 3326 pariter
1638 3270 1668 3310 ac
1685 3255 1751 3310 reli-

959 3354 1039 3425 gione
1052 3348 1179 3418 dilapsas.
1204 3347 1234 3401 ln
1252 3345 1304 3410 his,
1334 3344 1446 3401 Domino
1475 3344 1534 3399 Deo
1558 3343 1752 3415 multiplicante

958 3436 1171 3494 misericordiam
1196 3449 1282 3503 suam,
1309 3440 1336 3489 et
1356 3446 1480 3498 numero,
1506 3439 1533 3485 ct
1558 3431 1653 3486 merito
1669 3431 1754 3486 crevit

960 3537 1114 3585 sanctorum
1129 3539 1267 3593 numerus,
1284 3533 1310 3579 et
1326 3522 1461 3593 possessio
1489 3530 1529 3577 cst
1541 3522 1664 3576 dilatata.
1693 3519 1753 3575 No·

959 3634 1020 3676 vom
1035 3616 1148 3687 insuper
1163 3629 1239 3670 novas
1259 3611 1399 3685 religionis
1414 3610 1575 3666 monasteria
1605 3609 1708 3678 passim
1725 3609 1754 3664 in

961 3707 1058 3764 eadern
1086 3704 1197 3762 dioecesi
1227 3713 1290 3759 sunt
1317 3701 1430 3757 lundata
1463 3698 1567 3769 (titt).
1593 3700 1696 3754 llorum
1726 3698 1754 3752 in

961 3795 1086 3869 personis
1101 3809 1230 3850 numerus
1245 3806 1385 3846 numerum
1413 3804 1483 3861 pene
1497 3787 1603 3843 excedit
1620 3805 1627 3847 ς
1657 3787 1756 3841 horum

961 3884 1056 3957 religio
1071 3880 1213 3954 religionis
1240 3887 1281 3934 est
1306 3879 1442 3948 specimen
1459 3895 1465 3933 :
1481 3877 1588 3943 ,lterum
1604 3882 1657 3930 tarn
1672 3874 1758 3930 multa

960 3973 1096 4046 possessio
1129 3978 1179 4035 est,
1196 3978 1249 4025 tam
1264 3968 1356 4022 multis
1373 3965 1477 4022 abunde
1492 3964 1638 4020 sufficiens.

1002 4067 1028 4121 3.
1045 4061 1074 4117 Si
1102 4073 1211 4114 manum
1234 4053 1359 4111 beneficii
1381 4069 1425 4107 me
1446 4052 1597 4121 porrexisse
1623 4064 1756 4120 negavero

966 4149 1084 4219 antiquis
1109 4145 1230 4202 ecclesiis
1253 4155 1282 4200 ut
1310 4149 1492 4214 resurgerent,
1520 4139 1632 4196 novellis
1646 4148 1675 4193 ut
1689 4151 1755 4192 corr-

963 4244 1115 4309 surgercnt,
1140 4233 1262 4289 mentiar.
1303 4231 1393 4287 Prosui
1436 4244 1501 4285 sane
1536 4227 1592 4284 lere
1630 4225 1755 4282 ecclesiis

962 4326 1088 4384 omnibus
1105 4341 1111 4379 :
1127 4324 1175 4378 sed
1190 4337 1240 4377 nec
1253 4330 1383 4391 quantum
1401 4316 1484 4382 volui,
1500 4333 1548 4372 aec
1562 4324 1693 4387 quantum
1707 4313 1756 4370 de·

962 4416 1019 4472 bui.
1037 4415 1106 4470 Sane
1123 4411 1241 4467 Calirrtas
1254 4424 1324 4481 papa
1338 4407 1475 4463 dominum
1491 4407 1661 4471 Norbertum,
1678 4405 1757 4476 cujus

962 4500 1092 4560 memoria
1115 4497 1302 4555 benedictione
1329 4502 1370 4551 est
1396 4494 1459 4549 tidei
1487 4501 1583 4550 nostrae
1610 4491 1757 4548 commisit.

960 4626 1063 4683 radices
1084 4623 1185 4678 montis
1204 4619 1390 4676 Laadunensis
1419 4617 1518 4688 adjecit
1532 4612 1756 4672 lloaasteriolum

960 4712 1009 4769 pro
1024 4692 1273 4750 sanctimonialibus
1302 4691 1426 4761 ejusdem
1454 4686 1588 4745 instituti:
1614 4700 1668 4757 quo
1699 4701 1756 4740 uno

960 4766 1123 4823 monasterio
1149 4774 1241 4822 censet
1255 4764 1425 4817 llermannus
1448 4760 1649 4817 laudunensem
1664 4757 1758 4811 eccle·

960 4839 1027 4894 siam
1041 4836 1147 4894 caeteris
1161 4836 1261 4890 debere
1277 4832 1407 4904 praeferri,
1423 4834 1495 4902 qued
1518 4837 1580 4884 ante
1594 4827 1660 4883 illud
1680 4827 1758 4881 nulla

959 4909 1114 4980 hujusmodi
1138 4905 1279 4979 religionis
1293 4904 1399 4958 abbatia
1423 4902 1585 4958 feminarum
1612 4898 1756 4954 exstiterit.

960 5001 972 5032 r
990 4982 1047 5046 Hae,
1063 4977 1194 5050 depositis
1208 4975 1336 5033 omnibus
1351 4973 1430 5030 lincis
1446 4971 1622 5038 indumentis,
1642 4991 1653 5020 s
1672 4968 1759 5039 inquit

958 5052 1029 5108 idem
1044 5058 1150 5111 arrctor,
1168 5071 1178 5097 a
1196 5055 1275 5119 atquo
1302 5045 1427 5117 pelliciis,
1456 5044 1521 5099 solis
1549 5041 1647 5098 tunicis
1672 5040 1759 5095 laneis

958 5124 1109 5185 utebantur,
1130 5128 1156 5174 ct
1184 5134 1238 5172 non
1264 5115 1457 5172 solumneudo
1483 5115 1525 5169 rel
1560 5113 1686 5181 texendo,
1706 5111 1756 5166 sed

958 5193 1081 5250 etiamin
1109 5191 1180 5262 agris
1208 5188 1351 5257 fodiendis,
1379 5187 1453 5242 siluis
1480 5185 1671 5256 exstirpandis,
1683 5188 1759 5237 eret·

958 5264 1097 5335 laudisque
1120 5261 1205 5334 spinis
1229 5267 1256 5316 et
1271 5259 1408 5330 vepribus,
1422 5257 1547 5312 manibus
1561 5255 1667 5311 assidue
1682 5253 1758 5308 lubo-

958 5342 1048 5391 rantes
1062 5349 1122 5391 cum
1137 5331 1255 5399 silentio,
1271 5330 1323 5386 sibi
1336 5329 1434 5385 vietum
1451 5327 1608 5399 quaerebant
1632 5325 1759 5393 exemplo

958 5404 1217 5463 Clare-Vallensium
1233 5401 1435 5458 inonachorum.
1453 5421 1465 5450 r
