3728 5940
561 182 593 240 S.
626 174 792 241 aaudiat!
819 166 968 233 hssssahbl
989 171 1300 235 citam-vlutailsls
1695 176 1765 239 iiiiii

102 196 168 259 tosa

68 362 75 368 -
101 337 133 378 sc
149 335 211 377 esse
224 318 343 376 debere;
361 317 388 367 et
416 306 456 363 sic
483 304 632 360 sollicitans
656 302 749 374 plebes
772 300 903 355 adversus
920 307 943 385 Α
959 296 1072 353 sudores
1087 307 1113 353 et
1129 300 1251 369 pericula
1266 296 1436 354 confortavit.
1452 295 1519 364 Quis
1543 297 1627 370 digne
1643 315 1766 357 conme-

101 408 268 470 Malachiam,
281 410 362 472 atque
382 395 507 453 Ecclesiae
531 394 671 448 unitatem.
695 392 730 446 Et
766 389 828 444 lecit
839 387 878 442 sic
894 404 900 438 :
959 387 1062 442 moreti
1076 388 1139 441 Nou
1153 396 1241 443 tamen
1256 388 1346 442 omnia
1358 387 1536 458 praeterimus,
1546 388 1597 443 etsi
1607 406 1667 444 non
1692 392 1767 448 suth.

102 506 130 553 et
149 497 207 551 siue
218 488 376 548 difficultate
391 486 428 540 ita
444 484 472 539 in
482 482 560 539 brevi
572 477 825 547 uniuersassepivit
847 475 904 531 rrius
956 473 1042 530 cimus
1056 477 1089 530 ad
1114 476 1214 533 omnia.
1238 478 1351 547 Propter
1366 475 1462 531 seriem
1478 483 1570 531 autem
1596 479 1767 537 narrationis

102 586 163 655 aJus
191 598 241 655 per
264 577 382 650 gratiam
407 573 459 629 sibi
487 589 503 628 a
527 571 646 626 Domino
660 572 761 634 datam,
782 574 810 620 et
824 580 904 636 quam
958 578 993 617 ne
1007 563 1178 635 impediatur,
1191 565 1349 638 aliquaquar
1364 564 1463 620 dicturi
1478 582 1572 621 sumus
1587 582 1767 627 reservamus

101 669 261 728 habebatad
277 681 384 735 omnes,
400 671 429 717 ut
446 661 585 734 malignus
598 658 644 714 ille
659 664 770 714 coactus
785 654 820 709 sit
840 652 906 708 darc

103 776 207 824 manus,
231 755 345 812 reddero
373 750 499 823 insignia,
526 757 553 804 et
574 747 717 819 quiescere
747 746 780 798 dc
800 741 905 813 reliquo

102 849 129 903 iu
155 846 229 902 omni
255 841 435 914 subjectione.
452 840 493 893 lta
512 837 660 893 Malachias
687 835 749 890 licet
762 849 808 905 per
825 832 907 886 multa

102 936 226 1009 pericula
239 941 266 988 ct
280 933 400 994 labores,
416 927 632 1000 prosperabatur
655 924 682 978 in
705 923 773 987 dies,
790 930 816 974 et
846 936 908 975 corr-

100 1023 253 1083 iortabatur
264 1020 352 1094 inagis
376 1034 408 1074 ac
422 1017 509 1089 magis
534 1016 679 1070 abundans
704 1012 732 1066 in
748 1026 800 1081 spe
814 1017 840 1062 et
852 1008 907 1064 vir·

49 1133 53 1137 ·
102 1122 158 1169 tute
173 1111 293 1183 Spiritus
307 1107 404 1163 sancti.

404 1194 519 1250 CAPUT
555 1190 627 1247 thl.

248 1290 319 1345 Meas
331 1285 476 1340 Malachiae
494 1283 665 1362 detractores
680 1282 779 1352 punit.

959 651 987 706 in
1001 651 1090 711 linem.

1249 745 1364 801 CAPUT
1383 744 1457 800 xlv.

987 835 1085 892 Scdcm
1098 835 1348 906 metropolitana-rra
1357 838 1422 906 paci
1436 835 1577 891 redditam
1592 839 1738 909 resipraat.

997 927 1041 978 31.
1057 924 1142 993 Igitur
1158 923 1303 978 Malachiae
1325 923 1395 977 intra
1418 922 1564 979 triennium
1586 925 1700 981 reddita
1724 945 1765 983 re·

961 1012 1106 1068 tributione
1127 1011 1262 1082 superbis,
1288 1019 1315 1066 et
1329 1012 1451 1068 libertate
1473 1013 1601 1069 Euetesrae
1625 1015 1763 1081 restituta,

962 1104 1040 1172 pulsa
1054 1101 1187 1167 barbarie,
1201 1107 1243 1160 ,et
1257 1100 1410 1156 reinnnatis
1434 1100 1535 1172 ubique
1552 1103 1677 1160 moribus
1694 1108 1766 1161 chri·

963 1189 1057 1244 suanae
1072 1188 1219 1262 religionis,
1235 1187 1329 1245 videns
1346 1189 1437 1244 omnia
1450 1189 1478 1243 in
1493 1204 1559 1260 pace
1587 1207 1661 1259 esse,
1679 1197 1764 1268 coepit

963 1279 1080 1350 cogitare
1095 1285 1122 1332 et
1137 1279 1170 1333 de
1197 1293 1246 1331 sua
1261 1293 1336 1348 pace.
1367 1278 1399 1332 at
1414 1292 1518 1334 mernor
1546 1282 1682 1352 propositi
1712 1286 1763 1347 sui,

140 1381 184 1432 28.
208 1377 266 1432 Nec
290 1374 372 1429 modo
397 1369 593 1439 malefactores,
615 1368 662 1423 sed
690 1377 716 1423 et
744 1369 910 1424 detractores
963 1366 1102 1423 constituit
1118 1363 1268 1436 promi?
1283 1381 1312 1421 se
1326 1364 1475 1433 Gelasium,
1501 1366 1591 1423 tirum
1604 1370 1724 1442 bonum,
1740 1383 1765 1428 et

103 1465 240 1522 Malachiae
267 1461 400 1529 corripuit
432 1460 515 1514 Deus.
545 1456 672 1525 Quidam,
701 1456 777 1511 verbi
802 1456 906 1528 gratia,

964 1455 1075 1527 dignum
1091 1455 1137 1509 tali
1152 1457 1266 1521 honore,
1283 1453 1491 1511 conniventibus
1516 1454 1591 1513 clero
1605 1465 1634 1514 et
1650 1463 1762 1531 populo,

102 1553 217 1625 gratiam
228 1552 331 1606 habens
346 1548 443 1621 princip
455 1563 502 1602 uin
512 1555 538 1601 et
555 1553 706 1617 potentum,
717 1545 796 1600 etiam
818 1544 903 1615 ipsius
920 1548 942 1624 Β
957 1544 1021 1616 quin
1036 1543 1126 1614 potius
1141 1542 1337 1598 sustinentibus
1352 1551 1461 1614 propter
1471 1551 1589 1616 pactum.
1600 1547 1673 1602 Nam
1697 1551 1764 1606 alias

104 1642 196 1713 Regis,
212 1642 365 1714 quodessot
379 1636 540 1692 adulatoret
565 1633 702 1703 parrulus,
718 1641 743 1688 et
766 1633 903 1705 potensin

104 1730 211 1804 lingua3
226 1728 334 1785 larebat
358 1742 408 1798 per
432 1725 524 1779 omnia
537 1721 702 1778 adversariis
715 1721 861 1786 Malachiae,
878 1729 905 1777 et

103 1818 253 1890 procaciter
271 1816 397 1872 tuebatur
410 1822 514 1886 purtem
529 1827 625 1868 corum
641 1825 647 1864 :
666 1811 768 1866 Sancto
790 1826 855 1865 vero
879 1818 905 1865 et

105 1906 233 1979 praesenti
252 1904 398 1960 resistebat
412 1902 440 1956 iu
451 1901 531 1968 faeie,
551 1909 578 1955 et
592 1899 750 1956 detrahebat
778 1899 903 1965 abstenti,

103 1994 287 2052 irreverenter
301 2006 448 2048 occurrens
458 1999 484 2045 et
497 1990 525 2044 in
540 1988 614 2044 omni
636 1988 707 2053 loro,
734 1988 905 2058 urarhueque

105 2084 152 2139 ubi
161 2080 359 2139 celebrioribus
369 2079 443 2133 illum
472 2078 694 2134 sciretintcresse
715 2077 904 2132 conventibus.

106 2172 159 2228 Sed
174 2171 226 2226 cito
241 2169 322 2240 digua
337 2167 434 2240 linguae
451 2166 572 2235 procacis
587 2165 714 2219 mercede
729 2165 903 2220 donatusest.

104 2258 235 2315 Intumuit
257 2266 283 2313 et
296 2254 462 2325 computruit
490 2255 583 2327 lingua
598 2252 739 2319 maledica,
766 2253 905 2308 vermibus

106 2363 139 2406 er
162 2363 194 2403 ea
213 2344 390 2408 scatentibus,
404 2351 431 2398 et
446 2340 630 2398 diiliuentibus
645 2347 701 2396 tuto
718 2358 765 2397 ere
779 2341 906 2412 blasphe-

105 2453 152 2491 mo
168 2451 174 2488 :
190 2450 259 2508 quus
274 2449 322 2503 por
345 2439 450 2504 septem
472 2430 558 2486 terme
574 2430 632 2484 dies
660 2429 829 2486 incessanter·
856 2448 905 2485 ro·

106 2542 193 2590 mens,
212 2523 321 2578 tandem
346 2536 406 2577 cum
421 2519 474 2574 illis
496 2519 624 2573 irriserant
647 2518 757 2588 exspuit
776 2519 905 2574 animam.

143 2617 187 2669 29.
203 2613 343 2685 Loquente
356 2624 451 2665 coram
474 2594 619 2680 aliquando
635 2606 776 2673 Malachia,
797 2615 825 2663 et
852 2624 906 2678 po·

959 1632 1057 1687 durum
1072 1632 1160 1687 visum
1175 1631 1295 1686 omnino.
1311 1630 1373 1698 Quo
1402 1641 1570 1702 consecrato,
1595 1637 1763 1711 regibusque

958 1737 991 1778 ac
1007 1721 1173 1794 principibus
1197 1719 1322 1774 attentius
1349 1721 1549 1786 commendato,
1585 1724 1646 1793 ipse
1674 1727 1763 1784 clarus

959 1809 1095 1867 miraculis
1109 1819 1136 1865 et
1158 1808 1312 1881 triumphis,
1329 1810 1362 1863 ad
1378 1824 1453 1864 suam
1470 1812 1628 1881 parochiam
1657 1815 1761 1871 rediit:

960 1915 1013 1954 non
1029 1907 1118 1953 tamen
1133 1896 1299 1952 connereth.
1328 1897 1359 1951 Et
1374 1897 1436 1951 audi
1450 1913 1559 1953 causam
1580 1899 1690 1972 dignam
1723 1918 1763 1958 rc·

960 1997 1024 2058 latu.
1041 1984 1173 2042 Dioecesis
1187 1984 1232 2040 illa
1261 1984 1328 2039 duas
1343 1984 1426 2040 fertur
1456 1986 1584 2043 habuisse
1610 1990 1764 2063 antiquitus

959 2075 1131 2147 episcopales
1147 2076 1240 2143 sedes,
1256 2081 1282 2130 et
1296 2074 1367 2129 duos
1381 2073 1518 2133 exstitisse
1532 2077 1718 2149 episcopatus.
1736 2079 1764 2134 ld

961 2165 1048 2220 risum
1063 2162 1161 2218 melius
1177 2163 1325 2218 Malachiae.
1337 2162 1431 2235 ltaque
1447 2181 1518 2236 quos
1532 2167 1642 2223 ambitio
1657 2169 1763 2224 confla-

961 2253 997 2307 rit
1012 2253 1040 2306 iu
1054 2269 1147 2319 unrrrrr,
1179 2251 1326 2308 Malachiae
1353 2255 1494 2308 revocavit
1516 2253 1544 2308 in
1559 2255 1640 2323 duos,
1656 2265 1765 2327 partem

960 2341 1038 2396 alteri
1065 2340 1192 2412 episcopo
1221 2338 1329 2406 cedens,
1362 2349 1464 2411 partem
1492 2345 1609 2398 retinens
1641 2345 1705 2402 sibi.
1731 2347 1766 2401 Et

960 2437 1102 2501 propteroa
1116 2445 1172 2483 uon
1187 2428 1259 2484 seuit
1272 2428 1436 2496 Conuoreth,
1453 2430 1524 2501 quod
1537 2430 1565 2484 in
1580 2448 1612 2485 ea
1626 2432 1687 2500 jam
1703 2435 1759 2503 epi·

960 2535 1075 2593 scopum
1090 2520 1242 2576 ordinasset
1258 2540 1265 2575 ι
1283 2520 1332 2575 sed
1362 2520 1464 2577 Danum
1478 2537 1507 2575 se
1523 2522 1644 2587 contulit,
1662 2523 1764 2578 dister-

961 2609 1065 2665 minans
1080 2609 1230 2679 parochias,
1247 2609 1318 2664 sicut
1330 2607 1359 2662 iu
1373 2608 1467 2665 diebus
1479 2609 1603 2681 antiquis.
1619 2608 1643 2665 0
1658 2627 1765 2681 purum

107 2701 202 2775 pulum
227 2700 395 2763 exhortarer,
412 2696 511 2752 mulier
525 2696 647 2766 quaedam
668 2694 762 2750 infelix
786 2711 852 2751 ausa
868 2707 911 2752 est
925 2716 946 2794 c
961 2697 1022 2753 corl
1041 2715 1057 2752 c
1073 2697 1180 2754 oculum
1209 2695 1406 2753 columbinum}
1436 2697 1536 2754 Locum
1563 2697 1673 2751 tradidit
1689 2714 1766 2754 noro

108 2791 308 2860 interrumpere
324 2801 481 2841 sermonem
503 2785 668 2839 clanroribus
692 2784 835 2854 improbis,
855 2801 909 2842 uon
963 2787 1102 2859 episeopo,
1132 2787 1179 2859 qui
1195 2787 1330 2843 rideretur
1358 2787 1486 2857 paratior,
1518 2784 1694 2858 principalior
1716 2789 1766 2842 ha·

108 2878 237 2935 deierans
251 2874 397 2942 sacerdoti,
428 2881 453 2929 et
468 2873 574 2944 spiritui
585 2873 632 2943 qui
648 2872 820 2945 loquebatur.
845 2874 910 2929 Erat
965 2878 1091 2948 heretum
1106 2877 1208 2945 locum,
1223 2877 1251 2930 in
1275 2892 1329 2947 quo
1345 2876 1453 2932 sederat
1473 2876 1541 2946 ipse.
1558 2874 1609 2930 Ubi
1624 2881 1699 2941 sunt,
1718 2877 1764 2948 qui

109 2975 202 3023 autern
225 2966 260 3021 de
282 2963 416 3037 progenie
443 2961 534 3035 impia,
576 2960 703 3033 spiritum
744 2961 847 3017 habens
883 2963 908 3017 iu
962 2969 997 3023 de
1012 2967 1135 3025 terminis
1152 2967 1267 3040 litigant,
1292 2983 1342 3039 pro
1358 2983 1412 3022 uno
1428 2967 1518 3022 riculo
1533 2972 1656 3038 perpetes
1671 2967 1708 3022 ed
1723 2968 1763 3022 in·

109 3055 230 3123 naribus,
247 3051 436 3124 blasphemias
458 3049 690 3122 contumeliasque
713 3050 857 3106 evomebat
881 3051 909 3104 in
963 3056 1053 3113 vicem
1067 3057 1222 3113 inimicitias
1238 3057 1419 3112 exercentes?
1434 3056 1534 3112 Nescio
1549 3056 1572 3110 si
1587 3055 1663 3127 quod
1677 3072 1764 3130 genus

108 3146 247 3210 Sanctum,
265 3142 359 3199 dicens
377 3140 550 3213 hypocritam
578 3146 605 3194 et
638 3138 792 3226 invasorem
814 3139 908 3195 alienae
963 3145 1100 3201 hominum
1130 3145 1228 3218 magis,
1246 3161 1329 3218 quam
1357 3145 1435 3211 istos,
1452 3146 1595 3217 antiquum
1607 3144 1763 3201 vaticinium

107 3231 281 3299 haereditaris,
297 3230 344 3286 sed
366 3238 394 3287 et
421 3227 538 3286 calvitiei
553 3227 628 3282 illius
655 3227 908 3298 improperarent
962 3242 1070 3305 tangat:
1088 3236 1244 3293 &carerent
1259 3240 1441 3306 prreprrurrtcs
1464 3233 1572 3291 cutiae
1587 3234 1764 3291 eddilatcrr·

108 3322 155 3378 ille
169 3321 235 3376 nihil
248 3319 390 3390 respondit
399 3318 434 3385 ei,
444 3318 514 3374 sicut
527 3324 584 3371 erat
594 3317 764 3372 verecundus
773 3322 800 3370 et
809 3316 882 3370 mitis
899 3335 905 3371 :
961 3322 1027 3379 dum
1042 3324 1176 3381 termium
1190 3338 1254 3378 arros
1265 3324 1358 3391 (Amos
1366 3337 1385 3387 1,
1403 3323 1459 3391 13).
1475 3321 1529 3378 Sed
1544 3324 1598 3378 hoc
1613 3322 1689 3378 alias.
1706 3359 1710 3363 -

109 3410 157 3466 sed
171 3407 305 3465 Dominus
319 3406 460 3477 respondit
477 3420 528 3476 pro
547 3420 590 3459 00·
607 3404 695 3460 Versa
713 3403 758 3459 illa
778 3404 806 3456 in
830 3404 905 3459 insa·
997 3415 1040 3469 32.
1057 3410 1205 3467 Malachiae
1231 3409 1319 3465 lactus
1347 3409 1483 3465 Duueusis
1511 3412 1672 3482 episcopus,
1693 3426 1758 3468 con·

46 3559 50 3565 ,
109 3497 185 3553 niam
199 3504 251 3566 est,
267 3494 384 3550 Domino
396 3493 554 3565 judicante:
570 3500 598 3547 et
611 3490 715 3547 crebris
728 3491 841 3549 vocibus
854 3492 907 3548 cia·
961 3498 1049 3555 testim
1063 3514 1138 3554 more
1154 3515 1205 3554 suo
1219 3498 1323 3554 curarit
1345 3497 1479 3554 asciscere
1506 3497 1540 3553 ad
1563 3500 1691 3556 solatium
1715 3501 1764 3555 sibi

109 3587 208 3641 mitens
219 3595 250 3641 ὅθ
264 3583 422 3641 suffocarit
443 3581 585 3648 malachia.
602 3587 690 3635 ¹1¹⁰ri0
716 3581 824 3636 demum
838 3580 905 3636 h0r·
959 3591 994 3646 de
1009 3589 1072 3644 liliis
1087 3588 1144 3644 suis
1160 3595 1324 3645 conventum
1352 3586 1518 3658 regularium
1532 3588 1713 3647 clericorum.
1734 3589 1765 3644 Et

110 3676 194 3731 reuda
208 3674 258 3729 luit
278 3679 416 3744 peccalum
440 3669 627 3741 blasphemie-³·
650 3668 695 3726 Sit
708 3670 809 3727 miserit
822 3686 904 3727 assu·
959 3694 1024 3735 occe
1037 3695 1136 3735 rursus
1150 3677 1313 3748 accingitur,
1328 3677 1406 3747 quasi
1420 3691 1507 3732 novus
1521 3675 1621 3731 Christi
1649 3678 1717 3747 tiro,
1732 3678 1767 3733 sd

111 3780 192 3821 mens
206 3764 337 3820 adversus
360 3759 516 3816 Malachiam
545 3758 742 3830 impwperium
762 3758 847 3814 Eiie'aei
861 3761 909 3828 (W
960 3767 1102 3838 spirituale
1125 3774 1280 3833 certamem
1297 3781 1392 3820 rursus
1417 3763 1538 3820 induitur
1550 3780 1625 3820 arma
1645 3768 1769 3837 potentis

112 3856 175 3925 Rea.
187 3867 208 3906 ιι
232 3851 288 3922 bt),
315 3865 381 3906 vere
402 3848 482 3907 illum
510 3848 561 3904 sihi
594 3847 707 3903 altemm
729 3856 837 3919 experta
865 3855 906 3904 cst
924 3886 947 3964 n
964 3857 1032 3923 Deo,
1049 3859 1150 3912 sanctae
1166 3853 1524 3926 paupertatishumilitutem,
1540 3853 1664 3924 rigorem
1687 3856 1769 3912 disci-

109 3941 250 3998 Iilisaeum.
961 3946 1041 4018 pliuae
1069 3944 1237 4012 coenobialis,
1254 3944 1339 3999 otium
1355 3942 1564 4014 contemplandi,
1578 3943 1681 3999 orandi
1703 3945 1771 4000 msi-

146 4034 191 4085 30.
208 4030 295 4084 Porro
312 4027 374 4100 quia
390 4042 473 4083 causa
495 4025 656 4098 pestilentia
675 4025 815 4095 cujusdam
841 4036 908 4083 ortoe
961 4034 1092 4090 duitatem
1111 4051 1117 4091 :
1139 4049 1200 4105 quae
1215 4040 1305 4088 tamen
1334 4034 1424 4088 omnia
1439 4039 1502 4088 roto
1517 4031 1606 4102 magis
1619 4031 1707 4089 valuit
1723 4034 1772 4088 diu

108 4119 137 4175 in
150 4118 268 4186 civitate,
284 4115 482 4173 multitudinem
506 4114 571 4171 cleri
586 4122 613 4169 et
633 4114 726 4184 populi
753 4115 909 4171 solemniter
962 4131 1065 4189 tenere,
1094 4137 1176 4194 quam
1192 4128 1267 4177 netu,
1283 4120 1386 4176 Eremia
1403 4119 1520 4176 uniuersi
1545 4117 1724 4177 confluebant
1737 4121 1772 4176 ud

112 4224 174 4266 cum
188 4205 310 4279 reliquiis
331 4203 382 4277 [al.
401 4203 548 4276 memoris}
575 4202 736 4259 sanctorum
757 4202 909 4260 tunclnras
964 4227 1027 4267 eum
1045 4229 1051 4269 ;
1068 4226 1118 4267 nee
1132 4209 1213 4265 modo
1242 4208 1404 4276 medioeres,
1434 4209 1481 4264 sed
1495 4216 1521 4264 er
1544 4208 1653 4264 nobiles
1679 4219 1774 4283 0190.

109 4296 250 4361 eduxerat,
264 4293 716 4366 nchocquidempraetereundum,
727 4292 799 4365 quod
814 4302 910 4348 orante
965 4307 1059 4365 tentas,
1076 4299 1147 4353 illins
1165 4314 1195 4354 se
1226 4297 1366 4369 sapientia
1380 4305 1407 4352 et
1425 4297 1559 4352 sanctitati
1580 4298 1772 4364 instruendos,

108 4383 254 4451 Malachia,
273 4381 428 4453 pestilentia
440 4381 515 4436 illico
533 4382 697 4452 conquievit.
711 4383 750 4437 Ex
778 4383 829 4437 hoc
841 4383 909 4452 jam,
964 4387 1144 4461 corrigendos
1160 4402 1191 4442 ac
1207 4387 1341 4458 regendos
1357 4384 1522 4441 committere
1537 4382 1714 4442 festinabant.
1738 4387 1775 4443 El

117 4474 165 4548 qui
181 4472 291 4529 mutiret
302 4471 435 4526 adversus
447 4486 520 4539 eum,
535 4470 663 4538 nonfuit,
685 4471 837 4527 dicentibus
864 4471 911 4543 qui
964 4477 1022 4548 ipse
1039 4475 1176 4532 interdum
1186 4475 1250 4541 ibat,
1260 4481 1286 4530 et
1301 4473 1393 4530 exibat
1408 4472 1542 4529 seminare
1556 4488 1652 4530 semen
1674 4490 1772 4541 suuni,

110 4563 145 4620 de
178 4561 289 4619 somine
306 4559 435 4617 chanaan
463 4567 526 4615 sunt
545 4578 551 4617 :
567 4558 717 4633 Fugiamus
739 4559 909 4630 Malachiam,
964 4565 1113 4637 disponens
1128 4571 1156 4619 et
1183 4565 1331 4619 decernens
1365 4569 1422 4619 tota
1444 4561 1603 4619 auctoritate
1626 4563 1663 4618 de
1688 4564 1775 4619 rebus

113 4650 325 4726 quiailominus
340 4656 444 4723 pugnat
463 4664 514 4719 pro
536 4663 579 4704 eo.
595 4648 705 4703 utero
734 4648 804 4702 istud
822 4665 829 4706 :
846 4647 912 4720 quia
963 4652 1151 4723 ecclesiaticis,
1182 4660 1311 4724 tanquam
1325 4668 1357 4706 ex
1373 4650 1511 4722 apostolis
1535 4666 1617 4706 uuus.
1636 4652 1674 4707 Et
1688 4668 1775 4708 uerno

112 4741 189 4799 zelus
202 4737 322 4805 Domini,
345 4737 450 4811 ubique
467 4752 616 4793 Occurrtns
630 4735 681 4801 eis,
696 4746 856 4808 persecutus
870 4744 911 4793 est
963 4740 1003 4799 illi
1016 4743 1131 4811 dicebat,
1146 4744 1177 4797 ln
1205 4758 1261 4814 qua
1275 4748 1406 4812 potestate
1419 4741 1477 4797 haec
1504 4738 1590 4795 lacis?
1614 4739 1776 4798 ridentibus

110 4846 158 4889 cos
171 4845 257 4901 usque
271 4827 305 4884 ad
315 4826 538 4884 internecionem.
561 4825 705 4897 Quomodo
720 4825 788 4880 intra
808 4840 909 4896 paucos
963 4831 1071 4890 cunctis
1085 4831 1200 4905 signaet
1211 4829 1347 4903 prodigia,
1363 4845 1423 4902 quae
1438 4827 1569 4897 iaciebat;
1585 4829 1695 4900 etquis
1725 4831 1775 4885 ubi

110 4919 170 4976 dies
193 4918 271 4990 periit
285 4915 418 4972 memoria
433 4931 530 4971 eorum
558 4931 620 4974 cum
643 4914 753 4973 sonitui
771 4914 909 4988 quomodo
963 4921 1073 4993 spiritus
1091 4920 1212 4985 Domini,
1228 4918 1266 4974 ibi
1280 4918 1393 4975 libertas
1409 4918 1448 4989 (Η
1458 4919 1518 4974 dor.
1533 4931 1574 4981 ur,
1593 4915 1650 4985 ta).

108 5008 175 5075 {acti
199 5013 263 5062 sunt
285 5004 313 5060 in
332 5004 537 5071 desolationem,
551 5004 642 5060 subito
669 5003 838 5077 deiecerunt,
861 5021 909 5076 pc-
1262 5007 1376 5065 carui
1403 5007 1452 5063 XV
1506 5028 1511 5036 ·

110 5097 217 5155 rierunt
231 5102 342 5167 propter
355 5093 523 5165 iniquitatem
538 5091 632 5148 suaml
649 5091 759 5149 Grande
777 5093 910 5162 hodieque
965 5101 1080 5156 [tomam
1103 5097 1244 5169 proficisci
1267 5097 1414 5164 deliberat,
1439 5095 1561 5169 pallium
1592 5111 1610 5150 a
1629 5096 1774 5166 Poetifiee

109 5184 275 5243 miraculum
293 5181 356 5239 lacit
371 5189 426 5238 turn
440 5182 523 5241 velox
537 5181 723 5255 generationis
745 5182 817 5238 illius
832 5182 909 5238 dete·
1284 5188 1440 5257 petiturus.

108 5273 159 5341 tio,
170 5271 911 5347 hisprasertimmieorumnorercutsuperbiamatque
1004 5279 1048 5330 33.
1064 5274 1158 5332 Visum
1191 5284 1279 5330 tumen
1296 5274 1358 5343 sibi,
1373 5288 1427 5330 non
1443 5281 1497 5329 tute
1511 5271 1579 5327 satis
1593 5272 1697 5329 actitari
1723 5276 1777 5332 ista

111 5361 274 5451 potentiam.
289 5359 372 5417 Multa
383 5360 495 5432 quidem
510 5370 537 5418 et
550 5361 604 5416 alia
619 5361 696 5435 signa
711 5361 797 5429 luere,
814 5360 912 5432 quibus
967 5356 1075 5426 absque
1090 5354 1168 5411 Sedis
1183 5354 1339 5426 apostoliea
1353 5353 1518 5420 auctoritate,
1534 5361 1560 5405 ct
1575 5351 1690 5408 Romam
1707 5372 1776 5426 pro·

97 5446 187 5510 ·1tens
196 5448 361 5522 glorificavit
374 5464 475 5508 numen
489 5465 582 5526 sunm,
596 5454 624 5509 et
634 5465 743 5511 serrum
755 5466 835 5509 suurn
843 5450 913 5507 iuter
967 5444 1056 5501 licisci
1076 5445 1211 5502 deliberat
1226 5462 1232 5499 :
1250 5444 1420 5515 maximeque
1430 5443 1502 5514 quod
1509 5441 1694 5513 niatropolica
1711 5441 1775 5501 sedi
