3728 5940
99 101 166 224 859x
563 154 604 214 VS.
627 152 792 216 esistunt
811 150 947 215 sititis
959 152 1288 219 etiemvmttbsts
1701 154 1768 217 866

11 294 19 313 ’
102 295 164 347 666
173 286 358 361 reputantur.
376 303 388 330 ν
401 297 430 337 6.
441 283 473 335 ts
485 282 648 352 presertim
662 298 729 339 cum
746 299 758 335 ι
775 279 896 339 remedio
907 281 1085 353 penitentie
1101 304 1113 334 s
1127 288 1281 342 sanantur.
1294 279 1518 355 Nimirumpuod
1533 278 1582 340 boc
1595 287 1681 355 pacto
1692 301 1760 341 mo·

103 359 213 418 uacbus
226 374 255 415 se
269 354 415 413 contiueat
429 353 511 408 intro
526 353 637 424 Repete
649 354 764 418 limites,
780 351 989 425 quediciditur
1002 355 1034 409 in
1049 375 1061 406 ι
1078 357 1221 429 Precepta
1243 360 1271 410 et
1286 352 1427 419 Remedia,
1445 370 1500 408 sn.
1516 355 1757 413 sismundum

104 436 155 497 ost,
172 425 310 503 ejusmodi
325 424 560 506 transpressiones
573 427 739 506 contemptu
762 422 878 481 evadere
918 429 1015 482 666666
1036 429 1183 484 mortalia.
1202 399 1291 482 Eiotio
1306 425 1409 506 quippe
1423 427 1645 493 contemnentis,
1663 433 1758 502 atque

102 497 308 574 impoenitentis
329 494 489 576 obstinatio,
506 512 538 550 m
553 497 681 552 menimis
695 511 802 569 666666
817 511 886 550 666
925 495 972 561 tis,
988 498 1102 570 culpam
1117 501 1188 570 fucit
1203 515 1260 555 nou
1275 498 1435 565 minimam,
1453 499 1480 551 et
1495 500 1635 554 conuertit
1648 501 1682 553 in
1697 499 1759 555 ori-

103 590 169 631 men
181 583 264 642 praue
279 564 440 623 rebellionis
455 581 569 622 66666
584 570 654 625 satis
669 568 757 623 leuem
772 566 911 638 simplicis
926 571 1169 637 trunspressiouis‚
1187 589 1199 621 s
1218 587 1247 624 6.
1264 570 1308 622 26.
1330 568 1454 623 tertium
1469 566 1591 639 denique
1606 573 1658 635 est,
1676 572 1708 625 in
1725 588 1759 627 eo

103 645 222 715 differre
230 639 429 708 contemptum
441 652 460 691 u
473 637 616 710 66666666.
634 658 646 689 s
663 638 890 712 quodneploctus
905 638 1021 709 quidam
1036 640 1155 712 6666666
1174 640 1289 696 inertior
1309 645 1369 695 est:
1387 642 1564 710 contemptus
1576 655 1640 697 uero
1654 656 1761 714 super-

103 716 155 770 bire
169 714 272 774 tumor,
291 726 304 758 s
319 723 348 762 n.
368 709 411 762 iil.
431 728 443 759 s
458 708 615 766 uoluntatis
629 709 749 782 superba
762 711 919 778 contentio,
938 728 949 758 s
965 711 1089 767 nolentis
1102 712 1235 767 6666666
1250 711 1438 793 acquiescere,
1455 726 1485 764 6.
1503 714 1546 765 us.
1562 711 1689 784 Denique
1704 733 1716 765 ι
1731 716 1761 769 si

102 797 251 858 possumus
266 782 295 835 et
308 779 454 847 nolumus,
469 781 585 851 superbi
609 797 719 852 sumus,
736 801 749 832 s
766 797 795 835 n.
810 784 854 845 31,
871 796 904 837 ac
920 795 973 853 per
989 780 1038 839 boc
1052 785 1233 855 contemptus
1248 797 1301 839 res·
1319 800 1332 831 c
1348 795 1407 837 non
1425 797 1499 853 erpo,
1518 801 1530 831 6
1548 782 1644 856 inquit
1657 800 1690 840 6.
1706 787 1761 847 26,

105 877 116 906 ι
133 853 335 934 qualiscunque
349 849 482 906 mandati
492 853 653 922 preteritio
668 852 846 935 criminalem
859 852 934 922 facit
953 851 1183 936 inobedientiam,
1196 854 1243 910 sed
1257 867 1424 926 repupnure,
1440 850 1488 909 sed
1503 853 1581 909 nolte
1601 854 1724 923 obedire,
1744 878 1755 906 ι

103 921 580 1054 prfficibflfftiimgthbchbssbsessstomezi
593 922 1062 1062 {ilggegoermomoncstktssugui
1072 999 1172 1067 quaest.
1189 996 1234 1050 66.
1254 999 1312 1050 art.
1328 997 1357 1062 9,
1372 996 1437 1076 tum
1455 995 1488 1049 in
1503 1009 1628 1067 corpore,
1646 1000 1759 1054 lumin

104 1067 282 1138 responsione
295 1063 331 1118 ad
367 1078 484 1132 6666,
500 1080 532 1122 m
547 1082 603 1137 qua
618 1071 674 1121 tres
688 1070 761 1122 sunt
775 1069 871 1137 partes
885 1083 894 1119 :
910 1080 1031 1134 quarum
1044 1068 1139 1139 prima
1154 1072 1197 1122 est
1211 1066 1245 1123 66
1259 1065 1445 1123 observantiis
1461 1067 1573 1136 ileputae
1588 1069 1616 1124 S.
1632 1070 1757 1125 Benedi-

103 1142 162 1205 cti,·
176 1139 271 1195 alteru
285 1135 319 1192 66
332 1080 526 1202 observantiis,
538 1152 660 1210 quarum
675 1137 862 1218 trampressio
873 1151 909 1190 ee
921 1136 1049 1195 condicto
1059 1138 1164 1209 obtipat
1176 1138 1213 1193 cd
1225 1139 1349 1204 veniale,·
1362 1139 1449 1193 teriia
1464 1136 1497 1192 de
1511 1141 1629 1195 statutis
1642 1140 1758 1196 Ordirus

103 1213 232 1280 fratrum
244 1206 475 1272 Proedicatorum,
485 1224 548 1333 666
557 1225 594 1265 eu
608 1207 724 1279 speciali
736 1207 857 1290 quodam
865 1208 1019 1264 constituto
1029 1209 1185 1281 adplenum
1195 1211 1311 1265 tautum
1321 1206 1457 1278 obliquet.
1470 1209 1567 1263 Prima
1577 1227 1644 1282 pars
1654 1211 1696 1266 sic
1706 1211 1759 1268 ba·

104 1285 170 1338 bet:
186 1299 200 1332 6
216 1280 257 1336 Ad
268 1280 398 1351 primum
412 1292 475 1350 erpo
505 1279 636 1335 coendum
645 1279 718 1350 quod
731 1279 780 1335 tlte
794 1294 843 1350 qut
855 1278 1006 1350 profitetur
1020 1281 1165 1351 Repulnm,
1179 1295 1236 1336 non
1246 1284 1325 1336 vovet
1336 1293 1448 1336 seruare
1458 1279 1555 1334 cornia
1567 1296 1629 1352 6666
1643 1283 1759 1338 suntin

106 1354 207 1424 666666
220 1367 229 1403 .·
244 1350 381 1408 666666
390 1363 420 1403 re
460 1350 549 1405 larem
560 1352 659 1414 uitam,
673 1366 735 1423 666
748 1349 837 1405 etium
847 1348 979 1406 consistit
988 1351 1019 1405 in
1035 1351 1124 1406 tribus
1136 1351 1282 1422 praedictis
1289 1348 1498 1421 principalibus
1507 1352 1590 1406 6666.
1604 1352 1679 1410 Unde
1689 1355 1758 1410 etin

104 1418 1756 1562 tttt⁸lttlttt⁰bb⁶tlbtttstltttbltttltttlttlttttbtttstltttottlttsbtttt

105 1567 177 1639 piar.
194 1568 229 1621 Et
243 1563 292 1619 boo
308 1535 492 1635 totlitur‘per
506 1509 715 1647 abbitemptum.
733 1582 745 1613 s
762 1565 797 1618 Et
812 1563 871 1618 666
886 1565 928 1617 est
941 1565 1057 1635 proprio
1073 1511 1176 1636 66666966
1193 1535 1304 1635 666666
1317 1564 1413 1620 suncti
1423 1510 1656 1636 Benedictiteste
1666 1567 1758 1622 eciam

106 1635 248 1692 Bernordo
258 1651 288 1689 6.
302 1636 345 1688 ib.
358 1632 599 1702 Secundasperies
615 1637 658 1690 uta
668 1634 862 1706 exprimitur:
876 1652 889 1683 s
901 1634 934 1688 iu
943 1632 1112 1706 qubusdam
1125 1639 1220 1691 autem
1231 1634 1418 1706 ilelipionibus
1436 1634 1529 1690 adbuc
1538 1635 1650 1692 cautius
1663 1639 1756 1708 profi-

105 1706 399 1763 tenturobedientiam
408 1706 565 1761 seeundum
574 1705 760 1778 Repulam,ita
769 1704 842 1777 quod
850 1705 1020 1777 professioni
1030 1721 1088 1761 non
1096 1707 1306 1772 contrariatur,
1315 1707 1373 1761 nisi
1382 1702 1413 1759 id
1424 1705 1497 1776 quod
1507 1710 1548 1762 est
1568 1711 1755 1780 contraprce-

103 1777 349 1850 repromittuntur,
362 1795 374 1827 s
387 1775 417 1831 id
426 1780 468 1832 est
476 1780 653 1849 preceptum
668 1777 782 1859 proprie
794 1777 911 1843 dictum,
922 1776 1122 1846 oblipationem
1130 1776 1278 1833 inducens:
1293 1778 1504 1848 «transpressio
1514 1791 1578 1834 uero
1588 1779 1631 1836 oet
1641 1780 1755 1834 omissio

104 1851 229 1906 aliorum
239 1848 343 1920 oblipat
354 1848 446 1903 solum
455 1848 650 1919 adportatum
659 1847 770 1904 console
783 1864 791 1901 z
802 1848 961 1919 quiu,sicut
971 1847 1080 1904 dictum
1090 1850 1141 1913 est,
1151 1847 1315 1919 bujuemodi
1323 1848 1520 1920 dispositiones
1529 1853 1598 1904 sunt
1607 1849 1644 1906 ad
1652 1851 1760 1922 princi·

104 1920 184 1993 palia
198 1921 264 1976 uota
276 1922 443 1990 :peccatum
457 1921 555 1973 autem
569 1919 680 1976 veniale
690 1925 729 1976 est
745 1919 888 1991 dispositio
899 1916 1076 1974 admortole.
1090 1938 1101 1968 s
1114 1921 1210 1989 ltaque
1227 1920 1259 1974 iu
1269 1921 1416 1976 sententia
1433 1922 1529 1977 sancti
1543 1921 1650 1977 Tbocrsae
1666 1925 1760 1977 trans·

105 1993 261 2117 prelssiones
269 1990 415 2115 moiemmm
425 1990 743 2047 observantiarumsunt
750 1988 945 2061 dispositiones
953 1989 990 2045 ad
1002 1991 1435 2063 tranpressiouesprincipalium
1446 1995 1573 2048 votorum
1581 2011 1590 2059 ;
1599 1991 1758 2063 ncpraindc

109 2079 146 2118 66
178 2076 291 2117 eventa
319 2076 342 2114 s.
971 2081 974 2085 ·

142 2079 175 2186 8?
185 2135 220 2189 it
230 2130 328 2188 66666
343 2131 431 2187 etiam
446 2130 582 2203 Repetam
596 2133 692 2188 sancti
702 2131 850 2189 Benedicti
862 2132 894 2186 in
908 2130 1065 2189 minoribus
1078 2131 1265 2188 observantiis
1280 2132 1405 2202 oblipare
1417 2132 1508 2188 solum
1523 2132 1558 2187 ad
1574 2149 1687 2205 punam
1698 2149 1706 2185 .·
1717 2135 1760 2188 ui·

106 2203 223 2259 beamus
251 2218 306 2274 qua
324 2203 435 2259 ratione
449 2205 565 2258 sanctus
596 2203 709 2259 Thomas
732 2201 785 2258 isac
802 2202 835 2257 de
859 2218 889 2258 rc
921 2203 1096 2259 senientiam
1115 2218 1198 2259 suam
1221 2205 1371 2274 explicet:
1392 2222 1404 2254 ι
1422 2204 1455 2259 tn
1471 2203 1569 2287 aliqua
1590 2209 1688 2262 tamen
1704 2219 1761 2273 re·
1791 2264 1795 2271 ,

108 2275 220 2347 lipione,
230 2275 360 2344 fratrum
366 2274 475 2330 scilicet
485 2274 718 2357 brutissimum,
732 2274 916 2344 transprcssio
928 2273 1057 2337 talis,vel
1068 2274 1178 2357 omissio
1189 2289 1225 2329 66
1235 2290 1285 2330 suo
1298 2290 1397 2357 ponere
1407 2290 1465 2329 non
1474 2273 1577 2345 oblupat
1585 2276 1623 2330 usi
1632 2278 1760 2347 culpam,

106 2343 1761 2497 ttttsbtbltstttbltblttttstititlimittittbtbbttttltirritetis-itllttltollit]
1787 2477 1792 2484 ,

109 2488 152 2543 uel
162 2489 335 2558 contemptu.
351 2487 446 2555 »tirpo
456 2491 598 2548 casuacio
613 2488 713 2542 Tboma
723 2489 822 2553 ebrauc,
832 2501 908 2542 rntcs
918 2489 1036 2542 statutus
1047 2504 1111 2558 666
1121 2487 1246 2557 oblipunt
1256 2486 1390 2542 adsobsm
1406 2502 1527 2557 poenam,
1541 2500 1651 2540 sneurrr
1662 2490 1761 2569 potest

109 2559 227 2615 venialis
236 2558 324 2628 66666
341 2573 399 2613 «eu
412 2558 586 2629 neplipentia
598 2559 641 2615 uel
652 2558 778 2622 libidine,
793 2559 872 2614 »imo
881 2561 910 2615 et
922 2558 1052 2614 mortalis
1070 2574 1130 2615 »erc
1139 2560 1316 2630 contemptu.
1332 2575 1344 2607 ν
1361 2558 1415 2615 lino
1427 2556 1515 2620 uerbo,
1530 2557 1668 2626 ejusmodi
1681 2572 1765 2612 orra-

109 2634 206 2685 torum
219 2628 343 2702 qualitas
355 2627 461 2699 pendet
476 2644 512 2685 66
529 2629 684 2754 affectione
700 2628 801 2696 animi,
831 2632 912 2700 cujus
933 2630 1108 2701 neplipentic
1124 2630 1167 2686 uel
1188 2645 1278 2702 praua
1296 2628 1441 2708 dispositio
1455 2627 1539 2682 nulla
1553 2628 1764 2682 emistitutione

110 2700 241 2824 6666666·
261 2701 364 2826 666666,
380 2699 506 2757 manime
520 2717 539 2756 u
557 2716 567 2754 ι
586 2716 645 2756 666
659 2699 755 2772 fertur
771 2701 804 2754 in
824 2716 913 2756 unum
934 2699 1087 2773 quampiam
1099 2700 1318 2770 observantiam,
1331 2697 1377 2754 sed
1392 2714 1423 2752 m
1439 2701 1531 2756 totum
1548 2714 1648 2768 corpus
1664 2697 1762 2754 obser-

110 2787 167 2826 oan
180 2787 218 2826 66
231 2785 263 2826 re
282 2786 302 2825 u
333 2786 384 2826 ris.
676 2813 679 2817 .
940 2780 943 2787 ’

150 2845 177 2897 6.
194 2786 321 2897 6613666
341 2840 500 2897 doctrinam
520 2840 726 2898 illustrandam
743 2843 903 2898 necessaria
929 2846 971 2898 est
994 2843 1138 2916 responsio
1161 2843 1198 2899 od
1222 2843 1354 2909 tertium,
1373 2841 1406 2894 in
1427 2855 1484 2912 qua
1498 2843 1694 2913 contemptum
1716 2839 1763 2894 ita

109 2913 246 3038 66666666,
255 2911 364 3038 66666
387 2914 625 3039 666666666ἰί66
645 2913 747 3039 alianis
765 2913 809 2994 uel
828 2912 1038 3042 6666666666
1053 2931 1090 2972 66
1104 2917 1289 3042 6666666663
1306 2912 1420 3039 666666
1439 2912 1646 3038 6666666666
1661 2913 1762 3036 wigii

108 2998 398 3138 6666666ἇὲῗέ
408 2984 1152 3138 sitisti?tc,tristitiistitt,
1165 2984 1670 3180 tilis{sibstbiliibms
1684 2998 1761 3124 ,tl

107 3129 364 3198 concupiscentium
381 3127 424 3183 uel
442 3141 529 3192 cram,
544 3125 696 3183 inducitur
710 3126 747 3182 ad
761 3127 869 3198 aliquid
883 3127 1049 3196 [66666666
1063 3133 1163 3186 contra
1181 3130 1294 3184 statuta
1320 3141 1376 3197 epus
1392 3127 1435 3181 vel
1450 3125 1569 3195 repulse,
1589 3140 1647 3180 nou
1659 3133 1761 3195 peccat

109 3214 146 3254 66
158 3201 331 3269 contemptu,
347 3197 393 3254 sed
407 3213 443 3255 ee
456 3198 564 3270 aliqua,
580 3199 639 3255 alia
653 3215 750 3262 causa,
767 3199 881 3253 etiamsi
895 3199 1060 3272 frequenter
1074 3216 1111 3256 66
1125 3198 1222 3255 eadem
1235 3212 1331 3264 eausa,
1353 3197 1397 3252 rel
1411 3195 1482 3262 alia,
1497 3196 1594 3251 simile
1609 3198 1763 3268 peccatum

107 3268 200 3324 iteret.
222 3269 302 3324 Siout
317 3269 404 3324 etiam
420 3269 594 3339 bipontinus
608 3268 678 3337 dicit
701 3271 732 3325 in
750 3269 819 3324 libro
833 3269 867 3325 66
880 3269 990 3325 Natura
1004 3275 1032 3324 et
1048 3271 1155 3334 Gratia,
1174 3266 1245 3350 quod
1260 3283 1317 3324 non
1332 3268 1430 3324 ombia
1442 3270 1561 3337 6666666
1571 3267 1764 3323 committun-

108 3342 160 3396 tur
177 3355 214 3395 ee
228 3343 392 3409 contemptu
405 3340 553 3410 superbiae.
570 3341 739 3412 Frequeutia
754 3344 852 3396 tamen
866 3341 975 3411 pucati
989 3338 1153 3414 dispositive
1169 3339 1281 3395 inducit
1295 3338 1332 3393 ad
1345 3341 1553 3408 contemptum.

145 3405 232 3464 499
252 3412 294 3463 to.
316 3410 412 3480 ltaque
428 3411 582 3467 secundum
592 3415 717 3468 mentem
731 3411 807 3466 beati
820 3410 940 3478 Tbomoe,
956 3427 993 3466 66
1008 3411 1106 3468 babitu
1118 3427 1169 3467 seu
1185 3408 1389 3466 cousuetudine
1404 3407 1543 3480 ejusmodi
1557 3407 1714 3479 culparum
1728 3406 1763 3476 fit

109 3496 272 3552 propressus
286 3480 318 3534 in
333 3484 529 3551 contemptum
545 3500 554 3536 :
568 3483 635 3554 quia
645 3483 676 3536 in
692 3496 721 3536 re
735 3483 850 3538 omnino
864 3484 1024 3539 consentire
1033 3483 1222 3538 videturcum
1234 3479 1387 3548 bernardo,
1399 3480 1448 3550 qui
1459 3479 1501 3535 uit
1515 3495 1546 3533 n.
1563 3481 1608 3540 26,
1624 3476 1766 3550 ejusmodi

111 3552 204 3623 lapsus
219 3571 231 3601 ι
245 3567 295 3622 por
308 3554 502 3622 contemptum
516 3555 588 3608 uerti
602 3555 633 3608 in
653 3569 737 3610 usum
752 3557 780 3610 et
793 3554 1026 3611 consuetudinem
1041 3572 1050 3619 ;
1065 3555 1145 3626 quusi
1161 3555 1340 3624 contemptus
1355 3547 1459 3621 prodas
1475 3551 1514 3606 sit
1531 3549 1568 3605 od
1580 3549 1764 3606 consuetudi-

111 3638 186 3686 nem,
197 3621 432 3680 nonconsuctudo
447 3623 482 3677 ud
496 3626 698 3696 contemptum.
716 3646 728 3673 ι
748 3627 782 3680 iit
792 3628 870 3688 tunc.
886 3645 898 3675 6
915 3626 1020 3696 inquit,
1036 3641 1096 3682 666
1109 3625 1220 3696 peccati
1235 3623 1348 3695 species,
1366 3643 1376 3671 ι
1393 3637 1495 3693 nempe
1512 3622 1598 3678 leuior
1611 3621 1766 3689 praetorne

110 3695 158 3763 sit,
176 3712 190 3745 6
207 3694 255 3751 sed
268 3695 410 3765 peccantis
425 3693 549 3753 intentio
558 3698 708 3767 pensatur.
727 3715 738 3746 s
757 3696 891 3753 iiamdem
906 3697 1078 3753 sententium
1091 3698 1187 3768 tusius
1202 3695 1328 3767 explicat
1343 3695 1375 3748 in
1389 3692 1458 3749 libro
1472 3692 1506 3748 de
1519 3691 1699 3758 bumilitate,
1715 3707 1765 3746 ca-

111 3763 217 3838 pitibus
230 3763 267 3821 to
281 3769 310 3821 et
324 3767 368 3819 ii.
390 3764 489 3822 Verum
503 3766 578 3824 alter
592 3782 657 3823 666
673 3769 763 3824 altero
779 3771 854 3825 recte
868 3767 1020 3825 conciliari
1032 3771 1137 3841 potest,
1152 3767 1178 3823 si
1192 3765 1363 3829 dixerimus,
1380 3762 1557 3821 bernardum
1571 3777 1629 3820 esse
1648 3763 1764 3820 intelli·

109 3835 230 3906 666666
244 3836 277 3893 de
292 3837 493 3917 consuetudine
507 3836 539 3894 ob
549 3838 675 3905 firmata,
691 3857 707 3895 6
722 3841 852 3912 qusquis
868 3837 997 3896 recedere
1011 3841 1095 3902 nolit,
1112 3854 1238 3910 nequese
1253 3834 1406 3892 reuocanda
1421 3835 1458 3890 ai
1470 3833 1652 3916 mandatum,
1669 3847 1763 3905 66666

111 3907 562 3980 poeuamculpoesubrreoolendo,
592 3913 762 3968 uonounissi
770 3914 934 3982 contemptu
945 3912 1087 3981 perueniri
1096 3914 1187 3980 potest
1200 3925 1206 3962 :
1225 3907 1428 3964 Tbomamoero
1439 3905 1642 3978 explicandum
1653 3904 1686 3960 de
1697 3919 1766 3986 oon·

110 3978 337 4053 seruatumque
346 3981 440 4037 oritur
450 3995 487 4036 66
495 3926 654 4051 66666ἵὶ666
664 3985 692 4037 66
703 3985 888 4039 commotione
895 3982 1131 4053 passionis,quam
1142 3980 1204 4053 qais
1214 3995 1251 4036 eu
1263 3980 1359 4036 animo
1369 3977 1489 4048 abjicere
1499 3976 1650 4058 uellet,sed
1658 3992 1711 4049 per
1722 3993 1766 4032 m·

110 4051 280 4117 firmitatem
289 4068 347 4109 uon
357 4051 445 4116 ualet;
456 4068 519 4123 qua
528 4051 714 4109 nibilominus
724 4053 893 4110 consuetudo
902 4052 937 4108 66
945 4055 1140 4125 contemptum
1148 4053 1218 4122 (nisi
1228 4065 1357 4120 pencrose
1366 4049 1479 4105 taudem
1487 4063 1513 4104 er
1522 4047 1686 4115 resistatur)
1697 4063 1764 4106 sen·¹

112 4121 166 4176 sim
174 4122 326 4194 pertrabit.
337 4123 433 4177 Verum
440 4121 550 4195 tonpius
556 4123 734 4194 propredior:
744 4125 791 4180 sed
801 4128 897 4181 tamen
906 4124 952 4192 (ut
961 4124 1076 4194 quidem
1085 4123 1230 4190 existimo)
1240 4137 1298 4176 uon
1309 4123 1460 4182 otiosemee
1472 4116 1768 4190 intempestive.Fiuio

111 4208 178 4247 cum
187 4194 277 4263 esseio
288 4194 405 4249 loannis
415 4193 633 4251 saresberiensis
642 4197 674 4250 irs
684 4194 1005 4267 epistoiuducentesima
1013 4196 1182 4265 ociapesima
1191 4191 1333 4250 secunda:
1347 4210 1359 4240 ι
1372 4191 1488 4245 iiinima
1499 4191 1612 4246 seruata
1623 4190 1716 4246 uitam
1725 4202 1769 4244 ae

111 4263 271 4334 66666666
277 4261 441 4336 plerumque
451 4266 586 4338 martyrii
595 4265 715 4338 plocium
725 4271 924 4339 promerentur
936 4283 945 4318 .·
957 4266 1083 4336 neplecta
1095 4278 1157 4322 uara
1166 4272 1203 4323 eu
1210 4265 1332 4321 crimine
1343 4260 1540 4318 inobedientia
1547 4265 1575 4318 et
1585 4262 1770 4331 contemptus

111 4333 396 4405 ‹eternaminperuni
406 4338 537 4392 mortem.
552 4355 564 4387 s
580 4337 721 4395 Ceterum
736 4341 875 4409 sequentis
891 4336 1021 4410 opusculi
1031 4336 1117 4392 editio
1132 4335 1279 4405 iiotomupi
1292 4334 1419 4406 primum
1428 4334 1505 4401 sacta
1519 4334 1560 4389 est
1572 4336 1640 4389 ante
1654 4347 1769 4390 annum

112 4404 370 4529 6666666666
383 4404 487 4476 absque
504 4409 638 4471 temporis
652 4411 732 4474 notu,
746 4409 892 4480 adjunctis
910 4406 990 4464 tibris
1005 4406 1038 4464 de
1055 4407 1299 4473 Consideratione,
1315 4407 1344 4460 et
1359 4404 1493 4475 Apolopin
1511 4402 1547 4457 66
1566 4402 1768 4470 Guillelmum,

113 4491 133 4530 6
172 4489 245 4530 aras
255 4491 433 4534 66666666.

449 4641 705 4742 susim
738 4642 1099 4743 nennium
1131 4638 1433 4741 Aunesis

392 4800 472 4906 1)ss
502 4801 846 4908 PRAECEPTO
885 4803 960 4907 ET
998 4797 1496 4908 DISPENSATIONE

874 4966 1053 5058 LiBER.

120 5127 207 5186 aaa
221 5129 390 5188 cessross
405 5131 454 5188 sa
468 5129 629 5188 staurus
649 5088 1093 5221 concussussffimdam
1109 5128 1313 5191 monachorum,
1331 5124 1412 5181 vous
1435 5123 1609 5198 primumn
1632 5122 1773 5193 promue-

366 5235 404 5277 66
422 5234 513 5279 oetas
532 5236 683 5284 6666666.
973 5234 1041 5283 ram,
1057 5218 1192 5275 destinare
1203 5214 1316 5275 curavi:
1335 5211 1617 5283 ubietaiiudquoque
1628 5210 1774 5278 impletum

157 5308 262 5366 Domno
279 5309 378 5366 Abbsti
389 5311 574 5381 columbensi,
589 5311 672 5366 irater
687 5312 857 5368 Bssussaus
872 5309 918 5364 ab·
971 5315 1014 5364 esi
1035 5309 1109 5378 quod
1136 5305 1266 5377 jussistis.
1296 5303 1365 5359 Nam
1394 5317 1457 5358 eum
1477 5298 1596 5355 66666
1621 5297 1774 5355 66666666

120 5396 652 5467 6666666666666-6611661666
667 5400 784 5458 Domino
800 5414 917 5472 semper.
974 5395 1162 5463 decrevissem,
1180 5403 1207 5451 et
1220 5394 1341 5466 epistolis
1370 5391 1510 5463 epistolem
1535 5395 1638 5445 tentum
1656 5387 1775 5443 reddere

156 5483 327 5556 meipsum
337 5503 429 5547 meam
441 5489 478 5546 sd
490 5489 620 5562 epistates
631 5490 836 5548 Cumoieasium
852 5501 920 5563 quo·
975 5485 1042 5544 velle
1052 5485 1211 5556 aoepissem;
1233 5485 1339 5538 hortatu
1354 5488 1442 5536 restro
1465 5478 1493 5534 iu
1507 5475 1579 5542 libri,
1596 5486 1627 5531 ut
1644 5476 1777 5547 cernitis,
