3728 5940
171 174 227 244 epp
641 171 668 232 s
689 162 1009 233 tsshhhhhllltltil'll
1024 162 1342 238 eihstetensis
1764 166 1822 247 sti

171 309 256 376 bent3
276 314 377 368 tamen,
392 298 520 369 quonism
538 306 625 368 porte
646 296 726 352 inierl
744 302 807 353 sunt
820 311 875 351 nee
898 308 966 366 prae·
982 304 1007 385 Ι
1021 293 1108 363 docet,
1124 308 1152 356 et
1167 301 1307 358 contendit
1319 303 1413 360 uerbis
1431 304 1464 359 ad
1484 294 1688 365 subtersiduem
1702 296 1819 368 audieri-

173 397 300 454 ralehunt
313 392 516 448 adversuseam.
531 388 560 442 Si
570 386 641 441 lilius
656 388 738 458 hujus
746 395 799 455 est,
816 384 968 439 simaterna
1022 383 1099 441 tium.
1115 387 1191 444 Ponit
1205 390 1232 446 in
1247 393 1376 449 Trinitate
1390 393 1492 466 gradus
1506 402 1534 449 et
1548 398 1633 453 scalas
1648 406 1710 455 cum
1726 398 1814 482 brie3

173 486 254 542 ubera
270 477 451 551 recongescis,
468 491 522 531 non
536 475 644 531 deseras
660 483 771 531 matrem
796 475 823 529 in
839 473 967 545 periculo,
1022 476 1158 546 praeponit
1183 479 1276 554 gratiae
1297 481 1412 539 liberum
1437 484 1575 541 arbitrium
1599 501 1661 543 cum
1685 487 1818 560 serapim

172 590 227 631 non
242 571 382 626 subtrahas
393 568 522 621 humeros
531 573 592 622 tuos
600 565 628 619 in
643 573 766 635 ternpore
776 560 966 619 tribulationis.
1021 563 1156 621 hominem
1171 579 1336 642 assumptum
1350 587 1364 625 a
1389 570 1524 629 consortio
1538 573 1675 631 Trinitatis
1696 576 1819 635 excludit

171 661 300 733 Magister
322 658 417 713 l'etrus
441 655 593 729 ingreditur
615 655 727 721 curiam,
756 660 786 710 ut
814 651 969 723 apostolicae
1020 653 1155 712 Christum
1168 659 1266 716 dividit
1280 672 1343 717 cum
1363 660 1499 721 Nestorie.
1514 662 1567 720 Sed
1582 665 1609 720 iu
1632 667 1760 724 omnibus
1775 668 1820 725 bis

171 749 249 805 Sedis
262 746 407 803 auctoritas
421 753 537 814 ponmur
556 742 581 799 ei
592 758 685 798 murus
707 750 733 799 et
752 739 919 797 antemurale
934 737 968 793 ad
1021 742 1151 815 glorietur
1173 748 1245 817 quud
1264 750 1410 807 Ecclesiam
1424 752 1573 810 Romanam
1588 755 1639 811 sibi
1655 757 1818 815 reconcilia-

171 835 372 893 conlirmandos
390 846 584 896 suoserrores,
600 846 669 901 quos
689 831 808 899 scripsit,
828 844 899 900 quos
916 827 968 883 do·
1021 831 1059 887 rit
1072 837 1144 905 quod
1158 837 1241 894 libros
1256 844 1283 894 et
1295 840 1440 897 sententias
1459 857 1522 898 suas
1545 844 1670 901 manibus
1693 850 1721 901 ct
1745 847 1819 905 sini·

169 927 234 992 cuit,
248 920 436 998 quibushdem
447 919 605 977 catholicam
621 919 802 994 impugnavit.
1021 919 1073 977 bus
1088 923 1273 982 Romanorum
1296 928 1433 985 incluserit
1449 948 1455 988 :
1477 939 1504 988 et
1522 931 1549 986 in
1573 932 1759 993 defensionem
1773 936 1818 994 sui

331 1028 501 1094 EPISTOLA
516 1034 687 1092 cccxxxv
715 1032 801 1106 (886),
1021 1011 1267 1111 0806886666(
1294 1030 1342 1072 eos
1370 1033 1391 1113 a
1414 1016 1514 1090 qnihus
1539 1019 1653 1089 judicari
1681 1022 1762 1080 debet
1788 1030 1817 1083 et

1020 1096 1153 1156 damnari.-
1171 1102 1264 1158 l'ideat
1286 1104 1367 1171 Deus,
1383 1112 1410 1162 et
1431 1106 1542 1177 iudicet,
1559 1108 1583 1165 si
1610 1109 1737 1170 velociter
1759 1110 1817 1170 ob·

1021 1193 1154 1243 structum
1179 1205 1229 1246 nos
1256 1191 1338 1271 luerit
1364 1208 1396 1250 os
1423 1194 1559 1267 loquentis
1582 1197 1684 1271 iniqua.
1711 1200 1818 1260 Cratera

315 1274 385 1328 Item
403 1273 504 1327 centro
518 1271 635 1326 Petram
649 1266 826 1324 Aboelardttm
1020 1277 1194 1346 praesentium
1209 1280 1279 1336 lator
1292 1278 1372 1338 latius
1386 1284 1542 1356 explicabit.

208 1367 343 1425 Cardinali
358 1366 524 1438 presbytero,
540 1365 709 1421 hecataeus
723 1361 811 1419 Clarae
826 1359 912 1417 Vallis
926 1360 968 1415 ab

172 1459 230 1519 bas,
246 1458 393 1513 salutemet
407 1454 579 1511 dilectionem
593 1452 622 1507 iu
637 1454 762 1508 Domino.
1177 1428 1343 1489 EP¹ST⁰¹⁴A
1354 1432 1552 1494 CCCXXXW
1566 1436 1653 1511 (384)·

205 1548 293 1602 Nemo
322 1542 529 1601 adelescentiam
563 1549 637 1597 tuam
659 1547 823 1598 contemnat.
845 1537 965 1594 Canities
983 1583 1006 1662 Β
1025 1562 1062 1616 35
1078 1564 1275 1619 mmmm
1289 1576 1469 1631 ,omem
1485 1582 1515 1622 ,N
1537 1570 1665 1627 mmm
1686 1587 1818 1633 mm

165 1634 266 1704 quippe
280 1649 333 1690 non
347 1632 453 1704 capitis,
468 1633 517 1688 sed
533 1631 628 1687 ruentis
642 1630 791 1703 requiritur
809 1626 964 1693 sDomiuo,
1271 1665 1464 1711 eprscononnu
1479 1654 1564 1729 (886).

166 1721 256 1779 808
272 1730 296 1778 et
311 1731 375 1777 aetas
383 1722 529 1777 senectutis
544 1720 598 1776 rita
613 1720 792 1775 immaculata.
809 1720 870 1776 Non
883 1733 965 1796 exps-

169 1805 965 1877 ritlerernias,uoniormidaritDaniel,lioctambopueri
1054 1838 1086 1892 in
1102 1850 1189 1892 cam
1206 1832 1281 1894 pem·
1318 1836 1445 1908 boelardi,
1459 1843 1567 1898 mar
1586 1858 1634 1900 um
1648 1846 1684 1901 ad
1702 1845 1778 1903 dim

170 1907 269 1966 essent,
285 1914 365 1954 senas
380 1898 541 1970 impudicos,
566 1898 730 1954 inveteratos
757 1897 862 1953 dierum
881 1896 965 1952 malo·
1048 1909 1196 1964 'reticerem
1208 1909 1240 1963 in
1254 1909 1359 1982 synode
1366 1913 1557 1982 provocabitis,
1572 1913 1620 1971 ted
1633 1914 1749 1989 objectos
1761 1917 1817 1976 sebi

169 2001 240 2042 rurn.
260 1985 425 2058 lmprtdieum
449 1993 477 2040 et
491 2001 542 2056 ego
567 1986 659 2040 merito
673 1984 864 2056 appellaverim
889 1983 964 2039 illum
1055 1979 1194 2036 heresum
1207 1981 1345 2038 orttmlos
1354 1983 1522 2052 respondete
1537 1981 1664 2044 abbatis
1678 1991 1707 2046 et
1719 1987 1755 2045 cd
1769 1989 1817 2049 Se·

169 2076 217 2146 qui
236 2076 360 2131 decerem
376 2074 511 2138 Ecclesia,
530 2075 576 2146 qui
591 2073 654 2128 fidei
669 2071 784 2130 maculat
798 2072 961 2131 castitatem.
1055 2051 1118 2109 &m
1132 2052 1316 2126 “immam
1330 2053 1511 2126 “Walami-

166 2164 216 2221 llic
230 2166 272 2220 est
285 2164 380 2219 Petrus
390 2162 559 2229 abaelardus,
578 2162 626 2233 qui
640 2161 674 2215 d.»
685 2160 748 2226 fido,
766 2162 800 2216 de
814 2175 968 2217 sacramen-
1055 2181 1289 2240 Reverendisgpmo
1305 2185 1372 2255 pgppj
1385 2188 1413 2242 gp
1433 2185 1544 2243 domino
1566 2204 1750 2258 memo,
1765 2182 1816 2250 Μ

166 2252 261 2323 tia‚de
289 2250 418 2323 misterii>
441 2258 542 2306 ⁸³¹¹&ae
556 2250 965 2322 Triniuris,praeterquamac-
1020 2272 1107 2344 gratia
1135 2282 1242 2331 summe
1277 2262 1418 2346 Pontifici,
1445 2274 1588 2334 ilsuarocs
1619 2279 1816 2340 Senonensinni

167 2341 251 2414 cepit,
267 2341 395 2413 disputat.
412 2338 540 2395 diiidfflffl
555 2338 671 2411 singulis
694 2348 775 2411 Pl⁰¹¹i
794 2340 859 2394 lust·
887 2339 968 2396 N¹¹¹¹⁰
1021 2360 1251 2433 archiepiscopus,
1273 2367 1431 2422 haurimus
1450 2367 1625 2425 Cernotensis
1649 2368 1815 2443 episcopus,

165 2441 254 2526 ²⁰¹⁸&
266 2429 416 2502 ingreditur
431 2427 546 2524 curiam,
562 2433 706 2500 li⁰⁸i⁴l¹¹am
726 2427 877 2484 Essilessilm
889 2440 966 2524 ⁰0&
1021 2455 1120 2506 sauctae
1136 2451 1384 2521 sedisapostolicae
1400 2454 1517 2511 famulus
1531 2459 1615 2530 (886),
1631 2458 1738 2515 Esaias
1754 2463 1815 2516 hu·

168 2522 264 2581 m⁰l¹it
279 2524 306 2569 θῑ
318 2515 490 2571 williham
505 2529 576 2582 eam,
590 2528 645 2568 ¹¹⁰⁰
671 2522 699 2569 u‘
723 2525 800 2569 ”nei
826 2518 967 2570 mmmm·
1021 2541 1189 2610 relianensis,
1214 2540 1292 2597 lluoh
1307 2542 1561 2614 Autissiodorensis,
1586 2544 1679 2602 Hirro
1692 2547 1816 2604 Trecen-

168 2604 360 2674 118θὶ68ιῦθᾶ
375 2603 439 2677 (luia
457 2602 601 2701 fflfflst
621 2601 648 2657 in
676 2602 760 2700 ΨΜ
788 2601 909 2670 mflffiaer
932 2603 966 2658 ad
1020 2628 1067 2694 sis,
1083 2629 1232 2685 Manassae
1247 2616 1392 2687 hleldensis
1406 2630 1525 2704 episcopi
1548 2624 1659 2690 devotas
1679 2635 1817 2693 orationes

169 2691 340 2748 excusandas
354 2699 545 2748 excusationes
559 2700 721 2759 inpeccatis.
730 2689 906 2746 Coulideuter
916 2705 966 2761 pro
1024 2723 1051 2768 et
1065 2713 1183 2770 deppam
1199 2714 1386 2774 obgdpenppam·

172 2779 296 2836 Ecclesia
311 2778 420 2833 stabunt
434 2779 482 2851 qui
498 2794 529 2834 se
543 2777 616 2834 lilios
634 2794 696 2834 esse
716 2779 845 2837 Ecclesiae
864 2792 970 2851 coguo-
1063 2789 1089 2841 l.
1104 2786 1175 2842 Nulli
1190 2787 1304 2844 dubium
1318 2791 1447 2862 estquod
1462 2807 1495 2848 ea
1517 2797 1576 2864 que
1600 2792 1746 2865 apostolica
1764 2790 1817 2850 fir-

174 2878 261 2925 tcuut.
284 2905 287 2910 -
1025 2880 1131 2931 mantur
1152 2876 1318 2944 auctoritate,
1341 2889 1398 2934 rata
1418 2884 1526 2951 semper
1546 2881 1674 2951 existunt,
1699 2899 1750 2940 nec
1762 2883 1817 2939 ali·

331 2980 501 3041 Epps'pogg
522 2976 709 3042 cccxxxvp
724 2983 809 3055 (332),
990 2966 1102 3045 cenius
1130 2976 1243 3036 possunt
1269 2967 1399 3041 deinceps
1426 2971 1544 3026 mutilari
1567 2973 1746 3040 cauillatione,
1776 2975 1818 3030 val

1024 3052 1127 3108 inuidia
1145 3052 1298 3123 depravari.
1314 3054 1351 3110 lla
1367 3067 1478 3129 propter
1492 3059 1524 3113 ad
1543 3065 1660 3117 vestram
1683 3061 1818 3134 apostoli.

438 3211 443 3221 .
715 3211 720 3221 Ι
1024 3148 1083 3196 cam
1098 3143 1205 3210 Sedent,
1222 3142 1378 3199 beatissime
1392 3146 1480 3214 Pater,
1497 3145 1598 3203 referre
1619 3150 1729 3223 dignum
1753 3166 1817 3207 cen·

409 3207 542 3280 Eluidssm
557 3212 730 3282 “flamm
1024 3229 1128 3286 suimus
1141 3230 1276 3302 quadarn,
1292 3246 1352 3301 quae
1366 3248 1452 3302 nuper
1475 3234 1501 3287 in
1517 3242 1611 3290 nostra
1625 3237 1739 3309 contigit
1762 3244 1821 3295 tr'se

205 3325 390 3379 Dilectissimo
405 3323 481 3379 iratri
495 3332 522 3378 et
536 3324 670 3387 coabbati,
687 3325 771 3380 irater
797 3324 969 3380 Bassianus
1022 3317 1088 3374 ctari
1104 3318 1245 3386 presemh
1261 3335 1268 3372 :
1283 3332 1345 3389 que
1367 3320 1497 3391 queniam
1520 3330 1548 3377 ct
1570 3324 1657 3391 nobis,
1675 3332 1702 3378 et
1724 3326 1820 3385 multis

171 3411 407 3469 Clarae-vallensis
430 3412 526 3477 abbas,
541 3413 627 3468 zelum
643 3412 693 3468 Dei
707 3412 969 3468 liaberesecundum
1023 3405 1158 3475 religiosis
1183 3416 1215 3461 ac
1241 3406 1408 3478 sapientibus
1429 3407 1497 3465 vilis
1529 3407 1723 3468 rationabiliter
1760 3426 1821 3472 acta

172 3501 323 3557 scientiam.
975 3542 980 3547 .
1022 3493 1081 3550 risa
1095 3500 1166 3563 sunt,
1183 3499 1280 3551 vestire
1293 3491 1383 3553 31139
1401 3497 1561 3554 Serenitatis
1575 3508 1731 3571 exspectant
1745 3517 1819 3558 com·

207 3589 322 3661 Oportet
336 3590 452 3644 hareses
465 3600 534 3658 essa,
550 3596 580 3644 at
593 3590 640 3661 qni
661 3589 767 3661 probati
783 3598 855 3659 srrut,
878 3587 967 3643 maui-
1021 3583 1130 3655 probari
1142 3582 1257 3652 jndicio,
1272 3585 1352 3642 simul
1366 3594 1392 3641 et
1406 3588 1565 3643 auctoritate
1580 3596 1713 3661 perpetuo
1737 3591 1819 3649 robo-

173 3677 237 3734 iesti
260 3677 335 3732 liant.
351 3675 379 3733 Si
408 3677 469 3749 quis
489 3684 531 3732 est
560 3677 675 3744 bonriei,
689 3678 819 3750 jungatur
845 3675 970 3748 eigilem
1023 3670 1086 3729 rari.
1102 3671 1207 3744 ltaque,
1227 3688 1289 3729 cnm
1303 3688 1354 3746 per
1370 3683 1454 3732 totam
1469 3675 1524 3732 iere
1538 3676 1653 3734 Galliam
1668 3676 1695 3731 in
1706 3677 1819 3736 ciuitati·

170 3767 242 3823 euim
257 3767 341 3822 estin
356 3774 447 3822 causa.
465 3765 569 3823 Veritas
596 3768 787 3838 periclitatur:
812 3767 970 3823 diuiduntur
1023 3763 1085 3825 bes,
1114 3761 1192 3828 vicis,
1216 3768 1244 3818 et
1268 3763 1427 3829 castellian
1450 3765 1629 3834 scholaribus,
1659 3783 1714 3822 non
1732 3768 1817 3825 solum

170 3855 329 3913 uestimenta
350 3854 460 3920 Christi,
477 3862 644 3912 sacramenta
657 3855 816 3912 scinduntur
831 3853 967 3911 acoleia.
1023 3851 1095 3908 lutra
1108 3850 1224 3919 scholas,
1240 3852 1288 3907 sed
1312 3852 1392 3910 etiam
1408 3853 1555 3925 triviatim3
1581 3870 1630 3912 uec
1653 3872 1669 3910 a
1692 3855 1820 3915 litteratis

169 3947 291 4019 hplanta
305 3945 383 4018 pedis
402 3945 534 4016 usquead
556 3945 682 4001 uerticem
697 3944 774 4001 faciei
788 3945 970 4017 corrumpitur
1024 3952 1069 3997 sut
1085 3941 1218 4010 ptorectis
1233 3948 1345 4010 mutum,
1376 3942 1421 3999 sed
1445 3960 1461 3999 a
1485 3944 1576 4014 pueris
1594 3951 1621 3999 et
1640 3944 1819 4014 simplicibus,

169 4034 280 4102 sanitas,
296 4033 455 4108 simplicitas
482 4034 600 4089 fidelium
627 4033 785 4090 deridetur:
815 4048 900 4107 pope
927 4036 970 4087 est
1024 4036 1070 4087 aut
1084 4037 1158 4086 certe
1174 4030 1272 4099 stultis,
1288 4032 1322 4088 da
1336 4036 1427 4089 sancta
1439 4031 1579 4101 Trinitas,
1598 4037 1659 4106 qum
1682 4030 1819 4106 Deus’est,

171 4134 200 4183 ut
214 4127 340 4182 ascendat
354 4127 396 4180 leo
410 4124 446 4179 de
461 4123 544 4181 cubili
567 4139 629 4190 suo,
651 4134 681 4179 ut
708 4132 801 4180 eontra
821 4122 969 4178 Ecclesiam
1025 4117 1222 4191 disputaretur,
1236 4119 1415 4192 insuperalis
1440 4122 1524 4178 multa
1546 4122 1580 4179 ab
1599 4121 1713 4188 eisdem,
1736 4123 1820 4180 abso·

172 4230 202 4270 se
216 4217 302 4285 erige
315 4214 408 4286 predo
422 4212 555 4285 gentium.
571 4213 704 4269 Praecedit
714 4214 770 4283 jam
787 4213 883 4266 Petrus
895 4211 971 4266 aba·
1025 4222 1060 4262 na
1086 4224 1198 4280 prorsus
1224 4214 1252 4265 et
1274 4211 1401 4277 absurda,
1417 4220 1444 4267 et
1472 4211 1550 4282 plane
1577 4209 1641 4267 fidei
1668 4211 1819 4283 catholicae,

172 4302 265 4356 lardus
292 4310 354 4357 ente
382 4300 478 4356 faciem
509 4301 667 4358 antichristi
694 4316 788 4370 parere
812 4300 868 4357 vias
896 4299 968 4369 ojus,
988 4287 1234 4371 nsanctorumque
1284 4301 1391 4355 latrum
1430 4299 1638 4357 auctoritatibus
1686 4300 1821 4357 obviantia

171 4389 206 4446 de
225 4390 288 4456 lide,
304 4391 338 4445 de
348 4390 530 4458 sacramentis,
546 4391 581 4447 de
600 4391 680 4446 Patre
692 4399 718 4446 et
732 4390 801 4446 Filio
814 4399 842 4447 et
867 4388 969 4460 Spiritu
1025 4386 1237 4461 proferrentur!
1267 4402 1384 4462 cumque
1415 4390 1449 4445 ab
1481 4388 1524 4445 his
1551 4388 1597 4462 qui
1626 4405 1689 4445 sane
1717 4390 1821 4446 sentie-

172 4489 277 4549 saneto,
293 4487 474 4552 preterquam
492 4479 655 4552 accepimus,
683 4480 837 4538 enuntians.
861 4478 968 4548 Scribit,
1023 4479 1098 4547 bant,
1141 4483 1175 4534 et
1204 4492 1250 4534 eas
1277 4478 1393 4550 ineptias
1426 4478 1586 4549 rejiciendas
1623 4493 1686 4536 esse
1724 4494 1821 4536 cense-

221 1173 258 1215 tu
272 1171 408 1223 euuuesu
420 1168 623 1209 rnnsnrresuu
636 1164 818 1207 occursitare
831 1146 916 1221 (886).

1020 1762 1147 1838 Episcopi
1161 1765 1260 1823 Gallice
1273 1772 1421 1892 seponunt
1434 1770 1647 1896 Pontificiduid
1661 1778 1758 1832 uolunt
1776 1776 1817 1834 at'l

353 3117 391 3158 an
405 3116 544 3167 eununsrr
563 3116 692 3158 sesanna
706 3103 791 3173 (883).

208 4665 284 4739 (886)
299 4664 418 4739 Epistola
433 4681 524 4723 nora:
552 4680 613 4738 que
628 4681 691 4726 tero
719 4678 797 4726 antea
826 4672 878 4726 336
901 4680 967 4738 erat,
1024 4669 1153 4743 Episcopi
1174 4665 1303 4724 Francia
1324 4664 1437 4723 domino
1460 4667 1625 4725 Innocentio
1647 4683 1754 4750 popoe,·
1776 4666 1822 4724 ubi

173 4755 245 4796 nuuc
260 4741 322 4794 368.
338 4739 441 4811 Scripta
455 4754 525 4794 auno
539 4740 639 4796 Christi
655 4743 735 4797 llio.
1024 4738 1144 4796 Franciae
1158 4741 1268 4794 nomine
1287 4736 1444 4808 metropolis
1460 4736 1624 4794 Senoneusis
1647 4737 1820 4803 intelligitur.

209 4810 286 4882 (881)
301 4812 393 4866 Codex
410 4809 581 4876 vedastinus,
598 4813 768 4877 nominatim,
786 4810 823 4868 od
851 4815 970 4871 Petrum
1025 4814 1092 4869 illuc
1114 4811 1142 4865 iu
1165 4809 1278 4881 epistola
1304 4811 1364 4871 tet,
1389 4824 1442 4864 vox
1466 4808 1820 4881 sauguinishrchembaldi,

175 4882 361 4940 cardinalem.
378 4883 528 4937 hisarnis.
1025 4883 1170 4939 subdecani
1187 4878 1399 4946 aureliacensis,
1415 4880 1449 4934 ad
1464 4880 1645 4936 innocentium
1661 4880 1823 4936 clamaretis

210 4953 286 5027 (sat)
301 4953 421 5024 Epistola
442 4969 532 5009 nova:
553 4967 614 5022 quae
637 4968 701 5008 rere
726 4965 806 5011 antea
831 4957 884 5011 336
903 4965 970 5022 erat,
1026 4954 1138 5011 Francia
1153 4953 1250 5011 dicitur
1268 4958 1315 5007 :et
1340 4967 1354 5006 e
1375 4950 1455 5006 istola
1470 4955 1533 5017 686,
1547 4967 1574 5006 n.
1592 4952 1618 5020 i,
1636 4952 1778 5008 Franciam
1805 4967 1823 5008 a

174 5039 249 5080 nunc
262 5024 325 5079 386.
336 5025 439 5094 Scripta
455 5039 525 5080 anno
539 5024 639 5079 Christi
654 5023 733 5082 istc.
1025 5025 1180 5096 burgundia
1194 5022 1344 5094 distinguit.
1357 4967 1478 5079 israhele
1499 5030 1590 5078 tamen
1609 5022 1720 5078 nomine
1741 5024 1822 5078 etiam

209 5097 285 5167 (883)
301 5095 380 5151 Forte
400 5096 433 5149 ad
458 5095 625 5151 bernardum
649 5097 776 5151 abbatem
797 5096 902 5161 italum,
926 5099 971 5170 qui
1027 5104 1092 5154 tuuc
1113 5097 1238 5154 secundae
1260 5094 1376 5168 Belgicae
1399 5110 1495 5168 magna
1518 5109 1581 5167 pars
1604 5092 1821 5164 comprehende-

174 5165 316 5221 llomama
339 5166 477 5223 Bernardo
508 5175 571 5222 tunc
596 5166 697 5223 missus
724 5169 819 5232 luerat,
848 5166 918 5224 infra
945 5170 973 5225 in
1027 5169 1115 5226 batur.

172 5237 295 5306 epistolis
315 5239 366 5293 363
382 5248 408 5294 et
426 5239 490 5295 iil.
1064 5239 1141 5311 (386)
1155 5238 1183 5294 16
1198 5246 1240 5293 est
1253 5237 1369 5312 legatus.
1385 5237 1443 5292 lloc
1457 5237 1563 5293 nomine
1573 5248 1632 5308 pra
1646 5232 1825 5291 modestiluti

209 5309 286 5377 (884)
302 5307 376 5375 illius
390 5309 567 5378 epistotaatt
579 5323 657 5379 :qua
671 5323 735 5365 vero
751 5311 892 5365 anteacti
906 5318 974 5380 arat,
1029 5310 1132 5365 solebat
1148 5308 1305 5377 Geulridus,
1328 5316 1357 5361 ut
1380 5307 1477 5381 legitur
1494 5309 1521 5363 in
1547 5307 1682 5364 chartario
1705 5304 1826 5363 ccclesias

176 5394 247 5431 rturrc
261 5381 314 5434 325
333 5371 440 5444 Scripta
453 5395 526 5434 atino
540 5379 638 5434 Christi
659 5381 739 5435 llic.
1029 5380 1265 5454 sancti-Stephani
1288 5383 1358 5452 apud
1381 5378 1494 5437 Droctts.
1518 5379 1614 5437 licerii
1638 5385 1739 5435 sanate
1752 5376 1826 5434 sedis

227 5448 291 5517 886)
305 5449 334 5502 lu
362 5449 468 5504 codices
492 5450 621 5505 Vaticano
649 5463 742 5506 notato
770 5454 833 5517 663,
864 5452 975 5507 habetur
1027 5450 1372 5524 stipenturstasbtntoe

179 5533 211 5591 pr
230 5518 237 5588 s
257 5533 273 5574 a
294 5532 344 5575 suo
363 5528 427 5603 post
453 5519 591 5601 epistolam
621 5524 683 5591 tas,
712 5536 772 5578 cum
797 5523 848 5583 hoc
873 5523 973 5587 titulo:
