3728 5940
169 188 241 251 ttttt
646 189 674 248 S.
694 188 861 250 fifllilllliffl
879 188 1017 251 ABBl'flS
1034 178 1348 246 utana-tatanusts
1756 168 1829 231 ffssd

168 316 306 373 luvocarit
319 328 419 371 nomen
438 314 577 370 lfalacbiae
593 313 727 369 adversus
752 332 824 382 euin,
840 323 867 371 et
890 317 967 372 nibili
1007 366 1010 372 ,
1048 317 1105 368 >titt
1129 284 1234 380 Aliquis
1252 305 1287 360 de
1301 302 1440 359 nobilibus
1454 300 1576 356 infensus
1599 298 1679 370 Regi,
1696 296 1826 354 reconci-

169 406 282 478 pendit:
300 402 471 473 irridensque
486 403 657 473 episcopum,
672 424 683 454 ι
700 404 828 471 Putasne,
843 406 965 477 linquit,
1024 401 1105 457 liatus
1117 405 1218 469 estper
1232 410 1340 451 manum
1352 390 1503 447 Malacbiae.
1518 387 1657 445 Neeenim
1672 386 1745 460 Regi
1762 389 1829 445 satis

172 516 184 547 ι
201 500 312 567 propter
321 500 346 546 te
355 491 480 547 amittere
490 491 840 549 debeamusmalefactores
848 504 958 550 nostros

169 600 237 655 quos
255 583 330 638 Deus
345 582 454 636 tradidit
473 581 499 634 in
515 598 612 637 manus
632 586 765 639 nostras?
789 586 822 640 Et
843 558 972 640 recorda'·

169 671 297 730 turrcrbi
313 672 354 726 sui
379 671 534 742 episeopus,
559 688 627 743 quos
643 673 777 729 babuerat
801 691 860 730 cum
885 674 969 729 llala·

169 761 240 828 chia,
255 759 324 815 flens
340 767 366 815 et
382 760 498 829 ejulans,
523 776 604 817 verso
625 763 700 817 rultu
717 765 750 817 ad
776 762 968 818 monasterium

172 851 233 920 ejus
250 868 257 905 ε
275 848 358 908 alibi
373 866 413 914 es,
432 871 444 902 a
461 850 508 915 ait,
527 869 538 898 a
555 852 637 906 bomo
653 851 727 908 Dei?
743 853 789 907 ubi
803 868 832 906 es
843 859 856 906 t
871 853 968 907 Nonne

167 941 220 996 hoe
244 948 294 1005 est,
311 947 390 1011 pater
405 939 451 1005 mi,
469 939 543 1010 quod
568 939 616 995 tibi
638 927 786 996 dicebam?
810 943 877 1003 Heu,
904 942 965 1008 beu,

167 1030 239 1097 veni,
255 1037 284 1084 ut
298 1028 416 1084 facerem
430 1029 547 1095 bontrm,
563 1033 589 1084 et
604 1046 658 1085 non
671 1030 770 1084 malum
783 1048 789 1101 3
803 1037 830 1084 et
842 1044 965 1100 eccepcr

168 1135 211 1174 me
226 1134 330 1182 omnes,
348 1117 383 1170 ili
398 1117 426 1171 in
439 1133 566 1188 corpore,
583 1118 627 1173 isti
642 1118 669 1172 in
685 1119 779 1173 anima
795 1117 927 1190 pereunt!
952 1139 964 1167 a

167 1205 250 1261 ttulta
264 1205 291 1261 in
306 1207 378 1261 bunc
392 1205 504 1261 modum
516 1207 676 1278 loquebatur
687 1208 839 1263 lamentans
855 1208 965 1278 etplan·

167 1309 246 1369 gens,
261 1300 288 1351 et
303 1294 381 1366 qnasi
395 1302 558 1365 praesentem
579 1295 730 1350 sollicitans
746 1305 771 1351 et
796 1295 966 1366 compellans

167 1382 325 1439 Malachiam
336 1384 469 1437 adversus
488 1381 680 1453 malignantes⁴
693 1384 804 1439 Interim
815 1401 880 1440 tero
888 1383 964 1454 impii

166 1488 228 1529 cum
256 1471 355 1544 quibus
375 1469 612 1543 fecerantpacem,
638 1473 744 1544 insequi
769 1490 823 1530 non
847 1474 965 1530 desiste-

166 1559 231 1615 bant
246 1559 281 1615 ad
294 1560 463 1631 perdendum
478 1575 545 1614 eos:
562 1569 589 1616 et
603 1576 664 1617 ecee
680 1562 790 1633 spiritus
804 1563 919 1619 meridax
936 1562 963 1616 iu

167 1665 215 1704 ore
228 1647 407 1720 quorumdam
432 1649 565 1718 virorum,
582 1651 689 1722 quiens
704 1652 846 1723 deciperet.
870 1653 902 1707 Et
917 1666 965 1706 oc-

166 1744 310 1793 currerunt
324 1736 378 1793 illis
393 1737 421 1792 in
436 1737 479 1794 via
501 1737 563 1807 viri,
583 1741 748 1808 nuntiantes,
766 1741 864 1797 laetam
888 1743 962 1801 irru-

167 1827 288 1898 ptionem
303 1827 331 1882 in
354 1835 442 1883 terras
460 1827 583 1900 ipsorum
602 1831 637 1885 ab
661 1829 824 1885 adversariis
841 1850 847 1887 :
865 1833 893 1888 in
915 1851 963 1893 ere

164 1915 238 1989 gladi
253 1917 376 1973 consumi
390 1917 492 1983 omnia,
510 1925 537 1972 et
552 1917 632 1989 diripi
656 1920 728 1974 bona
743 1935 846 1990 eorum,
861 1940 962 1982 uxores

164 2019 272 2077 quoque
287 2019 319 2059 ac
336 2004 435 2060 llberos
450 2004 506 2060 tolli
522 2007 667 2063 etabduci.
680 2007 727 2062 llis
737 2009 846 2077 auditis,
859 2015 962 2071 reversi

165 2103 228 2150 sunt
251 2094 420 2150 festinanter.
447 2093 635 2165 Sequebantur
658 2093 756 2151 ultimi·
770 2098 885 2168 primos,
907 2120 961 2174 quo

165 2182 244 2249 irent,
260 2188 308 2236 aut
322 2181 385 2252 quid
402 2181 548 2249 acciderat,
565 2183 726 2238 nescientes.
742 2185 799 2241 Nec
813 2190 885 2244 enim
901 2206 961 2246 om-

163 2286 213 2326 nes
227 2269 371 2326 audierant
396 2270 470 2325 viros
494 2270 650 2344 loquentes,
670 2265 792 2345 cumque
812 2275 960 2347 venissent,

164 2355 845 2432 etinqenissentnlhithorumqnanuutiataerant,
857 2367 962 2424 confusi

165 2455 237 2519 sunt,
251 2446 413 2519 deprehensi
431 2448 457 2501 in
467 2447 571 2502 malitia
582 2464 641 2506 sna.
658 2448 691 2503 Et
705 2463 893 2521 cognoverunt
908 2457 963 2527 spi·

165 2536 230 2594 ritui
245 2536 347 2593 erroris
371 2552 401 2591 se
424 2534 537 2591 traditos
560 2545 673 2608 propter
687 2541 812 2596 nuntium
826 2543 964 2600 Malachiae

166 2640 249 2697 quem
265 2626 442 2697 deceperunt,
459 2633 485 2681 et
500 2639 599 2679 nomen
615 2625 674 2694 ejus
691 2627 765 2697 quod
789 2642 963 2700 spreverunt.

165 2713 251 2769 Porro
275 2713 420 2785 episcopus
440 2712 553 2769 audiens
577 2713 724 2771 frustratos
758 2718 913 2788 proditores
936 2722 964 2776 iu

165 2801 304 2873 iniquitate
319 2817 369 2856 sua
385 2818 469 2879 quam
490 2802 688 2873 cogitaverant,
706 2819 766 2859 cum
794 2808 896 2879 gaudio
921 2826 964 2865 re-

1024 488 1124 544 lidebat
1139 487 1195 552 ille,
1211 495 1242 542 ut
1255 499 1350 556 pacem
1363 496 1424 536 cum
1439 495 1473 535 eo
1492 480 1600 549 faceret,
1616 477 1668 533 nisi
1683 478 1828 534 mediante

1023 576 1160 642 llalacbia,
1176 582 1222 630 aut
1236 589 1313 645 quem
1327 572 1384 627 tter
1405 583 1480 641 aque
1494 577 1676 625 revereretur.
1697 568 1759 625 Nec
1773 568 1827 623 im-

1024 665 1128 732 merito,
1143 674 1174 720 ut
1195 673 1255 735 pest
1274 659 1407 733 apparuit.
1422 659 1491 713 Nam
1515 657 1614 713 factum
1637 673 1784 727 secumm,
1801 668 1830 716 et

1023 756 1131 817 minime
1144 755 1198 825 jam
1214 759 1352 809 carentem
1367 748 1429 819 sibi,
1439 757 1548 820 captum
1563 749 1642 804 trusit
1655 747 1685 803 in
1700 748 1825 820 vincula,

1022 847 1087 901 odio
1106 843 1217 916 antiquo
1238 849 1332 912 captus
1355 840 1414 911 plus
1429 838 1497 909 ipse.
1521 836 1678 908 Requiritur
1701 837 1826 895 bomne

1022 935 1079 991 suis
1101 933 1136 989 cla
1159 949 1240 988 mann
1264 929 1443 986 mediatoris:
1468 943 1519 982 nee
1542 926 1614 982 enim
1636 927 1711 983 aliud
1743 928 1825 985 amici

1023 1033 1179 1094 exspectare
1201 1037 1281 1092 quam
1297 1027 1421 1075 mortem.
1438 1015 1511 1087 Quid
1531 1015 1629 1072 faceret
1647 1016 1826 1074 Malachiae?

1021 1111 1081 1167 Non
1096 1109 1222 1182 estquod
1238 1109 1335 1179 possit,
1350 1106 1404 1161 nisi
1420 1115 1447 1161 ut
1464 1111 1583 1161 recurrat
1607 1105 1640 1160 ad
1654 1121 1740 1162 suurn
1755 1102 1838 1164 illud'

1021 1202 1129 1259 solitum
1151 1200 1313 1270 unicumque
1332 1197 1475 1269 refugium.
1500 1195 1676 1269 Congregato
1698 1197 1824 1254 exercitu

1022 1292 1083 1348 forti
1097 1290 1186 1359 nimis,
1202 1289 1281 1345 turba
1296 1301 1394 1360 magna
1415 1286 1609 1356 discipulorum
1626 1302 1753 1354 suerum,
1769 1287 1824 1343 adit

1020 1382 1169 1452 bominem,
1184 1377 1301 1449 requirit
1315 1376 1449 1446 vinctum,
1470 1385 1592 1448 negatur.
1606 1376 1638 1431 Et
1654 1376 1820 1434 lfalacbias:

1023 1490 1036 1522 a
1056 1470 1158 1544 lnique,
1175 1469 1272 1541 inquit,
1291 1487 1302 1518 a
1323 1466 1383 1539 agis
1402 1472 1498 1520 contra
1511 1463 1667 1530 Dominum,
1684 1472 1713 1520 et
1727 1476 1822 1523 contra

1021 1576 1073 1629 me,
1098 1567 1123 1615 et
1142 1566 1235 1616 contra
1257 1567 1283 1613 te
1302 1556 1401 1627 ipsum,
1426 1561 1533 1625 paetum
1557 1555 1744 1625 praevaricans
1767 1557 1821 1611 :ai

982 1620 1004 1696 Β
1019 1648 1174 1705 dissimulas
1197 1659 1235 1714 tu,
1252 1645 1368 1703 sednon
1383 1658 1447 1717 ege.
1468 1643 1590 1700 Credidit
1613 1659 1644 1699 se
1659 1646 1745 1701 bomo
1760 1645 1818 1701 fidei

1019 1755 1084 1795 mea
1101 1755 1107 1793 :
1123 1738 1147 1792 si
1161 1737 1297 1810 contingat
1320 1735 1400 1799 mori,
1413 1748 1466 1808 ego
1480 1733 1671 1804 prodidieum,
1687 1749 1744 1809 ego
1759 1750 1818 1792 rcus

1018 1827 1158 1900 sanguinis
1172 1827 1241 1896 ejus.
1258 1824 1329 1895 Quia
1355 1824 1401 1881 tibi
1416 1822 1503 1879 visum
1522 1828 1564 1877 cst
1579 1836 1622 1877 me
1636 1824 1815 1894 proditorem,

1020 1926 1044 1974 te
1057 1919 1289 1989 praevaricatorem
1314 1913 1501 1970 constituere?
1523 1911 1640 1969 Novaria
1659 1928 1714 1978 me,
1732 1915 1816 1970 donee

1018 2008 1157 2072 liberetur,
1172 2005 1239 2061 nihil
1262 2013 1441 2077 gustaturum,
1458 2002 1506 2057 aed
1530 2017 1619 2074 neque
1642 2002 1722 2060 istas.
1745 2004 1818 2060 »Sic

1017 2097 1134 2161 locutus,
1146 2096 1227 2151 intrat
1241 2093 1383 2150 eeclesiam
1397 2111 1402 2149 :
1417 2093 1502 2148 Deum
1517 2093 1734 2163 omnipotentem
1749 2094 1816 2159 suis,

1018 2200 1183 2256 suorumque
1206 2183 1294 2240 anxiis
1317 2181 1463 2254 gemitibus
1484 2181 1644 2252 interpellat,
1663 2190 1693 2237 ut
1717 2182 1819 2253 injuste

1018 2274 1155 2330 addictum
1178 2273 1301 2344 dignetur
1316 2271 1421 2341 eripere
1446 2270 1480 2326 de
1499 2285 1579 2326 manu
1601 2270 1819 2340 praevaricatoris

1019 2372 1045 2418 et
1060 2362 1155 2433 iniqui.
1171 2363 1203 2416 Et
1217 2378 1248 2417 ea
1263 2361 1306 2417 die
1321 2377 1382 2416 cum
1397 2366 1477 2416 noete
1491 2359 1612 2432 sequenti
1623 2359 1651 2413 in
1662 2360 1777 2427 ieiunio
1791 2371 1821 2418 et

1018 2452 1139 2507 oratione
1154 2451 1336 2521 perstiterunt.
1354 2447 1489 2504 Perlatum
1510 2448 1542 2503 ad
1556 2447 1656 2519 Regem
1676 2448 1745 2518 quid
1764 2447 1816 2504 fre-

1019 2549 1072 2608 ret;
1094 2550 1120 2596 et
1141 2540 1227 2611 magis
1248 2540 1311 2596 inde
1338 2540 1487 2595 induratam
1508 2546 1549 2593 est
1570 2552 1616 2592 cor
1639 2538 1712 2605 ejus,
1739 2537 1820 2590 unde

1018 2629 1108 2685 emolli
1125 2629 1132 2683 i
1148 2629 1290 2684 debuerat.
1302 2629 1353 2684 luit
1366 2625 1574 2699 fugaru,t·eritus
1585 2624 1669 2678 bomo
1682 2624 1817 2691 carnalis,

1019 2735 1052 2773 ne
1068 2717 1091 2773 si
1102 2732 1185 2788 prope
1198 2725 1358 2783 remaneret,
1367 2716 1499 2772 orationis
1510 2729 1563 2769 non
1574 2720 1669 2784 posset
1678 2712 1818 2767 sustinere

1019 2808 1152 2862 virtutem.
1169 2805 1252 2875 erasi
1277 2819 1342 2862 vcro
1356 2806 1397 2861 vel
1414 2805 1600 2860 absconditum
1615 2816 1669 2857 non
1682 2800 1814 2865 iuveniat,

165 2889 266 2947 meavit
280 2889 312 2944 ad
328 2890 496 2957 llalacbiam,
513 2890 637 2946 referens
653 2893 744 2948 omnia
759 2910 808 2965 pro
829 2898 964 2967 ordinem,
982 2902 1004 2982 Β
1021 2897 1061 2952 tel
1085 2911 1139 2950 uon
1159 2895 1299 2969 ⁴perveniat
1322 2896 1355 2950 ad
1381 2905 1523 2951 remotum.
1548 2894 1587 2948 Tu
1611 2899 1702 2947 metas
1727 2890 1815 2962 ponis,

165 2995 227 3051 quae
242 2979 396 3035 acciderant
411 2979 474 3034 sibi.
1020 2986 1111 3052 miser,
1127 2985 1295 3040 orationibus
1309 2987 1483 3041 sanctorum?
1500 2984 1572 3039 Num
1586 2990 1629 3039 est
1646 2981 1735 3038 oratio
1747 2981 1816 3050 jacta

201 3068 354 3142 basolcas
377 3067 523 3126 lllalaebias
548 3069 684 3140 ejusmodi
708 3073 850 3128 occasione
869 3091 966 3147 pacem
1020 3073 1172 3144 sagittant
1196 3073 1285 3145 fugias
1299 3087 1314 3126 a
1329 3073 1397 3128 facie
1411 3073 1508 3128 arcus?
1530 3069 1591 3139 Quo
1606 3070 1659 3126 ibis
1684 3068 1815 3138 aspiritu

100 3223 102 3228 Ι
165 3173 226 3213 esse
241 3158 388 3223 turbatam,
410 3167 505 3213 nactus
529 3167 712 3232 opportunum
739 3170 856 3235 tempus,
872 3179 966 3236 pacem
1019 3161 1078 3231 Dei,
1096 3163 1143 3234 qui
1158 3177 1217 3216 earn
1232 3169 1328 3232 portat,
1340 3169 1366 3216 et
1380 3178 1433 3233 quo
1449 3160 1548 3216 alaeie
1564 3162 1625 3230 ejus
1640 3158 1750 3230 fugies?
1766 3157 1815 3210 De-

166 3261 215 3317 per
229 3252 317 3300 semet
330 3246 401 3299 inter
419 3245 494 3317 ipsos
518 3245 610 3302 denuo
634 3247 786 3305 reformare
810 3251 922 3318 curavit,
940 3260 966 3306 et
1021 3250 1101 3321 nique
1133 3250 1282 3323 fugientem
1315 3250 1474 3322 insequitur,
1501 3248 1605 3303 invenit
1634 3248 1813 3302 latitantem:

166 3333 275 3388 firmare
290 3333 476 3400 reformatam,
490 3335 594 3390 datiset
609 3337 728 3406 receptis
741 3338 903 3395 altrinsecus
914 3338 966 3395 fide
1019 3339 1124 3409 erisque
1150 3354 1249 3395 eaeusc
1273 3347 1358 3393 etnon
1378 3338 1481 3404 videns,
1497 3345 1527 3391 ut
1550 3336 1648 3392 melius
1670 3335 1770 3398 videas,
1788 3341 1817 3387 ⁰¹

167 3431 195 3476 et
216 3422 380 3491 juramento.
403 3423 502 3476 Verum
526 3422 577 3491 illi,
602 3423 702 3494 quibus
725 3434 788 3480 ante
808 3442 861 3498 pax
880 3428 965 3485 fracta
1019 3427 1295 3498 intelligasquoniam
1315 3427 1409 3482 durum
1433 3439 1475 3483 est
1496 3424 1545 3479 tibi
1561 3433 1657 3482 contra
1678 3421 1816 3479 stimulum

166 3509 227 3579 fuit,
241 3510 349 3580 injuriae
371 3526 514 3581 memores,
538 3512 662 3586 neglecto
680 3521 760 3586 pacto
786 3524 812 3571 et
828 3529 965 3589 praecepto
1019 3515 1169 3570 calcitrare.
1186 3515 1308 3587 Denique
1321 3517 1388 3572 senti
1412 3518 1453 3572 vel
1469 3530 1550 3586 nunc,
1567 3514 1630 3585 quia
1644 3511 1751 3586 sagitta
1768 3525 1816 3579 pn·

166 3599 314 3668 Malachiae,
333 3607 517 3656 tractaverunt
531 3601 566 3659 de
576 3605 635 3660 rice
649 3603 796 3659 reddenda.
810 3607 966 3678 Eteongre-
1021 3604 1097 3658 tentis
1112 3613 1196 3660 acutae
1211 3613 1389 3677 perverterunt
1403 3605 1436 3659 ad
1452 3612 1478 3660 te
1494 3622 1500 3657 :
1521 3619 1581 3675 qua
1592 3601 1647 3657 etsi
1663 3600 1816 3656 resilierunt

166 3689 222 3761 gati
236 3705 333 3746 omnes
347 3689 374 3744 in
390 3706 483 3756 unum,
501 3690 578 3745 ibant
603 3699 633 3747 ut
656 3689 806 3762 imparatos
825 3710 964 3765 praeoccu·
1019 3710 1035 3746 a
1058 3694 1151 3757 eorde,
1167 3693 1229 3766 quia
1253 3710 1364 3750 saxeum
1379 3704 1430 3759 est,
1446 3693 1494 3748 sed
1520 3707 1573 3747 non
1593 3693 1631 3746 ab
1642 3690 1741 3747 oculis.
1759 3690 1816 3745 Uti-

166 3786 271 3850 parent,
288 3777 485 3848 redderentque
501 3778 527 3833 in
543 3788 623 3851 caput
644 3795 742 3836 eorum
765 3782 878 3848 malum,
894 3784 966 3854 quod
1020 3800 1082 3838 nam
1098 3783 1285 3854 perfetrrstras
1300 3785 1393 3840 saltem
1404 3785 1543 3840 oculorum
1555 3782 1717 3853 perveniant
1731 3796 1818 3853 nsque

167 3865 285 3938 sibiipsi
299 3866 572 3939 facerecogitassent.
594 3869 627 3923 Et
640 3885 740 3942 magno
756 3870 875 3938 flumine,
891 3872 964 3944 quod
1019 3868 1054 3921 ad
1069 3882 1125 3934 cor,
1143 3876 1169 3924 et
1183 3870 1290 3924 vexatio
1312 3871 1357 3924 det
1372 3869 1532 3925 intellectum
1557 3866 1684 3924 caecitati.
1701 3868 1817 3923 Cernere

166 3953 306 4022 intererat,
323 3953 448 4012 facillime
463 3956 647 4023 transvadato,
667 3955 788 4025 fluviolo,
806 3975 886 4030 quern
910 3976 965 4016 non
1019 3965 1077 4011 crat
1094 3957 1202 4012 Saulum
1218 3959 1307 4013 denno
1322 3959 1354 4013 ad
1370 3973 1464 4012 manus
1477 3956 1556 4033 trabi,
1572 3965 1599 4010 et
1612 3954 1679 4012 duei
1694 3954 1729 4010 ad
1744 3953 1818 4010 Ana-

166 4042 261 4116 procul
276 4044 311 4098 ab
326 4043 375 4099 illo
391 4042 541 4111 offendere,
560 4045 657 4099 retenti
677 4054 749 4100 sunt.
774 4047 869 4118 Neque
892 4049 963 4104 enim
1019 4044 1089 4099 niam
1101 4044 1173 4116 (Aet.
1189 4046 1237 4116 rx),
1251 4046 1285 4101 atl
1300 4063 1378 4102 overn
1388 4046 1601 4116 scilicetlupnua,
1615 4051 1645 4098 ut
1659 4043 1821 4100 refunderet

166 4137 221 4200 iam
235 4132 429 4201 fluviolus,scd
444 4134 525 4204 plane
539 4131 638 4189 fluvius
650 4134 744 4206 ingens
754 4136 888 4206 apparuit,
902 4138 964 4193 ubi·
1019 4132 1150 4205 praedam.
1165 4134 1284 4202 Reludit,
1306 4144 1333 4191 cl
1347 4137 1449 4208 recepit
1471 4135 1568 4202 risum,
1581 4131 1656 4204 quod
1672 4133 1821 4191 cataonia

166 4236 220 4294 que
233 4222 274 4276 sui
290 4222 403 4277 transire
418 4222 572 4279 volentibus
587 4222 727 4278 transitum
743 4239 857 4294 negans.
874 4225 966 4282 llirari
1019 4222 1185 4292 usqueadeo
1208 4223 1268 4279 ovis
1287 4233 1369 4290 esset,
1384 4235 1411 4281 ut
1426 4224 1449 4281 si
1468 4223 1593 4280 misertus
1608 4231 1636 4278 et
1651 4223 1735 4295 lupo.
1753 4221 1821 4278 Dili-

167 4325 263 4366 omnes
278 4315 382 4364 tautum
398 4327 469 4365 nunc
491 4325 563 4375 esse,
590 4311 725 4368 tantillum
749 4313 862 4369 antebac
883 4312 967 4371 tuisse
1020 4317 1117 4380 genie?
1128 4327 1161 4366 ex
1180 4312 1221 4366 his
1240 4314 1358 4379 aduerte,
1375 4315 1468 4384 ¹00¹⁰i2
1483 4329 1545 4370 ⁰¹1¹ss
1569 4311 1672 4384 quibus
1688 4312 1823 4370 *labiim

167 4396 423 4470 solentes,et10qui
441 4398 512 4453 inter
527 4415 556 4454 se
574 4416 579 4452 :
601 4400 704 4457 «Unde
718 4399 858 4458 inundatio
882 4403 964 4461 hae?
1019 4399 1165 4466 Malachiae,
1182 4401 1277 4471 quates
1301 4403 1444 4475 principes,
1460 4414 1486 4458 et
1504 4402 1599 4474 quates
1622 4400 1735 4473 populi.
1753 4400 1824 4470 Quo

167 4502 215 4555 aer
229 4503 342 4543 serenus
356 4496 407 4554 est,
424 4487 527 4543 imbres
542 4505 596 4543 nou
612 4497 685 4553 sirint,
703 4506 751 4546 nee
766 4491 965 4563 proximefuis·
1020 4487 1101 4545 modo
1120 4503 1174 4544 non
1200 4499 1227 4547 et
1262 4492 1285 4546 is
1307 4490 1390 4549 frater
1413 4491 1464 4548 fuit
1486 4493 1648 4556 draconum,
1675 4500 1705 4548 et
1732 4493 1824 4549 socias

166 4591 197 4631 sc
215 4575 399 4633 meminimus.
416 4576 449 4633 Et
463 4575 486 4631 si
500 4576 613 4633 multum
628 4578 752 4651 pluisset,
765 4580 826 4652 quis
844 4589 964 4637 nostrum
1020 4576 1222 4634 struthionum‘.l
1236 4579 1294 4651 (lob
1309 4596 1381 4651 xxx,
1398 4581 1453 4652 aa).
1469 4581 1502 4636 Et
1514 4580 1574 4636 ideo
1591 4580 1667 4636 dedit
1684 4580 1712 4636 ei
1728 4582 1825 4639 Βοιαὶ-

167 4679 286 4737 unquam
301 4663 432 4720 hactenus
446 4665 568 4720 meminit
587 4664 616 4720 in
629 4676 848 4739 quantacumque
870 4670 965 4727 illuvie
1019 4682 1070 4722 nus
1088 4667 1212 4723 virtutem
1227 4669 1349 4726 calcandi
1364 4686 1445 4742 super
1477 4677 1618 4741 serpentes
1634 4676 1662 4726 et
1689 4671 1824 4743 scorpio-

166 4751 202 4807 ita
226 4750 398 4819 intumuisse,
415 4761 449 4808 ut
474 4753 593 4826 operiret
618 4751 706 4811 ΒΜ
731 4763 842 4826 terram,
858 4765 917 4813 sata
939 4767 966 4814 et
1018 4770 1078 4824 nes,
1093 4755 1201 4830 alligare
1222 4774 1302 4832 reges
1315 4774 1407 4815 eorum
1422 4759 1450 4815 in
1462 4757 1651 4831 compedibus,
1668 4766 1700 4815 et
1716 4761 1827 4819 nobiles

165 4848 244 4913 prata
258 4840 447 4913 pervaderet
461 4841 567 4914 Digitus
583 4841 634 4898 Dei
648 4849 691 4898 est
714 4842 775 4911 iste,
791 4851 818 4901 et
832 4845 966 4904 Dominus
1019 4858 1112 4901 ectum
1121 4845 1150 4904 in
1157 4847 1271 4905 manicis
1280 4847 1382 4905 ferreis.
1393 4847 1463 4904 nudi
1473 4847 1587 4920 denique
1596 4847 1666 4921 quid
1676 4861 1827 4924 sequatur.

165 4929 236 5003 sepit
248 4929 308 4985 vias
322 4938 430 4986 nostras
444 4939 553 5004 propter
568 4937 782 4987 sanctumsuum
793 4935 963 5006 Malachiam,
1282 4972 1393 5031 CAPUT
1410 4971 1527 5030 mm

164 5020 244 5089 eujus
257 5034 353 5076 sumus
366 5020 537 5092 praevaricati
551 5028 672 5092 pactum,
699 5024 863 5097 transgressi
887 5041 965 5080 man·
1532 5012 1539 5029 ⁸

164 5110 293 5167 datum.»
310 5110 350 5165 lta
362 5117 390 5166 et
403 5110 431 5165 bi
446 5108 547 5167 infecto
562 5109 683 5181 negotio,
700 5110 733 5166 ad
744 5128 794 5168 sua
809 5131 884 5186 aeqne
895 5131 963 5171 con·
1019 5097 1137 5155 Saffum
1153 5099 1306 5169 adipatum
1328 5101 1465 5186 matteas,
1475 5099 1674 5158 adversarium
1695 5105 1825 5176 patim»

164 5197 217 5256 fusi
231 5199 440 5272 repedaverunt.
456 5198 633 5272 Divulgatum
647 5207 688 5257 est
702 5203 817 5259 verbum
838 5220 889 5276 per
904 5205 964 5261 uui·
1137 5171 1184 5227 ⁵⁶d
1197 5189 1264 5230 '²²⁰²
1278 5174 1388 5229 ΜΘΝ
1407 5175 1505 5230 dwma
1519 5176 1699 5246 ΜΜΡΜ·

162 5303 271 5344 ternam
299 5288 442 5362 regionem
473 5306 479 5348 :
510 5296 537 5346 et
565 5289 760 5350 benedicebant
787 5293 886 5360 Deum,
916 5293 988 5365 qui·
1051 5297 1097 5350 el.
1112 5295 1149 5366 ls,
1164 5296 1207 5353 cui
1230 5296 1425 5355 Benchorensis
1439 5295 1594 5355 monasterii
1612 5308 1745 5360 cesserat
1759 5317 1823 5374 poa·

164 5376 370 5447 comprehendit
384 5379 520 5452 sapientes
540 5378 566 5435 in
582 5379 681 5435 astutia
704 5396 765 5447 sna,
791 5391 817 5438 et
842 5382 962 5440 conirin·
1016 5384 1162 5455 scssiones,
1177 5387 1299 5459 ingratus
1316 5386 1460 5457 beneficio,
1477 5390 1579 5445 extunc
1592 5393 1619 5443 et
1633 5384 1815 5464 deincepsin

107 5474 229 5592 *aas
238 5478 341 5523 mertun
350 5467 693 5539 peecatorum,subllmaait
708 5483 793 5527 cornu
801 5471 896 5531 christi
907 5472 959 5529 sui.
1016 5473 1196 5534 scientissime
1210 5493 1317 5550 semper
1331 5493 1362 5536 se
1375 5478 1470 5537 babuit
1479 5478 1609 5536 mactans
1624 5492 1693 5535 eum
1702 5488 1734 5540 et
1748 5496 1823 5550 suos,
