3728 5940
87 116 192 195 ,est
603 111 1013 179 tmnrrrmmmsr
1034 115 1306 181 censueramus.
1703 117 1784 181 ¹sse

82 300 89 315 ‚
132 258 252 317 quoqne
263 241 337 316 qnod
344 239 412 315 agit,
423 254 454 296 sc
463 239 563 297 malum
575 255 638 299 esse
650 239 796 298 crediderit
807 257 814 309 ς
830 256 863 298 ac
876 248 939 296 tan·
955 253 978 332 Ι
992 239 1085 299 fallere
1100 243 1206 316 penitus
1220 256 1276 300 uon
1296 243 1432 302 consentit
1445 261 1453 301 t
1468 243 1583 302 sitorum
1595 259 1660 303 rsrn
1673 245 1783 313 malum,

82 360 98 405 5
139 340 200 388 tum
218 332 327 396 malum,
342 336 472 401 qnantum
486 328 641 386 crediderit.
655 329 734 401 Quod
759 329 781 385 si
805 343 938 396 annuero,
994 332 1067 402 quod
1089 332 1153 389 licet
1166 333 1225 389 seri
1239 334 1363 390 notitiam
1381 348 1435 390 non
1450 332 1592 404 impediet,
1607 348 1726 390 emorern
1741 342 1785 390 te-

82 436 98 495 Ι
137 436 251 478 rursum
260 417 374 492 pergitis
383 417 531 490 inquirere,
539 433 588 474 cur
598 418 826 476 ncnecontrario
838 424 940 474 tanturn
994 436 1056 476 men
1070 421 1134 478 boni
1149 437 1204 493 prae
1220 423 1320 478 malitia
1333 421 1446 478 minime
1461 420 1554 478 sentit.

82 538 98 583 ι
128 509 241 585 ,ιιιὶᾳιιο
254 507 357 564 bonum
371 506 405 562 sit
418 505 492 578 quod
508 513 648 579 operatur,
671 514 801 576 quantum
814 507 856 562 vel
871 506 939 562 ialso
1030 512 1074 564 38.
1088 511 1123 566 Et
1141 510 1267 582 quoniam
1281 510 1369 568 omnis
1392 525 1435 565 res
1453 508 1550 565 melius
1564 507 1699 565 divisione
1713 509 1788 564 inno·

82 630 96 687 Ι
137 597 395 672 opinatur.liirum
408 594 939 677 qnippevobis,·imoetinjustumvide·
993 597 1091 655 tescit:
1111 600 1258 655 secundum
1278 600 1330 655 boc
1348 599 1449 669 duplex
1464 597 1618 664 malumst
1635 595 1703 651 illud
1722 595 1786 653 item

82 720 93 760 ,
128 694 196 756 tar,
210 690 242 743 nt
257 686 318 755 plus
336 685 363 740 in
378 683 461 754 malo,
476 698 558 756 quarn
572 683 601 739 iu
615 683 689 740 bono
704 685 828 740 humente
850 683 940 740 valeat
991 687 1130 758 geminum
1149 687 1261 752 bonum,
1286 684 1481 757 quadrifariam
1500 684 1653 741 dividamus
1676 683 1786 740 oculum

82 795 90 848 p
136 772 303 831 intentionis
317 771 420 843 opinio.
436 770 657 844 Sirespondero,
684 771 813 829 demolis
826 771 937 844 quidem
991 773 1091 839 cordis,
1106 775 1133 828 in
1149 775 1284 831 bonumet
1298 774 1445 839 meliorem,
1458 774 1486 829 in
1497 775 1597 829 malum
1613 781 1641 828 et
1650 773 1785 844 pejorem.

120 862 238 933 ¹merito
255 860 295 918 ita
311 860 385 918 credi
406 869 517 931 propter
530 860 639 917 oculum
659 875 798 932 nequam:
819 874 940 931 respon·
992 860 1025 916 lit
1038 861 1185 917 subdamus
1208 862 1342 933 exempla.
1367 863 1416 918 Est
1444 863 1493 936 qui
1516 863 1619 918 bonum
1641 859 1739 929 diligit,
1761 870 1789 916 et

120 948 241 1021 ‚debitis
254 956 281 1005 et
295 948 361 1004 milri
375 964 431 1005 uon
445 946 582 1004 immerito
596 963 706 1021 quoque
730 955 844 1021 propter
868 946 938 1002 sim·
991 949 1092 1005 malum
1102 950 1210 1007 nescius
1219 951 1285 1021 agit.
1301 950 1389 1020 liuius
1398 949 1506 1022 quidem
1516 950 1663 1004 bonusest
1677 948 1786 1018 oculus,

139 1037 239 1112 plicom
252 1038 360 1096 ocnlum
379 1034 450 1092 idem
471 1051 549 1109 eque
568 1037 717 1108 putandum
737 1044 765 1090 et
792 1036 826 1091 de
847 1035 935 1091 bonis.
991 1039 1056 1110 qnia
1070 1039 1130 1110 pius
1145 1057 1152 1095 :
1167 1054 1222 1096 nco
1247 1047 1337 1095 mmen
1353 1039 1477 1110 simplex,
1503 1037 1567 1108 quie
1586 1052 1685 1094 cacus.
1701 1037 1789 1092 litest

127 1127 209 1201 ¹llam
227 1125 273 1198 qui
288 1125 355 1180 dixit
374 1141 408 1182 ex
425 1127 505 1182 oculo
521 1140 638 1197 nequam
666 1125 788 1193 corporis
810 1125 938 1181 tenebras
991 1127 1035 1198 qni
1051 1115 1150 1183 bonum
1166 1135 1193 1183 et
1212 1126 1327 1183 libenter
1346 1127 1412 1202 agit,
1427 1132 1454 1182 et
1470 1125 1618 1194 prudenter
1638 1123 1785 1196 intelligit:

122 1213 277 1278 aestimari,
295 1211 421 1268 indicarit
435 1222 462 1270 et
480 1212 514 1267 de
541 1211 657 1285 simplici
673 1211 762 1267 lucem
778 1226 855 1284 aeque
870 1225 936 1267 cor·
990 1215 1070 1271 letius
1088 1230 1182 1271 revere
1196 1215 1303 1272 oculum
1319 1230 1373 1270 nou
1392 1214 1525 1270 immerito
1540 1212 1688 1284 simplicem
1708 1211 1786 1268 dixe·

119 1303 217 1377 ,poris
230 1300 374 1374 approbari
386 1300 497 1368 (licitis.
507 1315 547 1370 vr,
562 1299 620 1370 23).
638 1299 691 1357 Sed
705 1299 803 1366 ridete,
815 1315 850 1355 ne
865 1298 936 1355 torte
991 1303 1052 1368 rim,
1076 1309 1171 1372 utpote
1196 1302 1241 1360 cui
1268 1311 1394 1359 neutrum
1416 1304 1520 1358 bonum
1541 1301 1622 1366 desit,
1638 1316 1689 1357 nec
1712 1300 1785 1358 selus

118 1404 193 1450 -nou
210 1389 246 1445 sit
259 1404 322 1446 rere
336 1388 432 1445 oculus
455 1388 581 1459 simplex,
609 1386 656 1459 qni
683 1386 797 1444 iallitnr.
824 1386 935 1444 Fallitur
951 1420 973 1498 Β
987 1392 1087 1448 scilicet
1101 1391 1198 1459 bonus,
1223 1389 1409 1448 necscientia.
1428 1391 1504 1445 Hunc
1528 1389 1648 1459 proiecto
1667 1389 1784 1461 requirit

122 1477 213 1555 ‚enim
227 1486 282 1532 tam
297 1477 343 1548 qni
359 1478 458 1533 bonum
477 1476 589 1541 malum,
608 1491 690 1550 quam
704 1478 749 1550 qui
766 1476 866 1531 malum
882 1476 934 1531 bo·
988 1480 1096 1534 oculum
1111 1480 1193 1543 Deus,
1203 1494 1263 1533 cum
1278 1478 1389 1548 respicit
1401 1491 1485 1548 super
1503 1476 1574 1532 tilios
1584 1476 1736 1541 hominum,
1752 1485 1782 1534 ut

118 1582 205 1643 ‚num
220 1564 362 1636 putaverit.
387 1563 468 1622 Scitis
495 1571 586 1620 autem
614 1571 739 1620 neutrum
767 1564 863 1618 borum
888 1561 936 1618 Vre
988 1567 1078 1622 videet
1092 1567 1114 1620 si
1135 1575 1177 1622 est
1189 1565 1345 1638 intelligens
1358 1575 1403 1621 ant
1422 1564 1564 1635 requirens
1583 1564 1670 1618 Deum
1690 1563 1782 1636 (Psoi.

138 1654 206 1710 illud
221 1653 322 1710 evitare
332 1651 530 1726 propheticum,
544 1654 586 1708 l'oe
595 1654 644 1726 qui
656 1651 751 1710 dicitis
761 1651 867 1710 bortum
880 1667 937 1708 mc·
989 1670 1050 1719 xrrr,
1066 1655 1103 1726 il).
1119 1654 1190 1710 Este
1204 1654 1340 1710 contrario
1349 1654 1397 1724 qui
1414 1654 1514 1708 bonum
1527 1650 1640 1708 minime
1655 1651 1782 1723 diligens,

139 1744 212 1813 lum,
227 1747 255 1797 et
273 1742 383 1799 molum
406 1740 509 1797 docum
526 1740 592 1809 (lto.
617 1758 646 1806 v,
666 1740 736 1811 ιιι·
763 1755 826 1795 curn
847 1746 937 1795 ttrnsn
990 1759 1024 1801 ex
1041 1743 1142 1797 malitia
1163 1739 1273 1812 quidem
1301 1756 1445 1809 perversus
1467 1748 1531 1795 est:
1552 1739 1599 1795 sed
1623 1738 1731 1810 sapiens
1754 1750 1784 1795 ut

108 1814 120 1911 (ᾗ
137 1846 231 1897 nemo,
247 1830 293 1902 qui
308 1827 453 1886 hncblb
469 1826 534 1884 velit
549 1842 647 1884 cavera
660 1826 833 1884 meledictum
848 1826 935 1899 (105),
989 1829 1067 1886 iaciat
1083 1828 1192 1893 malum,
1209 1845 1257 1899 per
1270 1828 1451 1901 ignorantiam
1462 1843 1551 1883 cecus
1565 1842 1619 1883 non
1635 1826 1782 1897 catonem

108 1917 237 1997 Ldequo
259 1915 619 1987 Veritaspronuntiat,quod
631 1914 666 1970 sit
680 1914 749 1970 lucis
762 1913 839 1987 (106)
853 1914 937 1972 totius
991 1919 1101 1991 quidem
1123 1917 1184 1973 ideo
1205 1916 1326 1973 nondum
1340 1915 1531 1988 appellaverim
1552 1931 1679 1987 nequam,
1701 1932 1783 1987 quam

110 2003 274 2077 .c⁰rp0rit‚
291 2003 319 2058 id
337 2009 377 2059 esi
396 2001 494 2074 ορθιίι,
515 2009 717 2076 argumentum·
738 2002 791 2057 Sed
819 2000 888 2058 obsit
908 2007 937 2056 ul
990 2023 1074 2063 unum
1086 2005 1121 2070 ei,
1137 2006 1200 2062 licet
1211 2007 1245 2061 ad
1259 2021 1339 2061 suum
1358 2004 1468 2070 malum,
1480 2019 1533 2060 non
1548 2004 1620 2061 desit
1633 2005 1745 2070 bonum,
1757 2004 1783 2058 id

107 2150 118 2161 ,
137 2108 229 2165 praeco
249 2091 375 2148 Veritatis
388 2090 485 2146 clamet
499 2098 591 2148 contra
606 2089 772 2157 Veritatsm3
790 2089 938 2147 maledicat
990 2103 1032 2152 est
1043 2094 1167 2150 scientis.

137 2180 165 2253 5⁸.
177 2180 251 2253 quod
267 2179 312 2234 5¹¹³
326 2179 498 2252 imbuisti!
1026 2185 1070 2241 39.
1087 2182 1138 2239 Sed
1152 2190 1194 2239 est
1214 2182 1261 2255 qui
1288 2183 1388 2239 bonum
1413 2181 1483 2239 iorte
1506 2178 1614 2237 nescius
1639 2182 1713 2252 quod
1729 2195 1784 2239 non

102 2327 119 2341 .
150 2320 153 2324 .
175 2269 220 2324 36.
237 2269 298 2340 Ego
314 2282 377 2323 vero
392 2275 421 2322 ut
435 2265 547 2323 interior
560 2267 655 2323 oculus
680 2280 744 2322 vere
762 2266 877 2336 simplex
890 2265 935 2334 sit,
990 2272 1089 2345 diligit,
1114 2272 1195 2345 agit:
1220 2270 1264 2327 cui
1282 2269 1404 2341 proiecto
1423 2284 1477 2325 nnn
1501 2269 1650 2338 incongrue
1665 2267 1691 2323 id
1711 2270 1784 2340 quod

99 2400 122 2441 ε,
132 2358 194 2414 duo
214 2355 253 2413 illi
280 2372 339 2414 esse
352 2356 470 2412 arbitror
487 2354 647 2422 necessaria,
664 2354 825 2411 charitatem
839 2355 866 2410 in
892 2354 936 2412 in·
990 2361 1208 2431 diciturnequam
1224 2356 1433 2430 assignaverim,
1450 2371 1482 2412 eo
1497 2355 1570 2426 quod
1580 2363 1677 2412 neutro
1692 2363 1783 2411 careat

97 2493 121 2515 ,.
141 2445 272 2516 tentione,
287 2452 315 2500 et
329 2446 355 2498 in
378 2443 509 2500 electione
527 2442 680 2503 ueritatem.
696 2442 766 2498 Nam
786 2443 809 2497 si
837 2443 937 2499 bonum
992 2449 1072 2513 malo,
1097 2464 1145 2503 nec
1163 2447 1285 2503 cecitate
1300 2445 1416 2511 scilicet,
1437 2459 1488 2500 nec
1506 2444 1695 2513 perversitate.
1709 2443 1785 2498 Dici·

98 2590 112 2605 ‚
135 2532 248 2605 quidem
263 2531 367 2606 diliget,
389 2532 437 2586 sed
463 2546 556 2587 rerum
572 2546 624 2586 non
640 2529 739 2602 eligam
769 2528 851 2585 babet
877 2529 938 2602 qui·
993 2545 1038 2592 tur
1051 2535 1183 2607 siquidem
1203 2549 1331 2607 nequam,
1353 2533 1430 2604 qussi
1445 2547 1623 2604 nequaquam,
1645 2540 1675 2588 ur
1687 2530 1721 2588 iis
1736 2547 1785 2588 ιο.

96 2652 108 2703 ,3
136 2626 203 2678 alem
218 2621 306 2677 zelum
322 2619 381 2688 liei,
397 2618 446 2674 sed
470 2634 524 2675 non
545 2616 697 2674 secundnm
718 2616 881 2675 scientiam:
912 2624 939 2674 et
992 2624 1128 2681 lummodo
1147 2638 1260 2694 nequem
1284 2622 1443 2695 appelletur,
1460 2622 1509 2694 qui
1532 2635 1714 2692 nequaquam,
1734 2621 1786 2676 hoc

93 2756 115 2801 ὁ
136 2708 235 2766 nescio
256 2707 484 2782 quemadmodum
502 2699 607 2775 judiciii
635 2704 763 2761 Veriitlii
786 2720 851 2761 vera
876 2720 938 2762 0⁸⁸0
954 2689 1042 2783 cest,
1057 2713 1084 2768 in
1108 2711 1181 2768 nullo
1204 2714 1313 2784 penitus
1327 2719 1455 2782 sppsreat
1474 2710 1577 2780 bonus;
1596 2708 1645 2764 sed
1661 2711 1697 2765 sit
1710 2716 1786 2766 utro·

96 2856 109 2871 ‚
137 2797 224 2868 possit
237 2813 298 2855 cum
324 2796 438 2852 islsitate
452 2792 620 2866 simplicitas.
637 2793 738 2849 Volens
761 2793 877 2865 denique
904 2794 938 2851 sd
991 2818 1045 2876 que
1063 2802 1135 2859 bopo
1150 2815 1260 2868 vacuus,
1285 2807 1337 2856 tam
1359 2798 1485 2857 videlicet
1499 2797 1560 2854 reri
1581 2797 1688 2862 notitia,
1704 2813 1785 2871 quam

90 2932 116 2971 ep:
137 2902 228 2942 ueram
256 2885 404 2956 discipulos
431 2884 561 2940 instruere
586 2881 783 2953 simplicitatem
807 2881 938 2955 magistre
992 2898 1018 2947 es
1037 2887 1233 2946 benevolentia.
1257 2887 1335 2943 Alius
1358 2895 1399 2943 est
1420 2889 1509 2958 itaque
1531 2885 1594 2957 pius
1611 2885 1716 2955 oculus,
1732 2901 1785 2942 non

97 3032 108 3048 ‚
137 2974 255 3041 veritas,
266 2976 370 3038 estote.
385 2973 483 3043 inquit,
491 2972 645 3044 Ριιιᾶθιιΐθδ
654 2971 730 3028 mut
739 2975 893 3045 terpentes,
909 2976 938 3028 ιι
990 2977 1100 3050 quidem
1113 2975 1207 3032 fallere
1223 2985 1372 3047 promptus,
1389 2974 1436 3029 scd
1451 2984 1552 3037 tamen,
1568 2981 1599 3027 ut
1612 2971 1714 3027 dictum
1734 2984 1784 3040 est,

91 3116 113 3149 ,a
136 3064 280 3136 simplices
289 3059 720 3131 eieutcolttmboesslatilcx,lb).
733 3059 938 3132 Premisitergo
991 3064 1047 3121 lalli
1062 3079 1165 3137 pronus
1187 3064 1221 3118 de
1242 3078 1298 3134 quo
1328 3063 1462 3133 propbeta
1479 3080 1486 3117 :
1506 3060 1658 3135 Ephraim,
1686 3060 1784 3130 iuquit,

90 3200 107 3239 a
140 3151 319 3219 praesrtim,
348 3150 406 3205 siue
433 3165 488 3221 qua
516 3147 656 3204 neminem
682 3147 833 3204 satis-esse
859 3163 939 3218 posse
991 3150 1784 3227 qucricolumbcseducto,eocbcdemccr(05c,vrr.tt).

90 3232 112 3323 ε’
138 3237 290 3311 simplicem
313 3236 404 3294 sciret.
420 3235 564 3306 Quomodo
586 3236 705 3308 deniqne
728 3251 794 3293 vere
820 3235 938 3307 sirupler
991 3240 1067 3296 Alius
1079 3241 1103 3297 is
1118 3255 1200 3312 quem
1215 3239 1348 3297 Dominus
1360 3237 1507 3308 simplicem
1518 3237 1594 3308 dicit,
1611 3243 1666 3292 tam
1678 3233 1785 3292 cecini·

89 3387 111 3399 ι
140 3326 193 3384 crit
206 3327 304 3382 oculus
317 3342 380 3382 cum
400 3326 552 3395 ignorantia
572 3325 711 3382 veritatis?
734 3334 781 3382 aut
794 3340 859 3383 vero
873 3342 939 3384 vers
991 3329 1047 3386 lere
1060 3327 1156 3398 facilis,
1170 3344 1250 3400 quam
1269 3327 1399 3392 seciani,
1418 3326 1454 3380 de
1468 3341 1524 3397 quo
1538 3334 1564 3381 et
1587 3324 1713 3396 Apostoli
1730 3324 1786 3380 do·

87 3464 109 3501 ,ἰ
139 3424 229 3486 potest
242 3413 296 3469 dici
309 3413 478 3483 simplicitas,
493 3429 576 3487 quam
594 3414 708 3486 simplex
736 3413 844 3486 ignorat
865 3415 938 3471 reri-
991 3428 1085 3474 centur
1099 3433 1161 3474 cum
1177 3416 1218 3472 eis
1232 3416 1349 3473 dicitur:
1369 3417 1464 3472 Estote
1470 3413 1625 3486 prementes
1639 3416 1714 3471 sicui
1726 3429 1786 3471 ser·

87 3550 109 3591 m
136 3503 202 3559 tas?
216 3501 349 3570 Scriptum
358 3509 400 3557 est
409 3501 480 3555 enim
493 3518 500 3554 ι
514 3502 649 3572 lpmorom
660 3501 862 3573 tpnorolimrl
876 3505 939 3563 Cor.
988 3511 1099 3580 pentes,
1114 3508 1142 3560 ei
1156 3505 1298 3576 simplices
1308 3505 1385 3561 sicut
1398 3503 1547 3559 columbe.

82 3642 114 3679 ᾧ,
137 3608 196 3659 xtr,
213 3593 271 3661 38).
287 3590 362 3644 Patet
376 3602 440 3660 ergo
455 3587 618 3643 laudabilem
635 3587 708 3644 illam
731 3600 795 3644 ets
822 3589 940 3646 Domino
1028 3594 1073 3647 io.
1087 3592 1121 3645 Et
1146 3590 1210 3645 item
1234 3590 1302 3643 alius
1322 3596 1363 3644 est
1385 3589 1478 3644 oculus
1504 3587 1662 3658 simpliciter
1687 3588 1786 3654 melus,

82 3672 111 3767 “j
149 3679 276 3736 sudatum
291 3674 490 3749 simplicitatem
503 3675 606 3744 absque
621 3674 663 3730 bis
677 3674 786 3732 duobus
800 3690 856 3732 uon
879 3693 940 3735 esse
993 3680 1092 3734 labens
1106 3676 1198 3747 utique
1214 3677 1342 3740 libenter,
1357 3674 1407 3730 sed
1427 3689 1481 3730 non
1497 3673 1574 3731 iacile
1589 3673 1675 3730 salsus
1692 3692 1700 3733 ι
1715 3691 1788 3746 qua·

82 3802 106 3857 m-
140 3767 229 3838 bonis,
245 3763 430 3822 benevolentia
445 3762 710 3835 atqueprudentra:
730 3770 761 3817 ut
778 3763 874 3819 oculus
895 3764 939 3819 ri·
993 3767 1046 3822 lem
1069 3762 1157 3821 etti
1175 3762 1294 3835 prolecto
1314 3764 1415 3818 habent
1435 3761 1473 3816 illi
1501 3761 1548 3834 qui
1578 3777 1626 3817 ore
1649 3761 1788 3819 dominico

101 3910 105 3917 ,
138 3854 236 3911 delicet
250 3852 351 3918 cordis,
371 3867 427 3908 non
442 3852 531 3907 solum
551 3850 613 3923 pius
626 3850 673 3923 qui
689 3849 781 3907 lsllere
796 3851 874 3917 nolit,
889 3852 937 3908 sed
953 3853 977 3931 n
992 3862 1147 3910 astruuntur
1174 3851 1359 3923 prudentiores
1381 3865 1441 3906 esse
1463 3849 1524 3905 liliis
1543 3849 1612 3907 lucis
1631 3851 1657 3905 in
1677 3866 1789 3924 genera·

82 3932 104 4035 bf
122 3951 167 4004 ,et
180 3941 319 4000 centussit
332 3940 378 4014 qui
389 3939 443 3997 tulli
454 3955 508 3996 non
524 3939 620 4013 possit.
993 3941 1065 3999 bona
1082 3957 1140 3996 sua.
1157 3940 1189 3995 m
1211 3939 1281 3994 alius
1296 3953 1375 4010 quem
1396 3953 1511 4010 nequam
1527 3953 1587 3993 esse
1603 3938 1788 4008 definivimus,

110 4027 122 4033 ”
175 4033 219 4098 ³7,
235 4031 366 4087 Ceterum
383 4029 454 4086 sicut
473 4030 581 4085 oculum
596 4027 746 4099 simplicem
760 4025 815 4083 duo
829 4029 881 4083 ists
895 4027 937 4083 la·
991 4030 1054 4101 qnia
1068 4029 1103 4084 sit
1116 4027 1261 4098 dupliciter
1277 4026 1372 4096 matu«,
1384 4025 1427 4082 cui
1440 4025 1541 4097 quippe
1556 4033 1584 4083 et
1599 4025 1702 4082 malitia
1717 4027 1789 4097 parit

82 4160 105 4213 [ι
139 4123 213 4180 cium
228 4122 309 4185 bona,
324 4134 400 4176 amor
413 4117 489 4183 boui,
505 4126 532 4175 et
545 4117 665 4191 cognitio
680 4116 737 4174 reri
752 4132 759 4172 :
772 4116 938 4187 sicnequam
993 4118 1181 4191 ignorantiam,
1200 4124 1227 4173 et
1249 4114 1405 4186 {morantia
1427 4113 1560 4170 malitiam
1584 4115 1681 4184 operit,
1701 4113 1739 4171 ita
1759 4123 1790 4171 nt

82 4258 95 4297 ,,
140 4209 263 4268 omnium
279 4208 363 4265 duce
383 4207 496 4279 regione
521 4204 593 4262 maia
619 4205 797 4270 constituunt,
819 4205 937 4275 caecitas,
991 4222 1064 4277 stepo
1077 4204 1200 4261 nesciens
1222 4213 1248 4260 et
1272 4204 1372 4260 malum
1391 4201 1464 4275 quod
1490 4202 1548 4259 vult
1571 4214 1626 4257 neu
1647 4198 1737 4265 indat,
1762 4207 1790 4256 st

85 4284 99 4381 ,⁵
140 4314 196 4371 qua
210 4295 240 4353 lit
254 4305 284 4352 ut
295 4295 438 4354 veritatem
464 4310 519 4352 non
542 4303 684 4369 agnoscam
711 4300 738 4351 st
764 4293 937 4365 perversitas,
992 4296 1092 4350 bonum
1106 4292 1187 4350 iaciat
1200 4293 1274 4365 quod
1293 4307 1346 4347 non
1360 4291 1428 4348 vult.
1440 4289 1622 4346 obscuratum
1635 4305 1733 4361 nempe
1747 4296 1790 4346 est

82 4368 84 4379 ¹
141 4403 195 4460 qus
213 4384 244 4441 iit
267 4395 296 4441 ut
310 4383 406 4456 diligat
426 4382 601 4456 iniquitatem.
616 4384 702 4439 Porro
715 4381 854 4438 interduo
881 4384 940 4439 bec
993 4382 1121 4452 insipiens
1133 4395 1181 4438 cor
1199 4395 1293 4436 eorum
1308 4381 1351 4452 qui
1377 4379 1545 4436 istiusmodi
1565 4386 1638 4442 suot,
1663 4389 1690 4435 et
1710 4374 1788 4450 quasi

142 4478 224 4546 bona,
238 4489 299 4547 qma
308 4487 358 4529 nec
371 4470 475 4538 fallere,
499 4485 549 4529 nec
563 4468 619 4527 ialli
635 4471 742 4537 sinunt;
761 4476 788 4528 et
814 4469 871 4528 dno
891 4471 939 4552 illa
991 4473 1045 4542 jam
1057 4468 1148 4528 traditi
1162 4470 1189 4525 in
1200 4468 1342 4539 reprobum
1363 4483 1484 4536 sensum,
1499 4467 1599 4523 bonum
1615 4467 1725 4523 omnino
1740 4481 1791 4522 nec

82 4606 95 4641 Ι,
143 4563 223 4631 mala,
237 4578 299 4635 quae
316 4558 449 4629 laminii,
463 4575 546 4632 quam
567 4558 657 4617 lallere
671 4557 782 4626 iaciunt,
798 4559 852 4617 duo
875 4568 940 4616 sunt
991 4560 1115 4632 diligere¹
1128 4572 1179 4615 nec
1191 4556 1350 4629 dignoscere
1363 4564 1475 4625 queunt.
1490 4556 1530 4611 De
1546 4554 1643 4611 talibus
1657 4553 1789 4626 seriptum

101 4636 111 4642 ,.
143 4650 249 4707 media:
265 4666 349 4707 unum
363 4649 474 4721 quidem
488 4651 590 4706 bonum
604 4664 654 4719 per
668 4649 739 4716 quod
755 4650 851 4705 oculus
865 4649 939 4731 integ
992 4658 1032 4704 est
1046 4664 1052 4704 :
1068 4648 1173 4722 impius
1187 4649 1376 4705 cumvenerit
1394 4647 1426 4701 ie
1443 4643 1619 4718 profondum
1632 4643 1788 4711 malorum,

142 4741 210 4804 rior,
220 4738 270 4795 etsi
284 4737 338 4793 falli
352 4743 434 4809 queat
447 4736 600 4808 ignorantia
614 4737 680 4803 seri,
695 4735 754 4792 zelo
768 4742 858 4793 tamen
875 4736 940 4793 bon¹
992 4739 1149 4795 contemnit
1155 4737 1247 4807 (Pron.
1255 4734 1462 4803 xvrrr.3).Nam
1472 4732 1518 4803 qui
1528 4730 1684 4801 hujusmodi
1690 4738 1789 4802 estma-

82 3906 99 3947 li

82 4074 101 4125 k·

82 4862 96 4914 l.
180 4862 257 4930 (lob)
269 4861 356 4917 Locm
379 4859 523 4930 obscurus,
546 4860 595 4918 ted
610 4867 738 4917 constans
760 4859 787 4915 in
808 4859 890 4915 editis
912 4870 941 4916 et
993 4857 1107 4916 incurrit
1123 4859 1165 4913 l'oe
1179 4856 1374 4929 propheticum,
1388 4853 1557 4923 prolatumin
1574 4868 1621 4909 eos
1632 4851 1680 4924 qui
1694 4851 1789 4909 dicunt

86 4976 92 5001 ,
142 4931 263 5001 scriptis.
282 4931 606 5004 tametsillcrstinspntat
623 4930 777 5001 legendum,
793 4931 863 5012 quiri
890 4930 939 4988 boc
994 4933 1093 4984 ιιιιιιιηι
1110 4930 1233 4984 bonum:
1255 4936 1280 4982 et
1294 4925 1402 5006 aliunde
1417 4940 1498 5008 nemo
1517 4924 1602 5005 vitare
1621 4924 1697 4979 volet
1716 4922 1790 4979 istud

82 5015 107 5075 ,’
142 5004 223 5062 velit.
254 5001 307 5057 Sed
329 5003 468 5059 retinenda
496 5004 548 5058 ,ris
577 5001 665 5066 lectio,
690 5016 752 5072 quse
778 5000 941 5059 drlemmstis
997 4995 1568 5063 maledictum‚eumeaintenuosrtoculus
1581 4995 1790 5066 simpler,quem

82 5080 97 5092 ··
141 5078 227 5131 alters
241 5088 304 5145 pers
317 5071 528 5130 est.Bernardus
540 5073 643 5143 quippe
658 5074 709 5129 hoc
723 5073 751 5126 in
761 5070 820 5130 loco
834 5073 939 5144 probat,
997 5072 1104 5129 Veritas
1119 5071 1219 5125 laudat.
1514 5135 1519 5146 ι

82 5143 90 5158 ““
143 5147 242 5201 bonum
261 5142 449 5216 intentionem,
464 5145 586 5221 qualus
601 5150 642 5198 est
660 5141 761 5213 operis,
787 5159 840 5198 nou
863 5159 886 5199 ae
905 5159 940 5200 ue
1032 5142 1108 5215 (ιιι)
1119 5138 1289 5221 Οιιιιιίιιοιιίι
1301 5137 1456 5211 legendum,
1470 5135 1656 5220 ut'rnduobus
1670 5136 1789 5208 scriptis,

82 5262 86 5269 .
143 5215 234 5272 valere
253 5215 543 5299 inmslum,qusmiu
559 5217 670 5271 bonum.
697 5212 742 5270 Sic
770 5222 862 5271 autem
886 5161 942 5272 are
996 5231 1050 5272 nnn
1067 5214 1128 5278 luc,
1152 5211 1221 5268 sicut
1233 5226 1261 5264 ιιι
1286 5210 1399 5291 arrtebac
1413 5206 1543 5278 rulgstrs3
1569 5214 1600 5290 ιιι
1621 5215 1657 5265 srt
1677 5224 1789 5291 capsus,

86 5355 88 5359 ,
144 5285 328 5351 ratiocinatur,
343 5287 461 5344 intentio
480 5287 526 5343 illa
545 5288 617 5342 circs
631 5285 941 5343 malumreiestoculus
996 5285 1068 5357 quod
1082 5285 1176 5341 oculus
1190 5282 1302 5351 simplex
1316 5282 1572 5352 srtcrpcmeotom,
1589 5278 1793 5352 rdcstorrqoet

144 5359 269 5430 simplex,
285 5359 329 5414 rel
345 5373 411 5414 non.
428 5358 507 5425 Tum,
523 5360 545 5414 si
574 5367 623 5423 est,
650 5356 747 5427 inquit,
765 5356 940 5414 nibilominus
997 5374 1090 5421 causa,
1103 5358 1173 5412 lueis
1189 5353 1279 5411 totius
1291 5353 1428 5423 corporis,
1444 5349 1525 5408 idest
1543 5352 1647 5421 operis.
