3728 5940
61 207 110 266 361
792 210 968 276 seurota.

1654 231 1707 292 362

60 332 144 387 nobis
160 345 282 388 errorum
298 334 422 405 capitulis
432 337 506 409 (5111
517 338 707 409 cognovimus,
724 338 753 393 in
766 338 858 395 novis·
873 359 897 437 fl
912 338 1024 413 (1111111.
1039 355 1117 413 xxiv,
1133 340 1190 414 13).
1207 340 1287 398 Scitis
1300 341 1364 414 quia
1377 343 1421 400 for
1443 345 1478 404 de
1492 357 1571 407 nocte
1596 352 1709 424 imperit

60 419 138 474 simis
152 420 260 490 diehnS,
276 423 383 493 quando
397 424 497 482 instant
516 426 668 498 periculosa
686 435 816 497 tempora,
832 429 859 483 in
912 431 1031 496 domum,
1061 445 1117 484 non
1137 438 1262 499 vestram,
1287 432 1335 487 sed
1364 432 1482 505 Domini,
1514 439 1591 495 vohis
1617 447 1708 501 nmen

60 509 134 563 Petri
148 508 282 564 abaelardi
307 513 458 581 peruiciosa
482 515 602 572 doctrina
625 523 651 571 et
669 516 860 586 predictorum
913 518 1102 574 commissam?
1117 518 1170 574 Sed
1185 519 1297 574 dubium
1317 536 1377 577 esse
1390 538 1444 578 non
1459 532 1559 596 potest,
1570 528 1638 586 scire
1647 546 1708 601 vos,

61 597 189 666 haereses,
209 606 237 654 et
260 599 310 653 alin
334 617 461 672 perversa
484 604 611 676 dogmata
634 604 775 659 catholicae
798 602 859 659 fidei
913 604 1185 677 quodapudvosfit,
1201 610 1350 679 quandoid
1370 627 1455 681 usque
1482 615 1515 667 ad
1543 629 1593 671 nos
1619 618 1710 692 utique

60 686 194 741 obviantia
209 685 340 756 pullulare
355 699 503 761 caeperunt.
519 692 619 747 Verum
638 691 731 747 inhoc
747 692 861 748 maxime
912 702 966 748 taur
980 701 1098 750 remotos
1113 695 1198 766 potuit
1221 696 1374 765 pervenire.
1390 701 1447 755 Nee
1469 700 1576 768 mirum,
1605 705 1627 760 si
1656 721 1710 762 non

59 774 250 841 consolamur,
278 785 304 831 et
330 778 510 850 omnipotenti
532 781 590 835 Deo
613 780 716 852 gratias
745 779 860 852 agimus,
912 782 1007 837 horam
1022 782 1181 854 praevidere,
1202 792 1248 838 aut
1270 793 1432 841 nocturnum
1460 786 1528 845 foris
1555 791 1710 863 ingressum

61 861 107 934 qui
123 864 148 916 in
164 864 287 933 partibus
310 865 404 921 vestris
426 883 475 937 pro
501 868 623 939 patribus
638 869 703 923 tales
725 866 794 925 filios
809 885 858 923 su·
912 871 1056 926 observare
1071 870 1205 942 quivistis.
1222 871 1318 929 llirum
1340 882 1440 944 autem,
1464 876 1486 932 si
1512 877 1710 948 deprehensum

60 949 179 1016 scitavit,
210 960 237 1005 et
258 958 380 1022 tempore
401 956 569 1025 apostolatus
593 957 679 1011 nostri
698 957 724 1011 in
739 956 861 1012 Ecclesia
910 958 966 1028 jam
993 974 1049 1014 non
1076 960 1232 1032 agnoscitis,
1262 974 1318 1016 nou
1343 962 1450 1032 tenetis,
1479 980 1534 1020 non
1562 969 1712 1041 prohibetis

59 1053 108 1093 sua
133 1047 185 1093 tam
201 1039 356 1113 ‘praeclaros
379 1040 465 1097 voluit
487 1058 549 1099 esse
571 1052 703 1114 pastores,
727 1044 774 1116 qni
798 1044 863 1102 novi
912 1054 1052 1119 exportare
1075 1047 1162 1120 spolia
1183 1057 1283 1115 vestra,
1298 1049 1353 1105 imo
1378 1050 1589 1121 pretiosissimas
1612 1057 1713 1114 Christi
1760 1112 1765 1121 ‚

60 1126 182 1182 baeretici
203 1127 344 1183 calumniis
367 1133 495 1187 studeant
515 1131 634 1202 obviare,
654 1141 681 1188 et
703 1133 861 1189 immacula·
914 1135 1034 1202 eruvias,
1049 1135 1152 1192 animas
1166 1135 1304 1207 videlicet,
1320 1154 1388 1210 quas
1409 1155 1459 1196 sua
1480 1140 1600 1215 imagine
1619 1144 1714 1215 praesi-

60 1223 117 1269 tam
146 1229 274 1285 sponsam
300 1217 347 1272 uni
372 1218 429 1274 viro
452 1216 587 1292 virginem
611 1228 710 1276 castam
733 1221 861 1278 exhihere
915 1221 1009 1295 gnivit,
1026 1239 1075 1279 suo
1096 1239 1194 1281 cruore
1217 1225 1341 1282 redemit.
1362 1226 1458 1282 Adhuc
1479 1224 1571 1285 forsan
1593 1229 1712 1298 heretis,

61 1301 182 1360 Christo.
197 1303 253 1359 Nos
267 1303 357 1376 itaque
371 1307 459 1377 quiin
480 1308 551 1364 beati
574 1310 644 1364 Petri
663 1309 799 1376 cathedra,
818 1308 862 1366 cui
916 1319 943 1366 et
956 1310 1103 1377 miramini,
1124 1326 1267 1382 quemnam
1290 1313 1379 1369 dicere
1401 1312 1491 1372 velim.
1507 1316 1656 1374 Arnaldum
1669 1318 1714 1376 lo·

61 1392 409 1451 aDominoestdictum:
430 1399 519 1453 11111
540 1399 862 1471 aliquandeeormerstts
916 1412 986 1469 quor
999 1398 1033 1454 de
1047 1398 1137 1455 Brixia
1150 1398 1237 1471 (ott),
1261 1399 1308 1471 qui
1332 1399 1434 1458 utinam
1463 1408 1517 1458 tam
1539 1419 1613 1461 sanae
1642 1413 1716 1463 esset

62 1482 204 1550 confirma
218 1485 324 1553 fratres
339 1489 403 1541 1111
415 1487 494 1553 (111.
514 1501 588 1552 xxrr,
608 1487 743 1558 31111111
758 1488 862 1561 indigni
921 1485 1062 1552 doctrinm,
1078 1502 1159 1558 quam
1174 1486 1303 1544 districtae
1317 1495 1359 1544 est
1372 1488 1444 1546 vitta.
1455 1489 1488 1545 Et
1503 1491 1525 1546 si
1540 1492 1622 1549 vultis
1634 1493 1713 1563 scire,
1790 1490 1793 1497 ’

60 1569 183 1626 residere
207 1571 397 1643 conspicimur,
410 1574 606 1631 communicato
621 1575 736 1632 fratrum
755 1585 863 1631 nostro-
918 1573 1001 1630 homo
1016 1585 1059 1631 est
1073 1590 1161 1644 neque
1176 1576 1352 1647 manducans,
1363 1592 1451 1650 neque
1465 1578 1572 1649 bibens,
1582 1581 1640 1638 solo
1652 1598 1716 1640 cnm

62 1673 123 1712 1111
138 1658 327 1730 episcoporum
343 1669 369 1716 et
392 1662 568 1720 cardinalium
590 1663 713 1734 consilio,
733 1664 863 1720 destinata
879 1630 1025 1717 Bdiabolo
1050 1661 1173 1717 esuriens
1193 1671 1219 1718 et
1247 1662 1342 1719 sitiens
1368 1664 1528 1737 sanguinem
1552 1667 1712 1729 animarum.

62 1745 141 1803 nobis
169 1763 185 1801 a
211 1757 302 1804 vestra
330 1750 494 1807 discretione
523 1752 655 1823 capitula,
684 1761 711 1809 et
737 1752 863 1808 universa

62 1834 150 1905 ipsius
169 1835 240 1892 Petri
260 1852 386 1906 perversa
408 1839 534 1911 dogmata
557 1851 709 1896 sanctorum
729 1856 863 1896 canonum

63 1922 222 1981 auctoritate
250 1941 310 1980 cum
343 1941 392 1982 suo
420 1937 529 1984 auctore
552 1929 751 1998 damnavimus,
783 1929 863 2000 eique

63 2020 190 2084 tanquam
205 2013 331 2069 haeretico
345 2025 507 2085 perpetuum
523 2016 657 2072 silentium
672 2017 861 2088 imposuimus.

63 2101 261 2173 Universosque
284 2102 385 2156 erroris
408 2103 449 2157 sni
475 2112 621 2161 sectatores
644 2113 669 2160 et
692 2104 860 2173 defensores,

63 2188 221 2245 andelium
249 2191 384 2247 consortio
408 2193 627 2264 sequestrandos,
642 2194 862 2249 excommunica-

64 2276 200 2349 tionisque
214 2278 322 2335 vinculo
338 2279 505 2337 innodandos
521 2297 581 2338 esse
596 2297 749 2339 censemus.
765 2282 864 2338 Datum

66 2365 191 2422 Laterani
208 2366 443 2439 decimoseptimo
458 2369 582 2425 calendas
596 2371 712 2444 augusti.

318 2473 487 2532 EPlSTOLA
505 2475 609 2531 CXCV.

172 2593 208 2635 an
226 2593 381 2636 nrrscorurr
395 2595 649 2638 consaturrnrvssu
669 2581 756 2653 (ota).

64 2676 156 2735 111111
179 2679 393 2735 stimuleum
420 2680 453 2736 de
476 2675 591 2749 Brixia,
617 2680 701 2736 111111
729 2683 755 2735 11
773 2679 866 2737 Gallie

100 2751 225 2873 pulsum,
242 2753 269 2807 11
279 2752 344 2832 jam
354 2751 429 2821 opud
444 2753 537 2822 ipsum
552 2751 764 2834 delitescentem
773 2752 864 2834 expel-

101 2825 163 2945 sistris
170 2825 337 2947 118ιῖ18ἒὲ1111
350 2820 386 2875 nd
400 2823 524 2878 eeucado
541 2837 652 2894 cropore
665 2821 771 2879 111111
789 2838 864 2879 etac-

104 2990 127 3040 t.
144 2986 173 3042 Si
183 2987 263 3044 sciret
273 2988 468 3057 paterfamilias
479 3005 530 3060 qua
544 2989 612 3044 hora
620 2988 664 3045 fur
672 2988 786 3055 veniret,
797 2988 861 3064 vigi·

64 3074 134 3131 laret
152 3077 254 3147 utique,
279 3084 381 3133 elnon
405 3077 506 3132 sineret
530 3077 636 3148 perfodi
659 3078 771 3134 domum
789 3094 864 3134 snam

64 3188 171 3245 concilii
186 3190 423 3259 Chalcedonensis,
434 3192 525 3247 Leone
539 3208 611 3264 papa
624 3195 721 3263 hlagno
737 3192 864 3251 celebrati

63 3276 135 3316 anno
149 3263 211 3330 151,
228 3262 272 3316 sed
290 3263 322 3316 ad
340 3262 413 3317 cives
428 3262 739 3334 Constantinopolitanae
753 3265 862 3336 directa,

64 3346 119 3386 non
147 3347 210 3387 vero
233 3332 266 3386 ad
292 3333 409 3389 Leonem
433 3350 567 3389 summum
586 3333 752 3404 pontificem,
776 3336 863 3391 multo

64 3402 153 3456 minus
182 3404 213 3455 ad
242 3404 383 3471 loannem,
405 3405 451 3474 qui
479 3404 557 3460 annis
579 3405 697 3475 amplius
727 3408 864 3478 octoginta

66 3479 128 3541 post
156 3473 281 3528 Marciani
313 3474 429 3548 hrrgusti
456 3476 558 3531 obitum
595 3476 742 3532 Romanam
771 3479 863 3532 sedem

62 3543 192 3598 obtinuit.
205 3545 296 3599 Potest
309 3546 400 3612 itaque
414 3547 490 3602 locus
505 3549 554 3601 iste
568 3547 674 3601 restitui
686 3545 862 3618 exprimendo

63 3628 164 3667 nornen
181 3616 258 3684 Papae
274 3615 301 3667 in
317 3631 383 3669 casu
397 3615 531 3680 absoluto,
547 3617 598 3670 hoc
616 3617 696 3670 modo
711 3636 717 3671 z
734 3617 862 3683 81111111-

63 3685 136 3740 simo
150 3700 224 3756 papo
238 3687 324 3740 deone
337 3684 537 3756 praedecessore
551 3690 648 3742 nostro
660 3686 792 3751 scribens,
808 3696 860 3743 etc.

100 3754 178 3823 (512)
196 3756 257 3806 llaec
270 3754 354 3807 habes
368 3762 440 3809 tomo
454 3755 488 3824 ll,
505 3756 538 3808 ad
554 3754 715 3822 opusculum
729 3759 772 3810 11.

100 3811 180 3893 (113)
199 3823 302 3892 Scripta
326 3839 396 3879 anno
420 3824 519 3879 Christi
534 3827 612 3879 11411.
626 3826 668 3866 ’-
680 3825 721 3879 An
736 3826 770 3880 de
790 3824 861 3880 Con-

63 3895 204 3949 stantiensi
219 3893 328 3961 Galliae,
344 3910 377 3949 an
400 3909 464 3950 vero
478 3896 512 3949 de
527 3895 725 3951 constantiensi
739 3895 774 3950 ad
787 3895 862 3952 llbe-

66 3981 132 4019 num
163 3964 335 4034 intelligenda
358 3966 392 4021 sit
414 3968 472 4021 baec
495 3965 628 4037 epistola,
653 3965 792 4025 incertum.
820 3966 862 4023 Ad

64 4034 241 4105 posteriorem
261 4035 350 4105 potius
369 4036 477 4092 inclinat
495 4037 609 4103 animus,
625 4038 696 4109 quod
712 4036 857 4119 Arualdus,

64 4120 82 4159 a
110 4121 194 4176 regno
226 4107 391 4161 Francorum
417 4108 583 4173 exturbatus,
616 4107 687 4179 apud
715 4106 787 4163 hunc
814 4124 858 4163 cur

917 1750 993 1806 Unus
1007 1751 1042 1806 de
1061 1764 1176 1807 numero
1190 1750 1297 1808 illorum
1318 1767 1386 1825 quos
1405 1754 1554 1823 apostolica
1578 1757 1717 1830 vigilantia

916 1847 1001 1906 notat,
1018 1838 1149 1897 1111111111
1160 1844 1282 1912 formem
1292 1842 1419 1913 pietatis.
1429 1843 1567 1900 virtutem
1581 1846 1717 1920 111111111-

917 1931 997 1984 eriles
1011 1930 1180 2000 abnegantes
1195 1931 1233 1999 (ll
1255 1931 1324 1985 Tim.
1340 1944 1382 1999 111,
1398 1929 1445 2001 b):
1461 1939 1489 1986 et
1503 1930 1562 2003 ipse
1574 1933 1715 2002 Dominus,

923 2018 1047 2084 Venient,
1059 2016 1193 2088 inquiens,
1211 2017 1247 2072 ud
1262 2034 1307 2075 eos
1321 2020 1354 2073 ira
1368 2021 1541 2076 vestimentis
1560 2023 1665 2090 11111111,
1675 2024 1718 2079 ia·

919 2108 1057 2163 trinsecus
1068 2110 1240 2163 1111111111
1251 2106 1313 2178 lupi
1324 2122 1438 2180 rapaces
1448 2107 1718 2184 (bacchoaicha

918 2208 982 2266 ergo
997 2211 1084 2265 usque
1098 2196 1133 2250 ad
1147 2196 1218 2250 hanc
1232 2199 1348 2264 aetatem,
1359 2194 1523 2267 ubicumque
1542 2206 1718 2256 conversatus

918 2291 968 2354 est,
984 2293 1037 2339 tam
1058 2283 1130 2340 foeda
1152 2293 1214 2354 post
1235 2299 1274 2350 se,
1295 2292 1323 2338 et
1346 2291 1400 2338 tam
1415 2299 1488 2339 sava
1507 2284 1618 2358 reliquit
1631 2288 1717 2345 vesti-

917 2371 974 2442 gia,
990 2379 1020 2426 ut
1043 2371 1088 2427 ubi
1109 2371 1192 2427 semel
1217 2369 1306 2427 fixerit
1323 2371 1431 2441 pedem,
1450 2372 1515 2428 illue
1539 2373 1610 2430 ultra
1629 2376 1718 2433 redire

917 2459 1028 2515 omnino
1043 2474 1098 2515 non
1107 2458 1215 2516 audeat.
1227 2458 1350 2530 Denique
1359 2459 1456 2529 ipsam,
1468 2460 1496 2515 in
1509 2475 1564 2532 qua
1577 2468 1655 2518 natus
1664 2471 1718 2533 est,

917 2548 998 2606 valde
1026 2547 1154 2603 atrociter
1177 2546 1323 2602 commovit
1347 2554 1463 2614 terram,
1492 2554 1519 2601 et
1550 2549 1719 2606 conturbavit

918 2651 987 2691 eam.
1017 2635 1096 2693 Unde
1121 2642 1149 2690 et
1181 2641 1321 2690 aecusatus
1348 2632 1422 2705 apud
1446 2633 1587 2691 dominnm
1615 2636 1718 2708 Papam

919 2724 1060 2781 schismate
1086 2721 1215 2792 pessimo,
1245 2721 1325 2777 natali
1353 2722 1411 2778 solo
1435 2722 1530 2792 pulsus
1554 2733 1613 2796 est;
1637 2725 1718 2783 etiam

916 2811 1080 2881 etabJurare
1104 2809 1261 2881 compulsus
1285 2809 1478 2876 reversionem,
1502 2809 1554 2867 nisi
1577 2811 1611 2867 ad
1634 2813 1719 2885 ipsius

877 2897 1061 2984 eapostolici
1076 2897 1296 2970 permissionem.
1311 2896 1363 2952 Pro
1384 2896 1465 2952 simili
1485 2896 1583 2954 deinde
1596 2914 1676 2956 causa
1689 2915 1720 2964 et

917 3005 932 3043 a
959 3002 1043 3061 regno
1077 2986 1241 3041 Francorum
1279 2985 1436 3042 exturbatus
1461 2992 1503 3040 est
1530 2986 1718 3047 schismaticus

916 3075 1042 3148 insignis.
1056 3074 1219 3131 Exsecratns
1242 3071 1344 3144 quippe
1362 3087 1379 3127 a
1394 3073 1474 3129 Petro
1489 3074 1622 3146 apostolo,
1638 3073 1717 3134 tes

917 3190 1038 3245 adulans.
1050 3188 1162 3244 Dicebat
1177 3186 1249 3243 enim
1263 3202 1314 3242 nec
1326 3186 1440 3243 clericos
1455 3188 1655 3263 proprietatem,
1667 3208 1716 3249 uec

917 3261 1060 3332 episcopos
1080 3261 1191 3331 regalia,
1208 3274 1258 3314 nec
1280 3259 1427 3314 monachos
1448 3262 1638 3331 possessiones
1661 3264 1715 3319 ha·

916 3332 1021 3398 bentes,
1046 3330 1137 3401 aliqua
1164 3328 1267 3386 ratione
1290 3330 1386 3385 salvari
1410 3345 1510 3399 posse;
1534 3340 1630 3388 cuncta
1656 3333 1715 3391 lraee

917 3402 1045 3473 principis
1072 3418 1140 3467 esse,
1169 3401 1202 3455 ab
1236 3401 1349 3471 ejusque
1376 3398 1552 3457 beneficentia
1578 3402 1606 3458 in
1634 3419 1715 3461 usum

917 3481 1018 3529 tantum
1047 3473 1177 3529 laicorum
1200 3470 1295 3526 cedere
1318 3481 1454 3542 oportere.
1478 3472 1578 3528 Praeter
1601 3474 1658 3530 haec
1679 3476 1714 3532 ds

916 3543 1087 3600 Sacramenta
1108 3541 1208 3608 altaris,
1225 3541 1361 3612 baptismo
1384 3542 1557 3612 parvulorum
1571 3559 1626 3599 non
1647 3561 1714 3603 sane

915 3613 1013 3668 divitur
1035 3614 1163 3669 sensisse.
1191 3631 1204 3664 1
1228 3613 1301 3666 ldem
1323 3621 1417 3669 auctor
1434 3614 1519 3682 addit,
1537 3632 1550 3664 1
1574 3613 1663 3686 ipsum
1683 3620 1712 3671 in

916 3683 1030 3738 concilio
1044 3683 1176 3753 Romano,
1191 3682 1320 3736 nimirum
1343 3687 1500 3739 11111138
1517 3685 1623 3740 silentio
1642 3688 1713 3742 mul·

916 3760 1009 3820 tatum,
1025 3752 1099 3806 ltalia
1118 3752 1235 3821 pulsum,
1256 3754 1283 3807 in
1297 3754 1425 3823 oppidum
1439 3755 1606 3810 Alemannite
1625 3756 1713 3813 Ture-

915 3839 998 3894 gum,
1027 3824 1190 3888 secessisse,
1219 3836 1252 3876 ac
1281 3836 1363 3893 prava
1389 3823 1517 3893 dogmata
1545 3824 1673 3881 effudisse
1702 3846 1709 3882 :

917 3892 1079 3961 tandemque
1101 3900 1239 3959 comperta
1261 3891 1408 3947 Innocentii
1432 3900 1526 3958 morte,
1541 3896 1611 3950 cirea
1631 3896 1710 3965 prin-

915 3962 987 4033 cipia
1001 3959 1172 4032 pontificatus
1185 3960 1301 4032 Eugenii
1312 3960 1403 4014 urbem
1419 3961 1580 4032 ingressum,
1597 3966 1711 4034 amplius

916 4049 976 4088 eam
985 4035 1011 4088 iu
1021 4030 1178 4086 seditionem
1190 4037 1320 4087 excitasse
1333 4049 1340 4085 s
1353 4032 1710 4105 proponendoautiquornm

912 4105 1092 4159 Romanorum
1114 4102 1248 4173 exempla,
1274 4100 1321 4172 qni
1347 4116 1380 4155 ex
1406 4109 1517 4158 senatus
1546 4104 1710 4161 maturitatis

64 4175 167 4231 directa
182 4186 223 4231 est
236 4177 348 4248 epistola
371 4178 529 4234 delitescere
548 4178 687 4234 referatur.
710 4177 779 4235 Huic
801 4180 857 4233 sedi
874 4176 897 4254 u
912 4175 1059 4230 consilio...
1076 4173 1494 4254 1111111111]111111111111.
1511 4173 1601 4254 Quare
1613 4176 1709 4232 reaedi-

66 4254 121 4300 tum
137 4259 251 4316 praeerat
265 4250 434 4303 Hermannus
447 4250 481 4305 de
495 4250 616 4314 Arboua,
631 4248 678 4318 qui
692 4249 857 4304 bernardum
912 4245 1043 4302 licendum
1059 4243 1229 4313 Capitobum,
1245 4242 1426 4298 renovandam
1448 4244 1607 4314 dignitatern
1628 4262 1708 4303 sena-

64 4317 235 4373 Francofurti
249 4319 322 4383 adiit,
341 4336 373 4374 11
390 4320 458 4375 libro
479 4325 556 4374 sexto
574 4320 612 4374 De
635 4320 771 4375 miraculis
789 4319 858 4375 Ber-

65 4388 152 4451 nardi,
176 4404 234 4456 cap.
265 4393 291 4458 l,
317 4390 456 4462 ipsumque
483 4391 648 4445 Bernardum
677 4391 859 4446 Constantiam

65 4457 189 4513 adduxit.
204 4459 300 4513 Eidem
319 4460 463 4515 (laufridus
486 4461 557 4517 dicat
580 4461 708 4517 Miracula
737 4461 860 4532 ejusdem

67 4530 163 4592 sancti,
180 4530 278 4584 alibro
298 4546 333 4601 vr,
348 4547 405 4600 cap.
425 4535 468 4585 to.

105 4602 178 4668 (111)
193 4600 333 4655 Hominem
349 4601 385 4655 ita
399 4600 522 4673 depingit
541 4599 604 4656 Otto
616 4600 806 4674 frisingensis,
823 4605 857 4657 dc

66 4669 158 4724 Gestis
172 4671 309 4739 Friderici,
326 4672 392 4727 libro
409 4687 438 4736 rt,
454 4687 513 4741 cap.
529 4674 562 4726 111
583 4689 590 4725 :
619 4694 630 4723 r
650 4674 785 4729 Arnaldus
808 4672 858 4729 iste

66 4755 98 4794 ex
132 4741 206 4796 ltalia
234 4742 341 4798 civitate
376 4744 463 4798 Brixia
504 4742 644 4807 oriundus,
683 4745 858 4814 eiusdemque

66 4810 187 4866 ecclesiae
202 4813 328 4881 clericus,
338 4829 369 4868 ac
380 4823 480 4868 motum
492 4811 576 4868 lector
586 4814 736 4879 ordinatus,
754 4816 859 4868 Petrum

66 4882 239 4938 1111111111
252 4883 315 4938 olim
328 4892 522 4954 preceptorem
536 4885 666 4951 habuerat
680 4901 687 4936 ε
704 4884 859 4953 virquidem

66 4962 169 5006 naturai
184 4970 236 5008 uon
253 4954 366 5025 bebetiS,
382 4956 441 5027 plus
455 4961 545 5010 tamen
560 4955 702 5010 verborum
716 4956 860 5023 profluvio,

65 5038 147 5093 quam
162 5024 354 5080 sententiarum
370 5027 486 5095 pondere
501 5025 639 5095 copiosus,
661 5023 862 5098 singularitatis

66 5102 178 5162 amator,
217 5097 343 5149 novitatis
381 5096 508 5166 cupidus,
541 5094 694 5166 cujusmodi
723 5094 860 5150 hominum

66 5165 175 5235 ingenia
207 5166 241 5217 ad
272 5165 439 5220 fabricandas
466 5166 593 5231 haereses,
636 5165 863 5238 schismatumque

66 5236 283 5307 perturbationes
312 5241 373 5290 sunt
393 5251 485 5304 prona.
501 5237 527 5290 ls
544 5236 692 5294 astudioa
714 5234 809 5293 Galliis
834 5235 864 5290 in

66 5307 169 5360 ltaliam
188 5318 334 5374 revertens,
349 5306 507 5378 religiosum
523 5307 651 5376 habitum,
666 5323 721 5378 quo
749 5306 865 5379 amplius

66 5378 192 5448 decipere
228 5385 329 5448 posset,
362 5377 459 5441 induit,
492 5379 585 5432 omnia
615 5378 748 5444 lacerans,
775 5376 866 5434 omnis

66 5450 178 5514 rodens,
193 5451 293 5506 nemini
309 5463 432 5521 parcens,
446 5445 604 5506 clericorum
626 5463 659 5505 ac
676 5446 865 5522 episcoporum

67 5519 225 5648 derogator,
241 5521 433 5578 monachorum
459 5524 627 5593 pemecutnr,
657 5518 734 5578 laicis
759 5526 865 5579 tanturn

161 5605 262 5652 aranu.
282 5591 442 5650 clxxxtt.

915 4317 1022 4384 torinm,
1050 4313 1253 4377 reformandum
1276 4321 1429 4384 equestrem
1457 4315 1579 4372 ordinem
1605 4317 1706 4375 docuit.

913 4387 987 4442 Nihil
1009 4387 1037 4440 in
1059 4385 1234 4456 dispositione
1256 4385 1331 4439 urbis
1354 4386 1388 4438 ad
1412 4386 1561 4441 Romanum
1585 4397 1710 4459 spectare

914 4454 1081 4521 Pontificem,
1109 4454 1231 4512 sufficere
1258 4455 1310 4512 sibi
1337 4455 1546 4513 ecclesiasticum
1575 4458 1710 4527 judicium

913 4529 1021 4585 debere.
1048 4529 1078 4582 ln
1102 4533 1205 4582 tantum
1227 4541 1290 4583 vero
1309 4526 1390 4596 hujus
1412 4542 1556 4584 venenosae
1578 4527 1708 4586 doctrina

912 4600 994 4668 empit
1017 4597 1181 4653 invalescere
1203 4598 1316 4662 malurn,
1335 4607 1366 4652 ut
1386 4611 1440 4652 non
1463 4599 1552 4653 solum
1575 4599 1707 4654 nobilium

911 4670 1092 4726 Romanorum
1116 4683 1162 4722 sen
1185 4668 1365 4723 Cardinalium
1385 4668 1558 4724 diruerentur
1572 4669 1668 4724 domus
1680 4677 1708 4726 et

912 4739 1054 4811 splendida
1077 4739 1184 4809 palatia,
1201 4755 1294 4793 verum
1317 4739 1395 4794 ctiam
1420 4738 1608 4794 Cardinalibus
1630 4756 1706 4795 reve·

913 4811 1004 4866 rendae
1027 4826 1161 4882 personae,
1185 4809 1325 4864 inhoneste
1355 4810 1481 4864 sauciatis
1502 4810 1707 4881 quibusdam,a

913 4880 1014 4937 furenti
1029 4882 1105 4951 plebe
1120 4887 1305 4934 tractarentur.
1325 4896 1338 4929 r
1352 4879 1507 4946 Iordanem,
1523 4879 1595 4933 Petri
1609 4879 1707 4936 Leonis

914 4951 1013 5016 lilium,
1046 4950 1072 5004 in
1105 4949 1247 5004 Patricium
1275 4948 1358 5005 fuisse
1386 4948 1500 5005 electum
1524 4950 1595 5003 idem
1614 4960 1708 5008 auctor

915 5030 1035 5078 testatur.
1050 5019 1188 5092 (Chronici
1209 5019 1278 5074 libro
1301 5034 1347 5089 vu,
1366 5034 1427 5089 cap.
1442 5018 1499 5090 20.)
1516 5040 1527 5070 1
1545 5021 1675 5089 Tandem,
1693 5043 1705 5072 s

915 5093 1012 5175 inquit,
1031 5114 1043 5143 r
1059 5092 1086 5146 in
1102 5105 1196 5145 manns
1210 5092 1387 5161 quorumdam
1411 5090 1543 5156 incidens,
1562 5089 1590 5145 in
1604 5092 1708 5149 Tusciae

916 5160 1014 5218 limbus
1027 5171 1133 5233 captus,
1154 5160 1285 5230 Principis
1303 5160 1422 5215 examini
1444 5168 1596 5218 reservatus
1616 5170 1666 5230 est,
1683 5171 1711 5219 et

916 5234 950 5290 ad
965 5235 1089 5289 ultimum
1104 5249 1118 5287 a
1133 5231 1259 5287 Prael'ecto
1273 5231 1348 5286 urbis
1371 5229 1445 5303 ligno
1459 5232 1571 5289 adactus
1597 5248 1710 5309 arrogo

916 5307 944 5360 in
964 5305 1102 5376 pulverem
1118 5304 1222 5380 redacto
1244 5300 1347 5368 funere,
1363 5318 1427 5359 nea
1447 5303 1546 5377 stolida
1558 5276 1637 5377 plene
1647 5320 1710 5362 cor·

936 5392 969 5432 us
982 5376 1042 5446 ejus
1051 5372 1216 5430 venerationi
1225 5371 1380 5440 haberetur,
1394 5373 1421 5429 in
1430 5375 1552 5433 Tiberim
1561 5390 1684 5450 sparsus.
1697 5397 1712 5428 s

994 5444 1103 5519 quidem
1116 5444 1180 5516 late,
1196 5444 1244 5502 sed
1260 5459 1310 5517 pro
1323 5444 1392 5502 loco.

1619 5591 1666 5642 ss
