3714 5940
70 186 127 248 Μ
535 194 702 258 ttouodtt
716 193 761 255 ttt
774 191 1001 256 omittuntur.
1017 226 1053 239 -
1064 194 1254 258 ementito.
1664 190 1719 267 Μ

71 312 163 370 tentus
183 313 334 372 voluntate.
350 317 473 391 benique
493 317 540 376 nbi
567 329 610 378 est
639 323 781 379 thesaurus
807 328 869 376 tuus
883 332 908 412 q
921 328 1048 392 tanusrn
1063 320 1156 393 utique
1170 335 1263 392 regem
1280 321 1309 377 in
1329 335 1493 394 rugnosum
1518 329 1547 378 et
1567 321 1630 381 dats
1647 321 1717 379 sust

70 400 110 458 lbi
124 406 204 458 estet
226 417 273 460 oor
289 414 366 462 ιιιιιιιι
384 407 495 476 (suist.
520 423 560 475 ιι,
580 411 636 482 st).
654 411 719 466 item
734 410 756 465 si
784 409 867 464 Deum
921 408 1067 482 condipnoe
1073 410 1217 484 passiones
1232 409 1319 483 nujus
1327 411 1460 483 umporls
1473 407 1718 481 wrannmplo·

70 503 166 547 emaus
179 489 271 547 anima
284 507 316 549 ex
331 491 391 564 ipso
407 493 481 563 vivit,
502 496 541 552 uti
554 511 653 569 corpus
667 513 701 553 ex
715 497 791 571 ipsn;
813 510 867 569 quo
921 498 996 554 mern
1010 515 1072 573 quse
1086 499 1258 557 revelabitur
1267 500 1299 556 in
1312 498 1391 556 nobis
1407 498 1496 569 (Rom.
1511 511 1573 562 ιιιι,
1589 494 1647 569 tn),
1660 509 1715 554 oon

70 586 160 650 pecto,
176 595 279 650 qnaeso,
294 581 454 650 presentior
467 599 527 640 esse
548 586 719 644 contenditur
741 585 790 642 ubi
810 585 865 653 det,
919 585 1028 657 quidem
1040 603 1101 660 quse
1114 587 1276 644 revelabitur
1285 588 1374 653 nobis,
1386 587 1460 646 velut
1470 583 1571 657 aliquid
1579 584 1715 655 exteritts,⁸

69 682 152 739 quam
163 666 235 722 uude
244 666 340 738 sucipit
353 669 456 724 vitam?
471 669 543 726 Fons
555 672 689 744 siqnidem
699 673 761 728 vitre
774 673 865 729 chart·
920 676 969 730 sed
985 675 1012 730 in
1027 676 1114 746 nobis,
1129 675 1207 747 qusai
1228 675 1301 730 intus
1312 677 1368 745 janu
1392 689 1506 730 manens
1530 671 1579 728 aad
1593 669 1714 729 nondum

70 765 111 809 tas
126 762 169 810 est
184 772 191 812 :
209 755 481 814 necuiveuasnimam
494 759 620 826 dixerim,
632 761 735 835 quade
748 760 797 815 illo
811 774 865 814 nou
918 776 1068 832 apparens:
1081 770 1107 819 et
1125 763 1199 831 item,
1217 761 1314 819 Omnis
1327 763 1420 834 pieria
1434 763 1495 834 ιιιιι
1509 760 1580 830 filia
1594 761 1666 833 repis
1680 759 1715 814 nb

69 842 201 898 hauserit.
219 843 335 900 liaurire
349 846 578 918 porroqnomodo
594 856 693 922 potest,
717 848 772 904 nisi
786 846 866 904 tuerit
918 849 998 906 intus
1008 849 1086 918 (Psal
1099 865 1178 916 nuru,
1190 848 1246 921 tt);
1263 859 1299 916 et,
1315 847 1453 906 Ascendet
1462 847 1542 904 bomo
1558 845 1596 905 ai
1609 860 1659 904 cor
1671 845 1715 901 at-

69 947 190 1000 praesens
213 930 264 1001 ipsi
280 929 357 1002 lauti,
376 932 423 1004 qui
438 934 557 992 ebaritas
582 945 633 1006 est,
644 953 705 1010 quse
719 937 794 994 Deus
808 937 864 991 esti
919 941 983 994 turn
995 939 1082 1007 (Psal.
1093 955 1174 1004 ustus,
1185 938 1227 1009 8);
1239 937 1289 994 sed
1304 938 1561 995 etcscensionesin
1574 933 1714 995 cordetuo

69 1021 194 1077 Praesens
209 1020 291 1093 igitur
306 1022 364 1077 Deo
377 1030 419 1078 est
433 1026 478 1094 qui
494 1024 580 1080 Deum
594 1037 677 1091 amet,
691 1025 720 1080 iu
734 1035 864 1096 quunturn
918 1027 1055 1098 disposuit
1064 1027 1149 1097 (Psat,
1162 1042 1285 1095 ιιιιιιι,
1296 1029 1340 1096 6);
1351 1040 1521 1096 rursumque,
1530 1024 1715 1096 Animajusti

67 1117 151 1165 emat.
167 1110 195 1165 ln
210 1123 265 1182 quo
279 1109 352 1164 euim
361 1110 451 1166 minus
466 1120 548 1184 amat,
562 1114 662 1170 absens
676 1113 798 1186 prolecto
810 1120 861 1168 est.
916 1113 994 1172 sedes
1005 1119 1048 1172 est
1058 1117 1208 1188 sapientie
1216 1115 1293 1187 (Sap.
1310 1129 1360 1184 vu,
1375 1129 1430 1170 see.
1447 1113 1547 1181 ixx),
1560 1113 1641 1183 salas
1657 1111 1715 1168 sine

66 1196 97 1252 ln
111 1213 144 1256 eo
154 1207 244 1254 sutem
257 1197 350 1254 minus
371 1198 459 1256 Deum
473 1216 564 1258 smsra
583 1201 763 1269 convincitur,
788 1200 862 1275 quod
917 1201 1000 1257 dubio
1015 1202 1060 1257 illa
1073 1217 1125 1258 vox
1136 1210 1186 1258 est.
1205 1203 1311 1260 dutum
1326 1200 1398 1258 mibi
1410 1200 1486 1258 sedes
1496 1202 1538 1257 est
1548 1198 1613 1270 (lsa.
1634 1211 1713 1264 uus,

66 1284 155 1342 carnis
167 1284 637 1360 adhucnecessitatibusoceupstus.
652 1289 701 1345 illa
714 1305 780 1346 vero
792 1290 863 1344 eires
918 1289 946 1359 t)
961 1310 967 1346 :
985 1290 1009 1346 si
1027 1289 1094 1357 ιιιιιι,
1111 1289 1229 1363 inquam,
1256 1290 1353 1361 hisque
1376 1286 1475 1343 similia
1493 1300 1548 1342 uon
1574 1301 1659 1359 penos
1687 1284 1714 1340 iu

65 1387 167 1446 eorpus
180 1372 322 1444 occupatio
336 1371 401 1443 quid
414 1384 467 1440 est,
482 1376 534 1431 nisi
559 1376 654 1433 sileo
667 1376 790 1450 quedem
809 1376 862 1430 ab·
916 1377 1061 1449 Scripturis
1083 1377 1234 1444 advertitis,
1254 1377 1378 1450 protecto
1395 1373 1539 1433 studebitis
1565 1373 1601 1430 nd
1626 1373 1716 1448 requi·

65 1461 201 1517 sentstiot
215 1467 244 1516 et
256 1461 407 1517 absentatio
431 1462 507 1535 quid,
534 1464 584 1519 nisi
608 1464 810 1538 peregrinatio?
829 1465 862 1521 Et
878 1500 901 1578 Β
917 1467 1029 1522 rendum
1040 1482 1154 1540 regnum
1169 1466 1217 1524 Dsi
1233 1473 1260 1521 et
1272 1464 1401 1538 iustitiam
1417 1464 1488 1536 ejus,
1502 1464 1604 1519 intrare
1621 1461 1713 1532 potins

65 1548 269 1622 peregrinamur
280 1564 377 1623 ergon
406 1549 534 1620 Domino,
550 1558 577 1609 el
603 1551 631 1608 in
655 1567 769 1622 corpore
785 1569 860 1624 pere·
915 1557 948 1609 sd
964 1569 1024 1626 tos,
1037 1569 1117 1627 quam
1133 1554 1176 1611 vel
1199 1561 1273 1611 extra
1287 1552 1370 1619 exire,
1392 1553 1433 1611 uel
1457 1552 1605 1611 meendm
1618 1566 1712 1626 snpra.

63 1635 231 1712 minamur:
257 1638 337 1706 cujus
364 1648 456 1694 nostra
470 1637 598 1695 nimirum
612 1648 641 1696 et
667 1640 779 1696 intentio
792 1659 861 1714 prus·
915 1640 969 1698 Sed
981 1657 1063 1713 supra
1077 1657 1153 1708 sane,
1174 1641 1216 1700 vel
1242 1653 1317 1699 extre
1338 1639 1451 1699 dixerim
1482 1639 1535 1697 loci
1564 1639 1711 1708 positloue.

64 1724 172 1797 peditur
185 1725 323 1785 erumnis,
339 1736 366 1780 rt
383 1727 455 1782 euris
469 1727 734 1800 cbsdusistipstur.
914 1729 983 1785 sicut
997 1728 1095 1786 ooelum
1122 1745 1138 1786 s
1163 1738 1233 1787 terra
1251 1729 1342 1787 locum
1364 1735 1437 1791 tenet
1459 1727 1638 1794 exteriorem
1659 1726 1712 1791 sot.

98 1816 145 1868 ot.
161 1812 191 1868 ln
211 1812 264 1868 dne
286 1812 413 1869 secuudoe
438 1814 561 1886 epistole
589 1815 773 1888 interrogetis,
794 1818 859 1891 quid
913 1817 987 1883 luna,
1002 1824 1029 1874 et
1042 1818 1130 1874 sidera
1144 1816 1327 1887 superiorem.
1355 1816 1422 1871 Nem
1445 1814 1540 1871 eadem
1559 1813 1629 1884 ipss,
1649 1828 1710 1886 qum

62 1898 233 1957 sentiendum
244 1900 361 1956 arbitrer
374 1901 409 1956 de
423 1916 467 1968 eo,
479 1904 551 1975 quod
566 1905 593 1959 in
607 1903 758 1979 Evangelio
779 1905 860 1963 nobis
912 1903 981 1960 intra
1000 1919 1050 1961 uos
1069 1911 1131 1960 sunt
1153 1902 1285 1961 subtiliori
1313 1918 1370 1959 sue
1394 1910 1497 1959 uetare
1517 1899 1712 1968 invisibilitate,

62 1987 237 2062 promittitur,
253 1989 321 2046 licce
338 1991 417 2048 enirn
430 2007 535 2050 merces
552 1996 645 2050 uestra
663 1994 757 2050 multa
771 1998 860 2052 estin
912 1993 992 2048 stiam
1017 2009 1099 2064 supra
1116 2008 1168 2049 nos
1182 2001 1244 2047 sunt
1258 1989 1408 2048 sublimiori
1427 1986 1591 2047 exoellentim
1623 1986 1715 2061 ‹tiqui-

62 2071 165 2131 coelis:
191 2076 266 2144 (tuc.
292 2091 333 2143 vr,
362 2079 408 2148 ιι)
436 2088 564 2136 mzrantas
591 2080 706 2137 mamma
734 2091 857 2140 sanctum
912 2087 976 2148 tate,
1000 2089 1028 2136 et
1041 2088 1115 2137 extra
1128 2094 1237 2152 quoquo
1266 2077 1444 2136 immensitate
1472 2074 1629 2148 majestatis.
1658 2073 1712 2131 Sed

61 2160 354 2233 augustidunensis
367 2180 450 2236 super
465 2166 527 2238 hoo,
540 2182 594 2224 nou
609 2168 695 2225 emlos
710 2167 778 2225 istos
799 2169 859 2226 uisi-
910 2167 1041 2224 altissima
1055 2176 1117 2224 sunt
1138 2169 1208 2230 heo.
1231 2169 1340 2241 egentis
1362 2166 1457 2239 utique
1486 2173 1514 2221 et
1544 2162 1713 2237 diligentiori

61 2245 130 2303 biles
143 2257 171 2305 et
183 2263 330 2321 corporeos
343 2259 470 2321 oportere
487 2253 613 2328 intelligi,
632 2271 668 2311 ne
690 2272 794 2315 meroes
809 2274 858 2315 no-
909 2255 1103 2328 dispntatione‚
1119 2265 1146 2312 ot
1159 2254 1275 2312 doctiori
1289 2254 1468 2325 dispumare,
1486 2261 1513 2309 et
1535 2267 1617 2322 opere
1643 2265 1713 2325 pro-

61 2342 118 2391 stra
130 2336 159 2392 in
172 2338 255 2394 rebus
266 2338 411 2397 mobilibus
425 2341 641 2417 volubilibusque
655 2345 778 2404 rideatur
798 2349 856 2403 eal·
911 2345 1009 2403 lisiori.
1025 2343 1167 2420 quenirn
1181 2353 1336 2416 putaveram
1358 2341 1467 2399 modum
1494 2340 1522 2396 in
1545 2340 1588 2398 bis
1602 2347 1715 2397 usstan-

60 2424 158 2498 locari3
181 2426 297 2499 ideoque
316 2429 466 2501 spiritualia
479 2433 604 2502 qaedam
617 2431 785 2492 firmamenta
798 2452 858 2493 esse
910 2434 953 2488 dis
966 2434 1139 2503 epistdsrum
1154 2446 1324 2504 nequequam
1334 2445 1473 2486 summum
1490 2429 1523 2483 iri
1535 2445 1542 2483 :
1556 2427 1605 2485 sed
1614 2418 1712 2498 mame,

60 2513 249 2587 intelligenda,
263 2517 298 2572 de
313 2515 413 2588 quibus
426 2518 547 2586 nescitis,
564 2527 593 2575 ut
607 2520 706 2590 dicitis,
722 2525 786 2594 quid
814 2527 856 2579 vei
909 2530 939 2578 ut
952 2520 1042 2588 video,
1059 2519 1189 2592 processit
1203 2520 1231 2573 in
1246 2518 1353 2592 lonqius
1368 2533 1448 2591 quesn
1462 2517 1579 2590 spensti.
1595 2514 1711 2571 Proinde

58 2601 189 2671 suspicari
201 2601 333 2662 debeatis.
354 2603 408 2662 Sed
432 2606 456 2662 si
478 2608 616 2665 attenditis
642 2609 715 2681 quod
737 2609 853 2683 legistis,
909 2625 967 2678 vos,
984 2608 1115 2675 sinisset,
1127 2607 1256 2664 Librum:
1273 2606 1296 2664 si
1307 2605 1407 2677 placet,
1419 2605 1541 2679 Epistola
1555 2602 1707 2671 nominata;

60 2691 240 2763 Repnunsilei
249 2693 382 2751 intrares
391 2696 520 2764 sattius.
532 2698 666 2768 nvtt‚tt);
676 2699 854 2762 sublabitur
872 2662 895 2743 Β
909 2717 970 2757 uam
984 2714 1036 2770 eqo
1049 2698 1106 2753 siva
1121 2697 1148 2753 in
1166 2697 1269 2769 paucis,
1280 2697 1338 2757 siva
1351 2694 1380 2752 in
1395 2694 1497 2759 multis,
1511 2699 1608 2752 vestroe
1624 2689 1708 2748 debui

61 2779 260 2852 Cbrt'stumper
268 2781 854 2860 uidemincordibusuestrislliplses.uu,17)
907 2789 992 2862 (quod
1005 2796 1032 2844 et
1051 2787 1154 2856 studui)
1173 2785 1327 2844 satisfacere
1347 2784 1488 2842 rotuntsu.

64 2943 1708 2986 w

510 3123 793 3242 ΑὓιιΟΝΙΤΙΟ
823 3131 872 3212 ΙΝ
899 3127 1205 3212 oedscuudtt
1224 3127 1270 3207 V.

95 3481 180 3541 Mal
196 3488 222 3539 t.
238 3483 368 3541 utibilest
381 3487 453 3558 quod
467 3489 605 3558 majorem
621 3487 763 3548 bernardo
783 3491 921 3546 inuidiam
936 3491 1113 3559 cantavcrit,
1182 3505 1212 3544 nt
1228 3488 1297 3546 liber
1311 3490 1375 3551 iste,
1390 3487 1484 3544 editus
1511 3487 1543 3542 in
1556 3480 1707 3541 usmeta

61 3556 271 3637 cluniacenses
282 3557 323 3612 lia
331 3559 408 3614 enim
417 3560 482 3612 erat
488 3573 539 3629 per
551 3558 582 3613 id
596 3561 710 3641 ternpus
724 3562 853 3632 ipsorum
863 3563 1048 3625 suistimctiu
1056 3565 1130 3617 utor
1146 3563 1170 3616 is
1180 3560 1261 3632 quasi
1270 3574 1420 3615 censuram
1434 3552 1706 3637 upprediuideretun

58 3626 307 3699 qarillosarquers
319 3631 578 3700 tentaretssaprop
615 3631 871 3688 atsestssultitado
894 3635 928 3686 ut
940 3634 964 3686 is
975 3646 1074 3700 aprnen
1090 3631 1316 3686 aduersariorum
1331 3630 1402 3683 inse
1414 3624 1709 3682 cmwnarst.litsunt

57 3699 149 3756 sliam
162 3713 241 3753 stunc
254 3698 399 3762 nonnulli,
428 3699 459 3754 ui
472 3700 582 3755 bernar
606 3698 675 3756 'bac
697 3703 827 3771 inparis
840 3673 934 3757 uelum
947 3701 1029 3771 quasi
1039 3701 1165 3756 nimiunn
1179 3703 1332 3754 accusent:
1347 3712 1407 3753 non
1423 3697 1494 3751 satis
1509 3693 1706 3758 attendentes,

58 3770 205 3850 Materna
219 3771 355 3851 sanetum
373 3715 460 3852 egeo
469 3770 512 3825 ita
521 3774 719 3842 comparatum
728 3774 757 3827 et
767 3771 938 3828 institutum
942 3773 1047 3895 quisse,
1064 3775 1098 3852 ut
1113 3769 1252 3852 iicclesise'
1262 3768 1393 3849 maculas
1407 3765 1588 3849 decerperet,
1607 3764 1637 3820 sl
1647 3777 1709 3819 sao·

58 3840 168 3896 uasnci
176 3839 283 3896 ordarm
298 3843 495 3911 rnteprttalem
508 3838 742 3913 splendoremque
751 3843 926 3903 restitueret.
959 3842 1049 3898 ellum
1059 3840 1208 3898 indicenda
1224 3841 1312 3903 ιιιιιιι,
1328 3853 1463 3910 quoeepus
1478 3836 1640 3910 puritatem
1652 3847 1705 3890 sao

58 3913 186 3984 tempore
195 3909 403 3982 deformabant.
420 3911 500 3967 Nunc
515 3925 580 3980 erpo
593 3911 665 3969 scire
679 3912 809 3971 interest.
825 3928 877 3985 quo
892 3911 978 3968 tilulo
1022 3927 1088 3967 uoue
1097 3926 1175 3967 anno
1190 3908 1354 3967 Bernartius
1368 3909 1418 3965 boc
1431 3922 1502 3979 opus
1516 3902 1653 3964 ediderit:
1667 3919 1706 3961 an

57 3997 122 4055 quse
135 3997 168 4036 sn
183 3980 414 4038 cluniacensibus
428 3983 532 4053 carpit.
543 3996 574 4037 rs
588 3982 650 4055 ipsa
663 3983 735 4039 uitia
748 3984 819 4049 sint,
834 3999 873 4039 an
886 3954 1005 4040 tolerab'
1033 3998 1046 4038 s
1060 3983 1155 4037 ritus:
1178 3988 1207 4039 st
1220 3979 1360 4052 siquidem
1384 3979 1456 4037 uitia
1473 3980 1553 4042 sunt,
1577 3989 1646 4034 uera
1665 3988 1705 4029 an

56 4068 94 4109 su
133 4054 217 4109 osita.

94 4067 219 4192 &Quod
232 4123 269 4179 ad
280 4123 401 4179 titulum
414 4124 553 4195 pertinet,
568 4123 724 4194 Epr'stclasn
737 4128 816 4181 uocat
826 4124 986 4181 benardus
1000 4140 1031 4179 sn
1041 4124 1170 4197 sequenti
1189 4121 1259 4178 libro
1273 4137 1303 4175 n.
1321 4123 1353 4176 to
1368 4140 1377 4177 .·
1394 4120 1481 4176 alam
1495 4132 1558 4174 vero
1568 4114 1708 4188 Epistola.

58 4196 95 4248 ut
152 4193 158 4206 '
175 4194 234 4252 lala
247 4197 404 4258 remaneat,
420 4193 548 4262 finienda
561 4195 658 4260 erat.»
680 4198 734 4251 etc.
745 4195 782 4251 Ar
791 4210 855 4251 uero
867 4196 900 4250 in
908 4196 966 4265 pins
980 4194 1047 4251 libri
1058 4194 1232 4268 Opusculurn
1240 4196 1320 4251 uocat
1335 4189 1425 4250 abiis
1441 4188 1634 4272 Operic,qssia
1648 4186 1712 4243 Bar·

58 4279 116 4319 nar
164 4263 427 4322 circumscribat
445 4285 456 4316 a
472 4266 521 4323 abs
540 4280 576 4322 ue
592 4267 700 4321 receuti
721 4265 895 4339 Opusculon
914 4265 1068 4338 dunimius
1082 4269 1114 4322 in
1129 4265 1199 4321 libro
1215 4264 1299 4322 tertio
1321 4264 1354 4321 de
1376 4261 1517 4319 bernardi
1536 4260 1605 4325 lua,
1617 4260 1710 4331 capite

56 4339 167 4402 octauo.
182 4336 422 4407 Apolopeticuma
442 4281 558 4408 pollui:
574 4356 585 4385 ι
604 4334 636 4392 Si
646 4339 758 4407 [eruens
772 4342 872 4393 eontra
886 4353 1012 4402 suerum,
1028 4336 1073 4393 vel
1095 4336 1219 4392 aliorum
1241 4336 1313 4392 uilia
1328 4335 1416 4399 selus,
1437 4333 1550 4404 leqatur
1571 4332 1607 4400 is,
1627 4344 1711 4402 quern

58 4406 269 4478 Apolopeticum
282 4410 395 4461 uocet·
431 4411 491 4463 crte
501 4408 637 4534 aquatepioe
650 4409 769 4465 namins
778 4409 875 4465 utitur
893 4408 937 4466 Vir
946 4411 1065 4464 sauctus
1077 4408 1109 4464 in
1119 4408 1239 4480 epistua
1249 4407 1358 4463 decima
1369 4411 1467 4462 octaua
1477 4404 1523 4461 ubi
1534 4405 1641 4486 scripta
1649 4416 1708 4483 ¹sua

59 4479 144 4532 Petro
154 4477 296 4532 cardinali
310 4492 463 4534 recensens.
481 4499 494 4526 a
530 4479 625 4534 'ecnon
640 4478 910 4550 stipulepinm‚si
950 4479 1030 4547 uit‚s
1047 4476 1381 4552 adquemdannarnicurn
1390 4480 1528 4538 nostrum.
1545 4476 1593 4531 uu
1612 4475 1710 4545 atqua

57 4548 226 4604 disemuide
242 4548 473 4604 cluniacensibus
491 4553 519 4604 et
534 4549 678 4605 nostrisid
695 4553 737 4607 est
752 4551 932 4607 cisterciensi
950 4566 981 4606 us
996 4551 1189 4608 clementiis.
1208 4570 1219 4600 ι
1244 4549 1392 4620 Vulpatum
1417 4546 1537 4619 proinde
1567 4542 1706 4616 Apolcploe

58 4617 180 4674 titutum
194 4618 379 4676 retinebimus
390 4619 424 4674 ab
444 4621 449 4631 '
468 4634 498 4675 so
512 4620 600 4676 stiam
614 4625 730 4678 auctore
740 4624 946 4678 consecratam.

77 4691 122 4770 ιι,
135 4690 178 4744 Eu
191 4689 286 4745 eadem
298 4691 416 4761 epistota
447 4692 537 4747 mima
552 4696 661 4756 octaua,
677 4706 740 4762 quse
752 4691 802 4746 sub
815 4693 995 4747 annumtti'l
1004 4693 1064 4749 scri
1084 4695 1113 4748 ta
1128 4696 1183 4758 est,
1196 4691 1320 4748 conditus
1335 4689 1474 4774 ιιιοιοριιεΙ
1490 4692 1601 4759 ternpus
1617 4684 1706 4742 intel·

59 4758 169 4830 luprtur.
190 4761 226 4816 Et
245 4775 313 4815 sane
329 4759 431 4816 librum
445 4760 520 4817 bunc
535 4777 625 4818 unum
640 4777 677 4817 ee
689 4763 794 4835 primis
808 4710 1109 4837 Bernardicpuscufiu
1125 4763 1280 4838 etquidem
1296 4764 1415 4816 tertium
1429 4763 1518 4829 tuisse
1542 4758 1708 4815 constater

58 4832 274 4887 enurneratione
288 4832 373 4886 Petro
387 4831 530 4888 cardinali
542 4833 632 4903 sacta,
647 4833 677 4887 in
691 4847 748 4903 qua
758 4831 813 4888 duo
829 4834 946 4889 tanturn
956 4839 1025 4890 ante
1038 4834 1199 4907 Apoleqiurn
1212 4835 1362 4898 memorat,
1379 4844 1479 4902 nerupc
1489 4828 1594 4884 librum
1608 4826 1642 4883 dc
1652 4829 1709 4883 llu-

60 4900 193 4965 militcte,
210 4904 237 4958 et
249 4900 383 4957 itumilias
398 4902 429 4956 in
439 4903 570 4959 laudibus
591 4904 707 4973 Virqinis
719 4905 822 4959 ιιιαιιιι
837 4907 868 4960 in
882 4903 979 4964 Missus
988 4915 1039 4968 est,
1052 4904 1312 4985 quibusapclopiam
1322 4903 1505 4959 continenter
1514 4898 1628 4982 subjicit
1642 4914 1707 4954 cum

77 4974 156 5028 nucu
171 4973 307 5044 epistolis.
323 4973 420 5044 ltaque
436 4973 727 5045 Apoloqiaeomposita
740 4977 782 5030 est
795 4972 846 5029 sub
861 4991 972 5031 annum
985 4975 1103 5032 turold
1119 4978 1161 5031 est
1169 4975 1219 5030 sub
1229 4974 1314 5030 india
1329 4972 1474 5044 reqiminis
1490 4972 1567 5025 Petra
1587 4969 1706 5026 Venere

56 4987 132 5106 gitis,
147 5043 198 5114 qui
213 5042 320 5113 ltuqord
333 5043 684 5100 mundosuccessitanno
700 5046 778 5112 stes,
793 5060 871 5102 anno
882 5045 1001 5102 dimidio
1025 5048 1085 5117 post
1099 5047 1246 5111 Pontium,
1268 5042 1318 5099 sub
1336 5058 1390 5115 que
1409 5056 1579 5112 maenopere
1607 5040 1707 5096 lanata

56 5115 156 5183 suunt
168 5115 362 5171 cluniacensis
380 5113 491 5169 mainis
507 5115 658 5186 disciplina
672 5116 823 5187 reputaris.
837 5117 896 5173 Non
911 5119 1018 5172 mirum
1028 5117 1137 5188 itaque,
1152 5117 1179 5171 si
1194 5114 1352 5171 bernardus
1367 5113 1464 5185 aliqua
1492 5126 1523 5167 re
1556 5111 1708 5168 abennem

56 5183 144 5256 diqna
159 5186 279 5249 notauit,
301 5200 388 5258 eaque
401 5186 434 5240 in
447 5186 553 5256 scripto
565 5184 670 5256 redeptt
687 5190 786 5259 roqatu
813 5187 958 5243 Guillclmi
974 5187 1243 5244 Sancti-Theoderici
1261 5187 1376 5249 abbatis,
1392 5185 1440 5255 qui
1453 5198 1490 5238 eu
1552 5181 1619 5239 dine
1640 5181 1709 5240 Clu·

56 5256 185 5312 nsacensi
195 5256 370 5312 censebatur.
387 5257 457 5311 llum
472 5272 537 5310 cum
553 5257 703 5327 dierorum
717 5257 924 5313 monachorum
937 5257 1059 5314 coenobic
1073 5260 1134 5327 fers
1147 5258 1245 5313 emnia
1260 5258 1334 5312 ritus
1350 5255 1549 5311 cluniacenses
1562 5256 1706 5311 sectaren-

58 5330 128 5383 tur:
143 5331 246 5383 exorta
260 5328 347 5383 semel
359 5327 589 5383 Cisterciensinm
615 5330 837 5401 eonqrepatioue‚
853 5345 916 5401 ques
926 5330 996 5385 alios
1009 5345 1100 5386 osores
1115 5328 1240 5393 babebat,
1252 5342 1286 5382 ea
1303 5327 1497 5384 cluniacensis
1518 5324 1632 5381 Ordinis
1646 5323 1707 5392 (ta-

56 5397 143 5454 metsi
156 5399 183 5455 si
200 5403 350 5470 apqreqata
365 5415 423 5455 uon
437 5397 726 5528 eranqdiasbanlur,
743 5403 777 5456 ut
791 5401 832 5455 uel
846 5417 883 5457 ee
901 5403 1034 5473 sequente
1050 5399 1182 5472 Apolopia
1199 5402 1290 5472 patet,
1308 5398 1340 5453 in
1348 5413 1408 5528 gea
1425 5395 1610 5482 duillelmurn
1632 5395 1707 5452 allo·

58 5484 159 5540 quens.
179 5469 334 5530 «ordinem
348 5474 496 5529 uestrum»
533 5475 581 5528 sert
603 5485 654 5527 nn.
674 5473 687 5528 t
704 5474 734 5529 et
752 5473 798 5541 ιι,
811 5475 840 5530 st
855 5473 890 5528 in
910 5470 1006 5530 cedern
1024 5488 1055 5527 n.
1077 5473 1111 5528 30
1129 5471 1334 5530 monmleriurn
1386 5473 1449 5526 neit
1463 5466 1570 5528 iltaold
1582 5464 1707 5524 ιιιαιιιι
