3728 5940
760 185 802 243 ull
820 184 970 246 matous
983 184 1114 247 bottul.

455 480 782 574 TRACTATUS
808 480 880 571 DE
906 480 1163 574 CORPORE
1194 477 1393 571 DOMINI

558 665 700 735 (lloutter,
716 667 949 740 Supplementom
965 667 1096 731 Petram,
1110 672 1132 722 t.
1147 665 1168 729 l,
1183 680 1212 735 p.
1230 663 1304 732 lli.)

143 973 268 1033 111210
299 974 499 1030 Misericordias
523 973 574 1030 Dei
599 975 771 1040 recolentes,
800 975 901 1045 gratias
917 987 941 1069 Ι
955 987 1044 1038 xxxv,
1066 973 1106 1043 3.)
1120 971 1182 1044 lpse
1196 971 1269 1028 enirn
1283 972 1347 1027 dicit
1367 989 1374 1027 z
1393 971 1446 1040 Qui
1464 971 1620 1028 inanducat
1638 985 1758 1027 ceratem

105 1063 255 1136 agemussi
268 1062 314 1134 qui
327 1064 483 1133 perviscera
497 1063 689 1119 misericordiae
704 1079 760 1118 suae
775 1064 902 1119 visitarit
956 1065 1090 1133 meamet
1100 1060 1167 1117 bibit
1178 1077 1273 1119 meum
1287 1063 1453 1133 sanquinem
1465 1061 1496 1115 ira
1505 1076 1550 1118 me
1559 1063 1698 1128 monetet
1708 1076 1757 1133 eqo

104 1170 164 1220 nos,
181 1153 280 1210 Oriens
294 1167 331 1207 ee
346 1151 405 1207 olto
420 1152 518 1220 (lucu,
535 1150 590 1222 38).
603 1151 670 1206 Nam
686 1152 719 1216 si,
734 1151 807 1222 quod
822 1152 902 1221 absit,
956 1155 988 1210 in
1000 1169 1029 1210 eo
1045 1153 1137 1222 (toan.
1153 1167 1199 1218 tv,
1225 1152 1282 1221 57.)
1298 1151 1443 1220 Quomodo
1462 1149 1489 1204 in
1505 1165 1538 1206 eo
1562 1165 1657 1208 manes
1673 1165 1758 1223 quem

104 1240 206 1313 ingrati
220 1239 402 1296 esuritorimus
416 1239 440 1294 oi
457 1240 503 1310 qui
518 1251 630 1310 propter
654 1255 684 1294 so
708 1238 771 1296 lecit
794 1254 853 1305 nos,
877 1249 903 1296 et
956 1239 1056 1312 iniquis
1095 1239 1225 1311 operibus
1260 1239 1419 1304 inhonoras,
1448 1245 1474 1297 et
1499 1237 1591 1309 pravis
1635 1237 1759 1295 neribus

105 1339 214 1402 propter
238 1344 299 1385 sese
321 1328 437 1385 redemit
461 1343 523 1400 nos,
553 1339 679 1401 tanquam
702 1328 771 1385 servi
794 1328 902 1384 inutiles
955 1328 1113 1395 exacerbas,
1134 1329 1180 1402 qui
1204 1344 1269 1386 vero
1292 1335 1405 1385 sanctus
1419 1336 1471 1395 est,
1485 1336 1513 1385 et
1533 1326 1561 1383 iu
1585 1341 1618 1383 eo
1635 1339 1691 1383 non
1705 1325 1758 1383 uisi

103 1419 278 1492 projiciemur
303 1419 336 1473 de
360 1417 458 1492 domo,
477 1428 504 1474 et
530 1418 602 1474 volut
626 1417 793 1475 infructuosa
820 1422 903 1474 arbor
956 1426 1079 1474 mactum
1092 1432 1202 1474 manere
1215 1417 1331 1489 potest?
1346 1417 1400 1472 Aut
1420 1417 1559 1487 quomodo
1580 1421 1672 1472 manet
1687 1414 1716 1471 in
1731 1422 1758 1485 te

104 1507 253 1564 evellemur
280 1506 314 1563 de
340 1513 409 1562 terra
436 1513 602 1563 sanctorum.
626 1507 813 1563 Abhorrentes
834 1521 902 1577 orgo
956 1506 1084 1580 superbo,
1100 1506 1148 1580 qui
1171 1521 1226 1562 aon
1249 1505 1302 1560 nisi
1322 1520 1404 1576 super
1427 1503 1556 1561 bumilem
1580 1511 1607 1560 et
1629 1501 1756 1575 quietum

104 1611 211 1653 omnem
241 1593 480 1667 ingratitudinem,
503 1595 567 1665 quia
589 1593 638 1649 lilii
661 1595 755 1666 qratiae
784 1611 900 1666 sumus,
956 1595 1120 1667 requiescit?
1136 1596 1213 1664 (lsai.
1232 1593 1405 1664 savr,'l.)Si
1420 1609 1486 1666 ergo
1502 1590 1756 1660 nonmanetinte,

104 1685 244 1741 videamus
271 1685 429 1739 charitatem
457 1683 713 1755 superellluentem,
745 1683 901 1740 misericor·
955 1699 1010 1740 non
1038 1684 1183 1741 manducas
1210 1698 1318 1741 carnem
1347 1685 1418 1754 ejus,
1442 1697 1495 1738 neo
1521 1681 1582 1752 ejus
1596 1680 1757 1755 sanguinent

103 1772 176 1828 diam
191 1773 457 1844 superabundantem
480 1788 561 1844 quam
575 1772 696 1842 quotidie
709 1773 901 1845 peccatoribus
954 1770 1044 1838 bibis3
1061 1770 1085 1826 si
1108 1780 1267 1828 autemnon
1284 1770 1440 1841 manducas,
1455 1769 1553 1826 salvari
1578 1767 1688 1826 omuino
1703 1782 1758 1825 uon

103 1860 213 1916 exbibet
241 1860 286 1916 illa
313 1861 449 1930 majestas.
467 1859 569 1916 Putatis
595 1859 668 1931 quod
692 1859 774 1915 semel
797 1860 902 1917 venerit
954 1869 1041 1930 potes,
1071 1860 1131 1930 ipso
1159 1860 1266 1917 dicente
1283 1877 1289 1914 :
1305 1859 1363 1916 Nisi
1393 1856 1622 1915 manducaveritis
1647 1871 1756 1912 earnem

103 1949 204 2005 advos
225 1948 310 2018 Deus,
326 1951 398 2021 quod
423 1959 449 2006 et
471 1948 611 2021 reliquerit
633 1965 693 2021 vos,
718 1949 790 2021 quod
815 1951 899 2007 semel
954 1947 1002 2002 lilii
1017 1948 1134 2005 bominis
1147 1956 1174 2006 el
1194 1948 1318 2005 biberitis
1331 1948 1392 2018 ejus
1413 1947 1587 2020 sanguinem,
1599 1961 1653 2002 nou
1673 1944 1757 2000 btbc·

103 2037 252 2095 uisitaverit
276 2042 393 2105 terram,
420 2045 448 2093 et
471 2038 541 2093 ultra
565 2053 620 2094 non
643 2037 795 2108 respexerit
819 2040 901 2095 eam?
953 2038 1017 2095 bitis
1031 2037 1114 2096 vitam
1127 2038 1154 2094 in
1168 2039 1256 2096 vobis.
1272 2040 1365 2108 (loon.
1383 2037 1496 2116 td-lll.)

102 2126 230 2198 Nunquid
244 2125 402 2182 abbreviata
423 2135 465 2182 est
489 2142 584 2182 manus
605 2126 664 2198 Dei,
680 2135 727 2183 aut
740 2126 825 2184 virtus
839 2127 900 2198 ejus
990 2128 1038 2184 Vis
1065 2143 1132 2200 ergo
1160 2128 1325 2185 manducare
1352 2141 1460 2184 caruem
1491 2124 1551 2182 Filii
1578 2122 1698 2182 bominis
1727 2132 1758 2182 ut

103 2213 236 2270 infirmata
251 2223 303 2284 est,
322 2222 368 2269 aut
391 2213 491 2270 oblitus
507 2222 550 2270 est
569 2214 693 2273 misereri
709 2216 794 2284 Deus,
810 2223 899 2288 utqui
954 2216 1053 2273 habeas
1076 2215 1158 2272 vitam
1177 2224 1309 2272 aternam
1333 2233 1340 2271 :
1366 2223 1396 2271 ut
1409 2215 1510 2288 dignus
1522 2213 1569 2278 sis,
1584 2212 1714 2286 recollige
1725 2229 1758 2275 ea

103 2305 187 2359 semel
203 2303 328 2373 innotuit,
344 2318 416 2360 nunc
432 2306 490 2374 jam
504 2319 537 2362 ex
552 2312 609 2361 toto
624 2304 779 2362 recesserit.
793 2302 900 2377 Nequa-
917 2285 939 2362 Β
959 2320 1020 2376 quae
1042 2319 1093 2377 pro
1124 2317 1150 2360 re
1175 2320 1274 2376 passus
1299 2311 1353 2369 est,
1380 2311 1407 2360 et
1433 2302 1543 2358 assidua
1570 2299 1757 2359 recordatione

102 2407 193 2464 quam.
220 2394 287 2450 Eece
309 2408 367 2466 epo,
391 2392 486 2465 inquit,
507 2393 649 2452 robosem
672 2412 735 2452 sum
755 2393 902 2468 usquead
955 2393 1092 2449 memoria
1119 2401 1173 2448 tuae
1208 2392 1369 2449 commenda
1407 2389 1548 2462 passiones
1583 2389 1692 2456 sclua,
1729 2395 1758 2447 ot

103 2481 375 2538 consummationem
385 2483 484 2539 secoli
496 2481 607 2552 (llottb.
618 2498 722 2554 xxviro,
734 2481 901 2552 20).Veritas
955 2481 1077 2552 corporis
1110 2478 1298 2548 necessitates,
1323 2479 1498 2550 revolveper
1525 2475 1635 2550 singula
1663 2476 1758 2533 omnia

103 2576 145 2625 est
168 2584 228 2640 quae
256 2569 387 2640 loquitur,
412 2579 440 2625 et
466 2569 607 2626 veritatem
638 2571 770 2642 loquitur,
798 2585 847 2626 nec
875 2577 902 2625 te
955 2570 1089 2643 usquead
1111 2581 1226 2628 mortem
1241 2568 1339 2627 Crucis
1354 2590 1361 2627 :
1379 2569 1418 2624 sic
1440 2567 1536 2625 exhibe
1556 2580 1608 2623 suo
1631 2565 1756 2636 uemplo

103 2651 182 2717 lallit,
199 2652 321 2716 ohomo,
336 2652 383 2725 qui
403 2652 518 2709 multum
539 2660 566 2709 te
580 2653 678 2725 diligit,
693 2669 743 2709 nec
762 2663 819 2710 ate
846 2651 901 2709 lelli
955 2666 981 2714 et
1004 2657 1169 2725 imitatione,
1197 2671 1297 2730 eorpus
1323 2663 1350 2712 et
1370 2657 1488 2712 musam
1515 2664 1607 2725 tuam,
1634 2653 1757 2715 boam

104 2740 169 2797 vult·
186 2740 243 2797 Hoc
257 2748 342 2796 totum
358 2756 408 2811 pro
424 2748 450 2798 le
464 2742 534 2797 lacit.
954 2748 1105 2816 uiuentem,
1130 2750 1271 2814 cenetam,
1296 2746 1350 2803 siti
1372 2745 1543 2818 placentem,
1563 2750 1595 2800 ut
1620 2751 1647 2801 te
1669 2752 1756 2801 totum

138 2828 200 2899 lpse
227 2828 367 2885 nobiscum
396 2829 454 2886 vult
477 2844 647 2903 permanere,
662 2838 692 2885 ut
712 2844 764 2885 nos
784 2845 846 2886 cum
867 2844 900 2887 eo
956 2836 1082 2893 exhibeas
1103 2836 1129 2893 ei
1152 2833 1312 2891 sacrificium
1330 2834 1497 2906 receptabile
1521 2833 1549 2889 in
1563 2831 1675 2891 odorem
1690 2848 1755 2891 sus·

103 2918 198 2984 simus,
223 2917 279 2973 imo
301 2933 357 2973 nou
384 2933 489 2985 sumus,
510 2919 545 2972 ita
570 2929 598 2973 ut
619 2919 697 2974 nobis
722 2934 787 2974 vere
810 2896 900 2975 dbeerc
955 2924 1055 2992 vitatis,
1072 2925 1141 2981 sicut
1163 2923 1220 2996 ipse
1241 2941 1271 2981 se
1286 2932 1373 2980 totum
1387 2922 1476 2982 intua
1499 2921 1687 2995 redemptione
1709 2937 1756 2978 ex·

103 3005 211 3076 possit:
230 3008 317 3063 laneo
333 3007 901 3081 temporeoobiseomsum,etooncoquo·
956 3013 1059 3085 pendit.
1088 3011 1189 3071 Ultimo
1212 3026 1289 3079 vero,
1305 3012 1388 3069 crede
1411 3009 1536 3077 firmiter,
1557 3011 1660 3083 absque
1683 3009 1757 3067 omui

103 3096 183 3151 vistis
206 3110 251 3151 me
266 3112 275 3148 :
289 3093 420 3168 Pbilippe
434 3100 488 3152 ete.
505 3097 596 3165 (toan.
615 3098 658 3160 ll,
675 3099 715 3167 6).
730 3096 794 3153 ldeo
809 3097 898 3151 dicit:
955 3101 1056 3158 mentis
1068 3101 1195 3172 scrupulo
1214 3109 1335 3158 sanetum
1350 3116 1460 3172 panem,
1474 3108 1502 3157 et
1524 3107 1648 3156 sanctum
1662 3097 1757 3156 viuum

103 3183 170 3239 Fr‘lt'i
181 3182 340 3253 bominem,
355 3199 499 3257 usquequo
508 3187 588 3256 provi
595 3187 676 3244 eorde
685 3189 719 3242 ut
729 3185 798 3259 qaid
809 3185 901 3259 ditiqi·
955 3206 1038 3263 super
1065 3190 1150 3246 altare
1176 3190 1325 3247 seeundum
1353 3188 1470 3245 sormam
1498 3197 1598 3246 sauotoe
1624 3184 1755 3245 uectem

104 3272 354 3340 tiroenitotem,et
364 3275 492 3347 queritis
504 3273 796 3346 mendoetomiffsol.
807 3290 847 3343 tr,
858 3274 898 3346 3).
954 3294 1049 3335 verum
1064 3294 1144 3335 suum
1157 3277 1228 3336 attici
1241 3293 1342 3350 eorpus
1353 3286 1381 3335 et
1392 3276 1553 3354 sanquinem
1565 3276 1593 3333 in
1612 3292 1693 3334 manu
1707 3290 1755 3333 sa·

101 3359 171 3418 Ecce
183 3363 306 3435 quotidie
323 3362 398 3419 venit
411 3362 444 3418 ad
468 3377 518 3422 nos
538 3364 597 3438 ipse
620 3364 731 3421 humilis
753 3380 899 3438 apparens,
954 3370 1078 3434 oerdotis,
1094 3377 1122 3428 et
1145 3370 1226 3444 digna
1246 3385 1310 3426 curn
1324 3366 1476 3426 reverentis
1496 3383 1575 3424 some
1588 3366 1679 3440 ipsum
1692 3382 1755 3425 cum

102 3464 152 3506 nec
179 3457 335 3518 reputamus
357 3467 439 3532 eum3
465 3451 585 3525 quotidie
609 3453 749 3512 descendit
776 3456 810 3513 de
839 3455 899 3510 sinu
955 3459 1052 3516 timore
1065 3466 1169 3529 amoto,
1189 3457 1356 3516 conscientia
1378 3456 1460 3524 bona,
1480 3455 1613 3517 chariato
1635 3472 1714 3530 puro,
1729 3463 1757 3513 et

102 3539 188 3594 Patris
203 3553 286 3609 super
307 3537 390 3594 altare
404 3537 432 3593 in
455 3541 582 3595 manibus
597 3543 756 3611 sacerdotis,
772 3552 799 3600 et
812 3543 901 3601 nosci·
916 3582 939 3661 c
955 3545 1008 3602 lide
1022 3561 1076 3602 oou
1090 3544 1161 3602 licta.
1177 3548 1312 3605 lloeolens
1326 3547 1399 3618 quod
1422 3546 1493 3602 sicut
1507 3546 1607 3604 sanetis
1625 3544 1756 3618 apostolis

102 3645 164 3684 mus
186 3643 267 3697 eum3
291 3625 411 3697 quotidie
439 3628 562 3683 humiliat
584 3644 623 3698 se,
654 3630 724 3686 sicut
752 3634 859 3704 quando
884 3648 899 3687 a
955 3633 1080 3706 apparuit
1093 3634 1122 3688 in
1137 3648 1202 3691 vera
1214 3650 1305 3701 omne,
1321 3634 1360 3690 ita
1376 3642 1403 3690 et
1421 3633 1503 3691 modo
1523 3651 1554 3691 se
1573 3634 1652 3690 uobis
1665 3640 1755 3690 ostem

102 3716 240 3788 regalibus
255 3715 365 3771 sedibus
390 3734 404 3769 t·
425 3716 463 3770 uit
487 3715 515 3772 in
539 3724 644 3773 uterum
660 3717 791 3793 Virginis,
807 3729 834 3775 et
848 3735 899 3777 uos
955 3723 995 3778 dit
1008 3723 1035 3777 iu
1050 3730 1144 3779 sancto
1158 3738 1239 3793 pane,
1252 3729 1280 3778 et
1302 3721 1374 3778 siout
1397 3721 1451 3792 ipsi
1473 3721 1571 3780 iutuitu
1591 3721 1682 3779 urnis
1696 3736 1755 3779 oute

102 3807 226 3863 obdurati
245 3823 299 3862 non
321 3807 541 3878 consideramus;
564 3823 580 3863 o
605 3810 696 3876 homo,
716 3809 804 3865 credis
827 3810 900 3867 huuc
955 3819 1057 3868 uotum
1071 3812 1131 3882 ejus
1154 3825 1264 3867 caruem
1287 3810 1422 3878 videbant,
1440 3809 1489 3869 sed
1509 3812 1594 3868 Deum
1608 3808 1756 3868 credebaut

102 3909 162 3949 esse
189 3893 285 3948 Filium
312 3894 383 3949 neit
411 3894 508 3966 Utique
535 3895 617 3954 credo
644 3902 671 3953 e't
700 3897 842 3956 conliteor.
866 3899 899 3953 Et
954 3901 1041 3959 oculis
1054 3899 1240 3972 spiritualibus
1254 3899 1477 3973 contemplantes,
1493 3900 1534 3956 sic
1549 3908 1577 3957 et
1594 3914 1645 3957 uos
1659 3896 1755 3957 rideo-
1783 3929 1785 3935 s

103 3984 239 4054 quomodo
267 3999 322 4040 nou
348 3993 420 4039 totus
447 3983 563 4052 delicis,
594 4001 649 4042 non
676 3995 750 4043 totus
777 4002 899 4062 expave-
954 3997 995 4046 tes
1009 4004 1108 4062 panem
1131 3993 1159 4045 et
1179 3989 1273 4045 riuum
1292 3989 1436 4046 credamus
1460 4004 1524 4045 esse
1539 3990 1599 4059 ojus
1612 3995 1755 4061 eorpuset

102 4071 164 4138 scis,
194 4087 249 4127 non
278 4079 349 4127 totus
377 4073 577 4141 contremiscis,
607 4075 716 4146 quando
744 4075 790 4133 ille
817 4093 898 4150 quem
953 4079 1113 4154 sanquinem
1129 4083 1157 4134 et
1171 4076 1263 4135 vivum
1278 4085 1380 4135 esseel
1394 4093 1499 4134 verum.

102 4168 220 4216 tremunt
247 4161 346 4234 augeli,
376 4170 402 4217 ot
428 4162 517 4218 omnis
548 4163 661 4220 coelicus
696 4165 765 4220 ordo
791 4167 896 4234 adorat,
989 4168 1055 4224 ldeo
1078 4165 1161 4232 euim,
1185 4165 1248 4224 ideo
1270 4166 1396 4238 apparuit
1424 4166 1514 4223 diviua
1541 4165 1707 4238 benignitas,
1723 4173 1754 4224 ut

100 4249 221 4320 quotidie
247 4266 277 4307 se
297 4250 414 4320 abjiciat,
437 4267 486 4318 pro
506 4263 532 4308 te
555 4262 627 4309 terra
641 4261 669 4309 et
682 4253 781 4310 cinere.
798 4255 899 4329 Suspe·
952 4256 1034 4313 homo
1048 4255 1157 4311 humilis
1175 4263 1303 4327 appareat
1317 4254 1454 4329 gloriosus
1476 4255 1505 4310 in
1528 4253 1676 4311 divinitus
1693 4253 1754 4311 Soi-

101 4346 173 4394 otum
203 4348 228 4393 tc
253 4339 340 4395 habeo
368 4355 404 4394 nc
426 4355 494 4396 voce
526 4341 695 4398 solummodo
725 4343 897 4415 confitearis,
953 4361 1011 4401 mus
1024 4343 1096 4401 euim
1107 4344 1182 4416 quod
1202 4360 1263 4401 eum
1282 4343 1449 4417 apparuerit,
1463 4344 1490 4401 ei
1513 4344 1614 4401 similes
1637 4343 1754 4410 mimus,

100 4424 174 4497 quod
188 4426 218 4481 iu
230 4426 313 4482 corde
331 4442 385 4483 nou
404 4427 498 4496 habes,
514 4436 541 4485 et
556 4430 685 4502 operibus
708 4433 896 4490 contradicis?
951 4443 980 4492 et
992 4433 1147 4492 videbimus
1161 4449 1226 4492 eum
1241 4434 1321 4491 sicuti
1336 4441 1379 4492 est
1392 4451 1442 4508 per
1460 4434 1576 4510 gloriam
1598 4449 1676 4491 mem
1689 4449 1752 4508 quas

100 4516 214 4586 Etenim,
231 4519 253 4573 si
277 4533 331 4574 nou
355 4519 453 4588 credis,
476 4523 531 4591 jam
554 4522 690 4590 judicatus
713 4541 765 4579 cs:
793 4525 895 4580 sivero
952 4522 1118 4594 plenissima,
1142 4522 1380 4590 sufficientissima,
1396 4535 1424 4581 et
1449 4522 1679 4581 abundantissima
1708 4533 1752 4580 est

99 4606 187 4662 credis
215 4617 243 4663 ut
269 4606 348 4673 dicis,
364 4617 391 4664 et
417 4607 453 4663 ita
482 4609 662 4667 irreverenter
690 4613 761 4684 agis,
783 4615 816 4670 ad
841 4623 896 4670 tam
951 4612 1482 4687 stemalitarinomnlbusquidtliqunt
1500 4628 1562 4670 eum
1580 4611 1749 4669 inveritate.

99 4694 273 4767 magnificum
288 4706 483 4754 sacramentum
509 4702 605 4757 stultus
625 4718 666 4766 cs,
682 4702 894 4774 superbissimus
950 4703 1004 4775 lpsi
1018 4704 1069 4760 soli
1082 4705 1172 4762 honor
1186 4711 1212 4760 at
1225 4703 1311 4779 gloria
1321 4704 1348 4759 io
1362 4702 1465 4777 Spiritu
1480 4713 1586 4760 sancto.
1598 4699 1696 4757 Amen.

98 4799 138 4849 es,
169 4794 195 4840 et
220 4786 355 4843 invenitur
381 4790 521 4862 iniquiter
549 4797 599 4848 too
618 4790 654 4846 od
682 4790 788 4848 odium.
805 4792 893 4864 (Prot.
