3728 5940
122 168 179 273 nt

536 240 540 247 ·
590 210 618 270 S.
638 203 803 275 tendatur
820 210 957 272 sunaus
975 207 1292 273 emunatatttdffls
1313 205 1327 213 ”

1722 172 1776 278 γὼ

119 339 272 412 etquidem
287 347 438 396 vestrorum
468 336 526 393 ait:
546 339 598 395 Coi
620 338 763 404 honorem,
787 339 921 398 honorem
940 357 963 436 Α
981 348 1032 409 rat,
1047 339 1196 394 secundum
1223 339 1339 395 animam
1368 347 1492 397 mondus
1506 350 1548 397 est
1569 341 1638 412 :qui
1651 340 1776 415 instigat,

119 431 212 499 (Non.
229 443 294 496 ιιι,
313 422 361 498 ll.

158 521 201 575 lt.
225 514 384 589 Spirituelis
399 513 480 572 borno
493 515 539 573 ille
553 516 601 587 qui
624 531 708 573 omne
737 515 877 588 dijudicat,
894 532 925 582 ιιι

122 609 209 679 ipses
237 603 345 661 nemine
363 603 497 674 indicetur
512 605 540 675 (l
554 606 615 664 Gor.
632 622 663 677 ιι,
686 608 744 678 ιιι),
760 621 840 663 omne
855 621 925 679 opus

122 710 202 752 suum
218 691 287 748 trina
312 692 427 765 quadam
451 694 668 751 consideratione
684 695 841 768 praeveniet.
864 695 924 752 Pri·

100 783 196 838 'mum
222 781 343 854 quidem,
372 797 405 836 an
434 783 530 848 liceat;
552 783 659 854 deinde,
690 801 724 840 ιι
747 784 853 853 deceat;
879 800 926 859 po-

126 879 237 944 stremo,
257 886 291 928 an
318 879 346 928 et
360 871 492 944 expediet.
521 870 588 926 Nam
610 871 660 928 etsi
684 880 790 930 conset
807 872 837 928 in
855 874 926 929 ebri-

126 959 214 1016 atiena
229 961 321 1034 utique
331 960 501 1034 philosophia
515 976 569 1016 non
584 962 680 1018 decere
698 961 749 1017 nisi
764 962 835 1033 quuod
852 961 924 1028 licet,

129 1064 183 1106 non
196 1049 325 1120 expedire
336 1049 389 1107 nisi
399 1050 472 1120 quod
487 1051 565 1106 decet
579 1062 603 1106 et
623 1051 684 1106 licet
699 1067 707 1106 t
723 1065 778 1106 non
798 1050 926 1107 continuo

127 1145 215 1195 tamen
240 1132 320 1194 omne
348 1138 420 1211 quod
449 1139 518 1208 licet,
544 1140 638 1197 decere
671 1141 800 1213 expedire
827 1156 925 1198 conse·

128 1215 216 1300 quens
238 1226 299 1283 erit.
326 1230 394 1299 ιιι,
423 1239 554 1301 aptemus,
580 1228 602 1283 si
618 1243 774 1299 possumus,
802 1230 851 1286 tria
868 1230 927 1297 ipsa

127 1317 204 1387 operi
219 1316 291 1372 huic.
307 1314 343 1372 ιι
354 1318 490 1388 quomodo
503 1332 556 1373 non
571 1315 699 1374 indecens
719 1317 767 1373 tibi
789 1319 928 1376 voluntate

127 1404 254 1476 prolege
281 1404 334 1469 ιιι
364 1405 471 1478 etquis
488 1420 544 1461 non
558 1413 600 1461 est
614 1407 648 1463 ad
667 1422 747 1480 quem
769 1408 926 1479 appelleris,

128 1494 287 1566 potestatem
305 1508 443 1563 exercere,
459 1493 600 1569 negligere
611 1494 762 1552 nuonemr
775 1497 852 1552 Tunc
868 1512 927 1550 ms-

978 428 1116 499 quomodo
1133 420 1229 484 vivit'.lv
1239 425 1384 495 Quomodo
1392 443 1458 486 vero
1472 445 1526 485 non
1542 444 1607 484 reus
1617 429 1710 486 mortis
1722 447 1779 487 em-

983 518 1092 584 borum,
1109 527 1135 573 et
1157 533 1213 573 suae
1239 518 1354 590 pariter,
1380 518 1426 592 qui
1455 518 1575 592 gladium
1599 519 1688 584 dedit,
1704 520 1777 577 unde

979 608 1060 664 ambo
1081 607 1335 665 morerentur‘liloc
1344 618 1385 663 est
1395 608 1468 679 quod
1480 607 1601 664 dixeram
1613 626 1619 661 z
1632 609 1776 675 Occidisti,

980 703 1008 756 et
1022 695 1177 770 possedisti.
1189 695 1348 768 dddequod
1361 696 1408 767 qui
1418 696 1541 764 audiunt,
1550 696 1777 763 scandalizentur,

980 786 1168 859 indignantur,
1187 784 1343 849 detrabunt,
1368 793 1395 841 et
1412 785 1602 856 blasphemant
1629 785 1702 843 :hoc
1724 795 1777 851 est,

980 875 1157 929 vulnerantur
1171 873 1203 927 ad
1220 881 1344 927 mortem.
1367 873 1425 929 Non
1440 879 1480 928 est
1494 874 1567 929 bona
1579 874 1661 929 arbor
1675 873 1778 932 iaciens

981 962 1087 1018 tructus
1112 962 1189 1027 talos,
1213 960 1381 1029 insolentias,
1406 960 1610 1032 dissolutiones,
1639 962 1775 1034 dilapida-

981 1053 1079 1116 tiones,
1104 1050 1267 1114 simultates,
1283 1050 1419 1117 scandala,
1436 1050 1498 1106 odia
1514 1068 1521 1105 ι
1537 1051 1663 1124 quodque
1686 1054 1777 1128 magis

981 1141 1137 1204 dolendum,
1151 1141 1222 1194 inter
1236 1138 1364 1195 ecclesias
1381 1138 1536 1195 inimicitias
1549 1155 1656 1215 graves,
1672 1156 1775 1213 perpe-

981 1237 1078 1303 tesque
1093 1226 1251 1284 discordias.
1267 1227 1350 1284 Vides
1367 1244 1448 1298 quam
1461 1243 1542 1283 verus
1557 1228 1694 1285 sitsormo
1708 1229 1774 1287 ille:

984 1319 1084 1378 onnia
1100 1313 1186 1374 m
1199 1316 1272 1372 milri
1285 1318 1383 1385 licent,
1392 1319 1503 1375 sednon
1513 1319 1610 1376 omnia
1620 1319 1776 1390 expediant

982 1409 1007 1480 (l
1021 1408 1082 1464 dor.
1094 1420 1124 1471 ιι,
1136 1407 1192 1476 ιι).
1209 1405 1280 1472 Quid
1294 1405 1318 1460 si
1334 1405 1402 1463 torte
1412 1422 1461 1462 nec
1471 1406 1679 1479 licetilgnosce
1690 1409 1774 1463 mibi:

982 1510 1037 1552 non
1062 1494 1139 1550 tacite
1161 1493 1281 1550 adducor
1295 1493 1399 1551 licitum
1414 1494 1565 1552 consentire
1578 1496 1650 1566 quod
1666 1504 1704 1551 tot
1719 1496 1775 1552 illi-

122 1581 169 1651 jor
183 1579 298 1637 Domino
308 1586 364 1649 tuo,
376 1579 423 1651 qui
432 1579 469 1635 ait
481 1598 487 1638 :
501 1582 560 1640 Non
571 1583 736 1653 oenisoeere
746 1586 925 1641 volantatem
981 1584 1034 1640 cita
1054 1582 1175 1655 parturit.

125 1670 240 1732 meam!
250 1670 341 1741 (toan.
358 1686 396 1742 vr,
412 1670 471 1743 38.)
485 1668 644 1742 Quanquam
654 1688 708 1729 non
716 1673 805 1728 minus
817 1673 923 1743 dejecti,
941 1661 964 1739 Β
1015 1674 1059 1727 tr.
1079 1671 1155 1727 Tunc
1181 1669 1299 1743 denique
1328 1671 1376 1727 tibi
1390 1670 1496 1726 licitum
1517 1687 1642 1737 censeas,
1657 1671 1714 1726 suis
1729 1689 1774 1728 ec·

126 1759 284 1834 qnamelati
297 1760 380 1815 animi
393 1768 445 1827 est,
461 1759 543 1818 veluti
570 1761 683 1818 rationis
704 1769 853 1835 expertem,
869 1777 923 1818 non
979 1759 1075 1817 etesias
1105 1757 1228 1814 mutilare
1261 1759 1407 1825 membris,
1440 1759 1608 1817 contundere
1638 1760 1771 1817 ordinem.

129 1862 176 1918 pro
198 1848 312 1919 ratione,
329 1848 377 1902 sed
398 1863 449 1918 pro
472 1848 549 1906 libitu
564 1865 667 1923 agere,
690 1851 853 1922 meoiudicio
868 1852 925 1926 agi,
979 1848 1141 1922 perturbare
1155 1848 1296 1915 terminos,
1312 1863 1383 1921 qnos
1396 1857 1545 1919 posuerunt
1563 1860 1653 1920 potres
1666 1850 1728 1905 tuil
1743 1850 1773 1907 Si

128 1936 175 1994 sed
203 1936 333 2009 appetito.
358 1935 428 2005 Quid
455 1948 509 1993 ιιιιι
523 1937 659 1995 besddet
677 1941 712 1995 Et
739 1939 762 1995 si
783 1941 926 2013 indignum
978 1938 1090 2010 justitiae
1105 1938 1205 2008 estius
1233 1937 1334 2010 cuique
1347 1953 1457 1995 servare
1472 1954 1569 2008 suum3
1591 1936 1696 1993 aniene
1715 1939 1774 1993 cui·

126 2022 213 2110 cuivis
236 2022 322 2080 aterni
346 2023 448 2080 radone
469 2025 561 2082 risere
586 2034 614 2079 ιι
631 2041 727 2096 pecus,
755 2026 819 2099 quis
843 2027 871 2082 in
900 2035 926 2083 te
980 2042 1060 2101 quam
1070 2042 1130 2095 sun,
1145 2026 1217 2096 justo
1230 2025 1369 2098 quomodo
1390 2026 1491 2098 poterit
1502 2025 1773 2093 convenireilirras,

127 2121 232 2169 metore
250 2113 371 2170 omnium
394 2119 497 2168 tantam
520 2115 711 2170 contumeliam
733 2122 847 2185 naturae,
871 2116 925 2171 bo·
980 2119 1002 2173 ai
1017 2123 1047 2172 ut
1061 2131 1204 2182 summam,
1216 2115 1252 2170 ita
1264 2122 1292 2171 et
1305 2117 1392 2172 solam
1406 2115 1574 2171 institutama
1589 2117 1646 2170 Deo
1657 2123 1774 2171 vestram

127 2201 202 2260 noris
219 2201 345 2273 injuriam
368 2200 458 2258 lereti
471 2200 517 2257 Sic
531 2201 731 2276 degenerando,
747 2203 821 2272 quod
835 2203 924 2259 obsiti
980 2204 1154 2276 apostolicam
1180 2212 1341 2275 potestatem
1375 2204 1524 2260 existimas.
1554 2204 1583 2259 Si
1606 2204 1657 2260 hoo
1675 2206 1773 2268 santis,

126 2292 252 2364 generale
274 2290 449 2364 opprobrium
471 2289 557 2346 iecisti
576 2291 717 2363 proprium
738 2292 785 2349 tibi
806 2308 816 2347 t
839 2294 927 2349 Homo
980 2291 1107 2350 dissentis
1122 2293 1155 2348 ab
1166 2309 1199 2350 eo
1215 2294 1261 2366 qui
1272 2293 1309 2348 ait
1324 2310 1332 2348 τ
1345 2295 1404 2349 Non
1418 2294 1462 2349 est
1474 2295 1599 2364 potestas
1611 2293 1669 2348 nisi
1681 2309 1698 2347 u
1709 2296 1774 2350 Deo.

126 2392 192 2439 enm
204 2378 438 2444 intramnensi,
454 2381 677 2449 nonintelleeit5
691 2386 874 2454 comparatos
885 2384 927 2436 est
981 2381 1097 2439 Proinde
1110 2381 1183 2453 quod
1202 2382 1330 2455 sequitur,
1357 2380 1409 2448 Qui
1430 2381 1566 2454 potestati
1588 2381 1708 2445 resistit,
1726 2383 1777 2437 bei

120 2469 262 2543 ιἰιιιιιιιιίι
271 2468 480 2540 insilientibus.
492 2469 597 2525 similis
606 2470 703 2541 foetas
711 2474 754 2527 est
762 2469 826 2526 illie
836 2470 925 2539 (Psoi.
980 2473 1156 2530 ordinationi
1179 2471 1302 2540 resistit;
1316 2468 1366 2525 etsi
1379 2467 1564 2541 principaliter
1577 2483 1626 2538 pro
1646 2477 1671 2522 te
1698 2467 1771 2531 tacit,

128 2571 228 2625 xnvuu,
245 2556 299 2629 ιι).
315 2555 387 2624 Quid
407 2557 474 2615 item
487 2567 544 2614 tam
562 2557 704 2632 indignum
718 2559 777 2628 tibi,
798 2575 877 2633 quam
898 2568 927 2613 ιι
981 2577 1033 2617 non
1054 2571 1143 2618 lamen
1158 2558 1340 2632 singulariter.
1362 2557 1483 2629 Denique
1504 2556 1575 2611 idem
1590 2555 1628 2612 ait
1650 2557 1773 2613 :Omnis

128 2646 212 2704 totum
240 2656 345 2712 tenens,
370 2662 424 2704 non
440 2647 478 2702 sis
494 2655 636 2705 contentus
651 2657 720 2717 toto,
734 2649 786 2704 nisi
800 2648 928 2705 minutias
980 2648 1274 2722 animapotestatidas
1288 2646 1498 2705 snotimiontas
1508 2644 1621 2701 subdita
1632 2647 1670 2699 sit
1684 2647 1774 2712 litem.

129 2733 361 2807 accedentesque
374 2735 634 2808 exiguasportiones
654 2737 740 2808 ipsius
754 2737 803 2794 tibi
817 2738 927 2796 creditae
981 2753 1044 2805 ιιιι,
1073 2743 1098 2801 ι,
1124 2738 1162 2810 t).
1177 2739 1236 2794 Non
1263 2736 1310 2803 ait,
1326 2734 1492 2799 sublimiori,
1517 2741 1646 2805 tauquam
1662 2733 1687 2786 iu
1709 2747 1773 2795 uiuo,

130 2822 323 2892 universitatis,
354 2829 478 2896 tanquam
496 2841 549 2880 uon
559 2823 611 2879 sint
630 2833 693 2895 tuae,
714 2834 821 2900 satagas
836 2828 928 2884 nescio
982 2827 1029 2884 sed
1043 2825 1265 2892 sublimioribus,
1282 2835 1410 2898 nuquam
1422 2824 1448 2877 in
1464 2823 1568 2878 multis.
1584 2822 1642 2876 Non
1653 2835 1717 2891 ergo
1729 2829 1775 2875 tua

130 2915 266 2987 quomodo
286 2911 373 2968 adhuc
392 2912 486 2970 iacere
501 2916 580 2971 tuas?
605 2915 655 2972 Ubi
674 2916 755 2972 etiam
770 2916 928 2973 meminisse
983 2916 1041 2972 sola
1064 2924 1212 2986 potestant
1231 2913 1363 2976 Domino:
1393 2921 1456 2969 aunt
1479 2921 1507 2966 et
1531 2910 1691 2974 mediocres,
1713 2921 1776 2961 snm

130 3013 157 3058 te
171 3001 233 3056 uolo
244 3001 378 3073 parabole
392 3003 499 3058 Nathan
514 3004 548 3060 de
561 3004 683 3071 bomine,
699 3006 745 3079 qui
760 3007 856 3062 multos
865 3022 931 3064 oves
945 3003 968 3083 Γ,
984 3013 1010 3062 ιι
1025 3005 1176 3061 interiores.
1186 3005 1218 3059 Et
1231 3003 1372 3075 quomodo
1384 3015 1454 3072 quos
1464 3000 1540 3055 Deus
1554 2996 1706 3068 conjunxit,
1722 3012 1774 3053 non

130 3089 233 3147 htbens
257 3089 325 3164 (³8),
354 3105 434 3147 unam
454 3107 516 3166 quae
543 3101 602 3149 erat
624 3093 753 3169 pauperis
767 3095 925 3166 concupivit
979 3105 1042 3152 sunt
1063 3093 1206 3166 separandi
1229 3092 1340 3164 (datto.
1365 3104 1422 3154 ιιι,
1439 3092 1468 3159 il)
1485 3107 1492 3143 :
1508 3087 1548 3144 sic
1563 3102 1612 3142 nec
1626 3101 1696 3159 quos
1711 3086 1776 3140 sub·

127 3179 238 3253 (llilep.
253 3183 319 3252 ιιι).
335 3180 392 3237 iluc
410 3196 521 3254 quoque
535 3184 624 3238 veniat
647 3183 756 3251 tectum,
773 3183 838 3255 imo,
854 3184 924 3241 laci·
978 3183 1084 3252 junxit,
1114 3180 1308 3252 comparandi.
1338 3181 1487 3234 Monstrum
1513 3176 1597 3242 lacis,
1626 3175 1649 3230 si
1684 3174 1776 3228 manui

132 3285 184 3324 nus
203 3259 277 3342 repis
297 3271 399 3341 debeb,
426 3271 473 3342 qni
488 3287 577 3327 rerum
606 3287 736 3328 stammam
761 3274 927 3339 innabitat
979 3273 1155 3335 submovens,
1172 3269 1286 3340 digitum
1310 3266 1377 3321 iacis
1391 3266 1512 3338 pendere
1527 3266 1561 3319 de
1583 3263 1681 3334 capite,
1696 3277 1777 3332 snpe-

131 3372 211 3413 unam
226 3357 331 3414 vineam
345 3359 491 3414 affectavit.
507 3360 616 3415 Avertat
636 3362 780 3418 beasset
798 3366 869 3434 quot
882 3363 926 3419 ille
979 3360 1077 3419 riorem
1093 3358 1194 3425 manui,
1209 3355 1320 3413 brachio
1335 3354 1527 3411 collateralem.
1551 3353 1616 3408 Tale
1637 3363 1678 3408 est
1700 3352 1724 3408 si
1748 3350 1777 3406 in

129 3444 232 3503 audivit
249 3464 256 3498 t
275 3447 408 3505 Occidbti
414 3453 444 3504 et
455 3449 604 3522 possedisti
619 3449 834 3523 (litlintona).
978 3449 1076 3507 Christi
1092 3462 1206 3519 corpore
1225 3445 1351 3500 membre
1365 3443 1443 3499 aliter
1458 3442 1533 3497 loeas
1546 3458 1628 3513 quiam
1643 3440 1779 3511 disposuit

169 3539 213 3592 lt.
231 3537 301 3594 Nolo
315 3545 404 3594 ιιιιιιι
424 3539 579 3610 pretendas
593 3539 658 3594 mibi
677 3539 793 3598 fructum
808 3543 925 3598 emanci·
979 3538 1048 3608 ipse.
1063 3536 1120 3594 Nisi
1136 3546 1163 3592 ιιι
1177 3543 1255 3606 putas
1269 3533 1352 3589 alium
1367 3548 1437 3595 esse,
1455 3531 1500 3606 qui
1516 3529 1608 3602 posuit
1618 3530 1644 3584 in
1655 3527 1778 3585 Ecclesia

131 3623 247 3704 ριιιοιιίι
273 3625 368 3699 ipsius.
396 3625 491 3683 Nullus
519 3637 560 3684 est
587 3628 669 3695 onim,
699 3630 750 3685 nisi
777 3631 849 3703 quod
864 3632 926 3687 inde
979 3627 1112 3702 precedam
1127 3621 1540 3699 quidemapostoios,oaosdnm
1554 3618 1780 3691 aatcmpropbe·

129 3712 250 3788 episcopi
274 3714 472 3785 insolentiores,
489 3719 612 3773 monachi
632 3719 714 3776 etiam
734 3719 927 3778 dissolutiores
981 3707 1777 3784 tas,oliosoeroeounpelistas,aliosdoctoresetpastores,

130 3800 206 3858 fiunt
221 3802 292 3874 Quid
309 3805 383 3878 quod
396 3815 422 3863 et
436 3806 633 3879 pauperiores?
648 3807 754 3879 inspice
764 3807 927 3881 diligentius
980 3803 1297 3862 &consummationem
1307 3805 1481 3863 sanctornm,
1493 3799 1525 3853 in
1535 3796 1777 3870 apenninisterii,

130 3888 224 3947 talium
244 3892 342 3967 ubique
364 3892 523 3951 libertorum
547 3905 574 3952 et
595 3895 743 3963 facultates,
760 3904 787 3952 et
807 3897 887 3963 vitas,
899 3898 925 3952 in
980 3894 1235 3964 inoedificationenr
1247 3891 1372 3961 eorporis
1385 3885 1657 3957 Christidtqueboc
1666 3898 1777 3954 eorpus

130 3993 184 4036 non
198 3979 325 4051 pudenda
338 3982 484 4039 admodum
498 3991 524 4039 et
538 3984 654 4040 tenuitas
673 3984 701 4040 in
716 3985 768 4052 his,
786 3993 814 4040 et
827 3984 855 4041 in
875 3985 927 4041 illis
980 3984 1054 4056 quod
1070 3983 1116 4037 tibi
1138 3982 1195 4051 ipse
1219 3979 1318 4034 Paulus
1348 3992 1398 4032 suo
1413 3991 1476 4031 uere
1492 3975 1643 4046 apostolico
1656 3972 1780 4045 figurans

130 4068 295 4126 secularitas
320 4070 465 4127 invenitur.
496 4073 589 4127 listris
610 4073 700 4129 noxiae
724 4073 857 4131 libertatis
870 4090 925 4147 ge·
981 4071 1098 4144 eloquio,
1106 4069 1220 4142 etcopiti
1228 4064 1592 4134 convenientissimesptsus,
1601 4065 1693 4120 totam
1706 4076 1779 4119 eeeo

130 4157 203 4214 mina
226 4160 334 4216 soboles
349 4160 417 4218 heco.
434 4160 533 4230 Quidni
549 4161 778 4233 pecoetlicentius
791 4177 889 4239 rapum
904 4171 930 4220 et
946 4172 969 4251 ῃ
986 4164 1161 4234 compactam
1171 4157 1305 4231 perhibet,
1316 4161 1344 4212 et
1352 4169 1515 4212 connexum
1524 4166 1574 4224 per
1584 4165 1698 4208 omnem
1708 4151 1778 4223 jan-

130 4246 323 4303 rnaleliberum
339 4248 446 4319 vulgus,
461 4263 520 4304 cum
536 4265 589 4305 non
599 4249 633 4306 sit
643 4251 816 4326 quiargust‘?
829 4252 929 4322 Quidni
986 4252 1100 4306 ctorem
1113 4245 1401 4312 subministrationis,
1412 4242 1567 4300 secundnm
1583 4240 1779 4314 operationem

131 4333 255 4392 licentius
274 4350 381 4407 quoqne
410 4336 541 4406 spolietur
563 4353 594 4393 ac
617 4339 789 4410 depraedetur
816 4340 926 4396 inermis
982 4341 1015 4394 in
1030 4336 1429 4407 mensoremaniuseajaspae
1442 4329 1779 4400 membritwtmfflm

128 4421 310 4499 religionum
328 4438 381 4479 nou
396 4423 431 4479 sit
453 4427 500 4495 qni
515 4424 664 4483 defendat?
678 4424 738 4496 Quo
757 4431 829 4484 onim
844 4430 921 4485 relu—
979 4429 1106 4500 corporis
1121 4427 1229 4496 faciem
1241 4426 1271 4481 in
1291 4422 1508 4490 edificationem
1521 4420 1576 4488 sui,
1590 4419 1622 4474 in
1635 4416 1779 4473 claritate

129 4511 205 4586 mem
219 4509 291 4567 illisi
304 4512 441 4584 Numquid
455 4513 928 4587 adepiscoposdolentesinjuriami
982 4515 1095 4589 (tipice.
1107 4528 1147 4582 rr,
1162 4517 1206 4580 ιι,
1221 4515 1264 4577 ιι,
1283 4512 1337 4583 ιι).
1362 4511 1419 4567 Nec
1433 4509 1512 4565 viem
1530 4512 1640 4577 reputes
1662 4505 1778 4561 termam

129 4600 291 4658 eluendam
308 4600 431 4674 proiecto
444 4603 579 4676 aspiciunt
602 4605 697 4675 oculis,
723 4605 781 4663 sire
802 4619 863 4677 quse
882 4604 926 4659 la·
983 4604 1060 4668 banc,
1077 4603 1140 4675 quia
1162 4602 1190 4658 in
1216 4599 1296 4657 terris
1323 4607 1386 4656 est:
1410 4595 1548 4668 exemplar
1570 4596 1679 4652 habete
1692 4592 1776 4648 eoeio.

129 4688 204 4747 ciunt
216 4688 293 4751 lania.
311 4690 368 4747 sive
378 4707 441 4766 quae
455 4695 604 4764 patiuntur.
619 4693 685 4765 Qus
699 4696 809 4750 demum
828 4693 928 4750 utilitas
982 4694 1077 4765 Neque
1090 4691 1163 4747 enim
1177 4690 1263 4747 Filius
1278 4696 1365 4761 potest
1376 4686 1464 4743 lacere
1475 4685 1633 4759 quidquam,
1649 4679 1702 4736 uisi
1713 4697 1779 4754 qum

129 4778 302 4849 insanguine
315 4781 387 4837 isto?
401 4782 505 4839 Vereor
517 4798 554 4840 ne
570 4783 626 4850 illa,
640 4798 723 4855 quam
748 4783 776 4839 in
798 4784 927 4855 propbeta
983 4781 1079 4837 uiderit
1100 4780 1209 4837 Patrem
1232 4778 1377 4835 facientem
1400 4777 1493 4846 (loon.
1508 4790 1537 4841 r,
1556 4772 1610 4845 ts),
1628 4769 1789 4842 praesertim.

129 4869 306 4926 comminatus
326 4879 367 4926 est
386 4871 457 4927 Deus
476 4889 483 4927 ι
501 4873 561 4942 lite,
578 4871 700 4944 inquiens
724 4874 755 4928 in
774 4873 928 4946 iniquitate
982 4871 1082 4927 cumei
1107 4870 1159 4926 sub
1174 4869 1259 4942 Moysi
1281 4866 1393 4924 nomine
1410 4864 1511 4921 dictum
1526 4865 1585 4920 sit:
1605 4858 1667 4918 lide
1681 4861 1780 4916 omnia

129 4972 181 5014 son
198 4961 348 5027 morietur,
363 4961 533 5033 sanpuinem
542 4965 640 5019 autern
653 4961 715 5033 ejus
725 4962 758 5019 de
768 4979 858 5018 rnann
875 4966 928 5020 toa
983 4963 1074 5031 (coms
1083 4953 1473 5029 secundameeemplarpood
1484 4954 1536 5010 titi
1547 4953 1579 5009 in
1593 4953 1781 5007 nontamen·

130 5048 398 5120 repuaramOEaecb.
415 5064 456 5118 ιιι,
476 5050 529 5116 ts).
541 5048 569 5104 Si
587 5047 660 5115 euim
684 5056 712 5105 et
732 5049 869 5107 extollitur
882 5053 927 5123 qui
984 5053 1108 5107 stratam
1123 5053 1164 5105 est
1178 5045 1278 5119 (linod.
1294 5061 1359 5113 ιιι,
1376 5045 1433 5116 ιιι).

131 5135 309 5205 subtrabitur,
328 5149 360 5194 et
374 5137 422 5212 qui
437 5139 607 5196 subtrabitur
623 5138 709 5197 uritur
723 5140 786 5214 [ai.,
800 5158 925 5199 murmu·
1021 5144 1062 5196 ιιι.
1079 5137 1189 5195 Viderat
1203 5137 1255 5192 boc
1266 5135 1313 5209 qui
1324 5135 1429 5192 dicebat
1444 5147 1453 5187 ι
1473 5130 1532 5190 Vidi
1549 5130 1697 5185 ciuitatem
1710 5140 1780 5182 san·

129 5223 194 5298 ratl;
210 5225 256 5298 qui
271 5227 419 5294 subtrabit,
437 5229 574 5309 quomodo
589 5229 736 5288 innocens?
750 5232 846 5288 Parum
860 5240 903 5289 est
921 5250 928 5287 ι

136 5311 297 5373 invdlsimus
311 5315 404 5392 ignem
420 5335 427 5373 ι
443 5314 503 5374 audi
520 5320 649 5390 apertius.
669 5320 697 5377 Si
712 5320 735 5376 is
749 5321 796 5392 qui
810 5336 929 5377 murmu-

166 5416 229 5547 ff)
240 5418 327 5492 Abas,
338 5422 388 5492 qai
401 5428 516 5480 cettan
540 5441 602 5484 oues
614 5426 724 5484 boiens.
742 5429 776 5482 dt
789 5427 926 5499 parabola,

128 5486 153 5549 li
207 5504 283 5561 eum,
292 5506 340 5560 ιιι,
353 5493 442 5559 babel,
456 5497 597 5566 planans
610 5512 682 5553 oon.
697 5498 818 5556 tantm
830 5513 846 5553 ι
860 5512 928 5568 quo·

982 5233 1071 5294 ctam,
1087 5226 1243 5286 sennenn
1259 5241 1371 5290 nouam,
1383 5219 1597 5280 descendentem
1616 5216 1650 5272 de
1668 5215 1780 5280 calm

983 5321 1038 5376 ileo
1049 5321 1184 5391 paratam
1192 5317 1289 5390 (tpoe.
1298 5330 1359 5381 ιιι,
1369 5312 1406 5384 ι).
1421 5310 1477 5384 Epo
1485 5310 1559 5365 enim
1567 5313 1681 5381 propter
1687 5300 1782 5359 simili·

983 5425 1045 5483 dam
1065 5424 1190 5496 imperito
1218 5423 1351 5479 invectum
1377 5429 1403 5476 et
1430 5415 1562 5489 parabola
1580 5409 1720 5487 Evangelii
1748 5408 1782 5465 de

984 5504 1092 5555 centon
1101 5492 1371 5567 aritmbuoaxr.
1393 5522 1395 5526 >
1491 5565 1494 5569 ,
